2182 3682
204 170 308 218 208
608 179 722 207 PARS
756 179 785 208 1.
836 178 1160 207 PHILOSOPHIA
1194 177 1397 207 MORALIS
1432 178 1710 208 GENERALIS.

202 326 348 378 249.
431 315 698 363 Confirm.
743 330 774 377 4
814 333 884 365 ex
923 315 1241 365 auctoritate
1275 314 1583 365 Aristotelis
1610 323 1663 365 et
1690 314 2108 381 iurisperitorum

199 414 554 459 romanorum,
599 397 666 447 ad
704 414 840 464 quos
869 395 921 448 S.
953 397 1195 447 Thomas
1224 396 1419 447 diserte
1448 405 1723 463 provocat.
1784 395 2107 446 Aristoteles

199 478 271 541 (V
314 478 434 529 Eth.
483 479 533 544 7)
576 479 853 544 distinguit
893 478 1096 545 duplex
1136 480 1216 528 ius
1255 478 1560 545 politicum,
1618 479 1647 529 i.
1693 496 1736 528 e.
1791 479 1844 528 in
1895 478 2106 528 civitate

197 562 410 627 vigens:
453 561 595 611 aliud
635 570 715 612 est
751 562 947 611 iustum
987 560 1264 627 politicum
1306 560 1544 611 naturale
1585 560 1806 625 (δίκαιον
1847 561 2106 612 πολιτικὸν

199 644 460 714 φυσικόν),
518 643 659 693 aliud
706 644 901 693 iustum
942 643 1219 709 politicum
1259 642 1432 709 legale
1474 643 1691 708 (δίκαιον
1733 643 1988 694 πολιτικὸν
2032 663 2109 694 νο-

195 726 381 796 μικόν).
462 726 765 791 Utrumque
804 726 856 774 in
898 726 1109 776 civitate
1151 726 1391 792 agnitum
1444 734 1498 775 et
1549 724 1668 791 lege
1719 726 1953 792 positum
2010 732 2105 786 est,

198 809 294 858 sed
334 809 529 858 iustum
571 807 743 873 legale
782 806 956 857 solum
986 808 1147 874 viget,
1191 808 1315 874 quia
1354 807 1473 874 lege
1503 808 1736 874 positum
1776 815 1871 870 est,
1914 807 2105 856 iustum

197 908 325 941 vero
366 889 603 940 naturale
643 890 746 939 iam
788 898 974 940 natura
1015 906 1109 940 sua
1149 891 1345 940 iustum
1386 898 1481 940 est.
1538 890 1607 939 Et
1647 888 1752 940 hoc
1792 890 1990 939 iustum
2027 895 2109 939 est

198 975 278 1023 ius
318 972 574 1038 gentium.

274 1055 482 1105 Eadem
535 1055 778 1104 doctrina
828 1055 972 1121 apud
1025 1054 1351 1121 iurisperitos
1403 1071 1655 1104 romanos
1707 1054 1941 1104 recurrit.
2030 1053 2110 1103 Ita

199 1156 246 1188 v.
291 1154 339 1202 g.
390 1136 561 1187 Gaius
603 1137 787 1201 (Instit.
832 1137 880 1199 I,
932 1136 960 1203 ξ
1010 1138 1072 1202 1).
1161 1136 1397 1188 «Omnes
1438 1136 1687 1203 populi»,
1743 1137 1939 1202 inquit,
1986 1178 1994 1187 .
2042 1178 2050 1186 .
2098 1177 2107 1186 .

206 1220 430 1287 «partim
470 1237 567 1269 suo
609 1220 842 1286 proprio,
886 1220 1079 1286 partim
1121 1220 1392 1270 communi
1427 1219 1667 1269 omnium
1694 1218 1972 1269 hominum
1999 1219 2109 1268 iure

201 1311 444 1364 utuntur;
501 1319 622 1351 nam
677 1303 822 1368 quod
866 1303 1091 1368 quisque
1132 1301 1366 1368 populus
1406 1303 1520 1368 ipse
1560 1302 1659 1351 sibi
1699 1302 1777 1351 ius
1818 1301 2106 1361 constituit,

201 1385 256 1435 id
306 1386 470 1451 ipsius
522 1384 795 1450 proprium
836 1393 915 1434 θεῖ
955 1392 1283 1450 vocaturque
1325 1385 1407 1434 ins
1447 1384 1606 1434 civile
1646 1384 1859 1449 (δίκαιον
1903 1382 2110 1453 νομικόν

203 1466 528 1531 Aristotelis)
590 1466 738 1533 quasi
798 1467 1073 1533 proprium
1129 1467 1380 1529 civitatis3
1445 1467 1593 1533 quod
1648 1483 1778 1516 vero
1835 1465 2112 1516 naturalis

204 1550 345 1600 ratio
387 1549 529 1599 inter
568 1566 747 1599 omues
786 1548 1030 1599 homines
1069 1549 1354 1610 constitnit,
1395 1548 1448 1599 id
1491 1549 1634 1615 apud
1664 1565 1851 1598 omnes
1879 1546 2110 1615 populos

203 1649 471 1699 peraeque
519 1632 816 1682 custoditur
855 1640 1184 1699 vocaturque
1225 1632 1307 1682 ius
1339 1632 1611 1697 gentium,
1663 1631 1812 1698 quasi
1852 1648 1961 1697 quo
2002 1631 2110 1680 iure

204 1732 390 1766 omnes
431 1722 661 1765 utuntur.
731 1714 967 1780 Populus
1006 1715 1184 1780 itaque
1226 1731 1476 1764 romanus
1516 1714 1707 1780 partim
1746 1731 1844 1764 suo
1872 1713 2106 1780 propri0‚

203 1798 394 1864 partim
446 1797 718 1847 communi
770 1797 1007 1846 omnium
1059 1797 1335 1847 hominum
1387 1797 1494 1846 iure
1535 1796 1747 1846 utitur».
1830 1794 2107 1846 Consentit

209 1878 392 1930 Cifero
435 1879 540 1944 (De
582 1878 721 1929 offic.
766 1878 795 1930 l.
842 1892 889 1943 3,
935 1896 977 1930 c.
1030 1880 1129 1944 17).

574 2039 602 2094 ξ
637 2052 675 2082 2.
726 2041 806 2080 DE
840 2041 1144 2081 DIVISIONE
1178 2041 1329 2081 IURIS
1363 2041 1742 2081 DOMINATIVI.

362 2136 621 2192 (Laymann,
654 2138 804 2177 Theol.
840 2151 943 2178 mor.
979 2139 1004 2177 l.
1043 2149 1079 2189 3,
1115 2146 1232 2178 tract.
1274 2149 1307 2187 1,
1344 2152 1377 2178 c.
1415 2147 1463 2189 5;
1498 2137 1738 2189 Moralphil.
1773 2138 1792 2176 Ι
1827 2134 1949 2189 549.)

207 2254 354 2308 250.
434 2244 537 2305 IuS‚
582 2245 622 2294 si
665 2244 921 2311 accipitur
960 2262 1058 2311 pro
1102 2243 1351 2294 facultate
1393 2242 1593 2304 morali,
1637 2243 1911 2293 dividitur:

278 2333 315 2384 Ι.
369 2334 421 2383 in
472 2333 576 2397 ius
589 2334 891 2399 pelsectzml
933 2340 987 2383 et
1027 2333 1427 2399 z'mpel‘feclmn,
1480 2340 1640 2399 prout
1688 2340 1769 2382 est
1809 2332 2108 2382 coactivum

202 2415 286 2466 vel
328 2433 461 2479 non;

209 2560 355 2615 251.
413 2550 498 2600 ‘IL
542 2550 593 2599 in
622 2550 703 2599 ius
738 2549 1076 2614 (dominium)
1120 2547 1513 2599 iurisdictionis
1553 2556 1606 2598 et
1645 2549 1723 2598 ius
1751 2546 2117 2614 proprietatis

203 2650 360 2683 sensu
420 2631 527 2681 lato
589 2632 835 2696 (iustitiae
895 2631 1347 2694 commutativae).
1443 2631 1529 2679 Ius
1584 2628 1976 2680 iurisdictionis
2031 2638 2111 2679 θεῖ

205 2716 284 2765 ius
324 2713 455 2764 alios
494 2713 890 2780 praecipiend0‚
934 2713 1167 2763 vetando
1210 2721 1309 2763 etc.
1355 2712 1632 2778 dirigendi,
1686 2713 1796 2762 sive
1834 2712 1886 2761 in
1927 2728 2111 2761 eorum

205 2797 406 2847 bonum
460 2796 734 2862 proprium
786 2795 896 2844 sive
946 2795 997 2844 in
1050 2795 1254 2845 bonum
1308 2810 1608 2845 commune.
1691 2794 1776 2844 Ius
1815 2811 1943 2844 vero
1983 2801 2112 2863 pfo-

196 2878 456 2945 prz'etatis
505 2894 664 2927 sensu
718 2875 825 2926 lato
879 2883 960 2927 est
1011 2877 1091 2926 ius
1141 2876 1339 2943 aliquid
1392 2876 1589 2942 agendi
1628 2874 1711 2926 vel
1768 2875 2020 2942 exigendi
2058 2875 2110 2925 in

207 2977 357 3010 suam
399 2959 669 3026 propriam
709 2958 1005 3008 utilitatem.

213 3109 358 3163 252.
437 3099 526 3149 III.
569 3099 656 3149 Ius
696 3098 1033 3165 proprietatis
1073 3097 1181 3148 lato
1223 3115 1379 3148 sensu
1421 3098 1696 3148 dividitur:

292 3202 331 3237 Ι.
391 3189 593 3238 ratione
649 3187 836 3237 obiecti
888 3188 937 3252 a)
992 3187 1067 3257 in?
1100 3187 1203 3248 ius,
1263 3187 1410 3253 quod
1465 3195 1675 3253 spectat
1730 3186 1810 3246 ad
1840 3194 2113 3252 person&

213 3270 278 3333 (V.
316 3286 365 3335 g.
409 3270 487 3319 ius
525 3268 913 3319 matrimoniale
953 3276 1199 3318 mutuum
1238 3269 1373 3318 inter
1412 3269 1705 3333 coniuges),
1749 3276 1802 3317 et
1828 3268 1922 3333 ius,
1966 3267 2113 3333 quod

213 3359 421 3416 spectat
461 3351 541 3401 ad
585 3351 719 3401 bona
759 3349 843 3401 vel
895 3368 1002 3412 res,
1058 3368 1195 3416 quae
1247 3351 1552 3400 immediate
1603 3350 1839 3400 valorem
1890 3349 2116 3415 pecunia
