2182 3682
222 183 321 233 134
623 178 736 207 PARS
771 179 800 207 Ι.
852 177 1167 207 PHILOSOPHIA
1201 177 1403 206 MORALIS
1438 177 1719 207 GENERALIS.

912 315 962 362 T
967 315 1182 362 HESIS
1218 315 1422 362 XXIII.

223 429 362 482 157.
444 428 638 475 Homo
675 441 778 488 per
813 441 1008 474 veram
1046 426 1232 487 legem
1270 425 1587 473 naturalem
1613 425 1911 487 participat
1934 427 2119 488 legem

213 508 520 549 aeternam.

288 613 454 660 Prob.
507 627 547 660 1.
622 612 712 677 Ex
754 600 1243 678 divinarsapientia
1315 609 1607 677 Supposita
1647 611 1915 662 creatione
1956 611 2121 673 Deus,

211 694 413 744 infinite
467 703 682 744 sanctus
737 703 789 744 et
845 694 1083 760 sapienS,
1143 692 1308 742 debet
1351 680 1705 754 necessario
1745 694 1883 744 sicut
1935 692 2123 744 omnes

213 784 479 827 creaturas
519 777 828 842 generatim,
872 777 943 826 ita
986 775 1265 842 speciatim
1305 784 1580 829 creaturas
1600 775 1897 847 rationales
1938 793 2121 826 secun-

214 859 341 908 dum
393 859 569 925 legem
621 869 892 909 aeternam
943 859 994 908 in
1047 858 1207 908 finem
1261 848 1503 907 ultimum
1551 858 1797 924 (gloriam
1829 844 2131 931 ᾹΙῖεὲῖἷῖὶῖἴίῖ-

213 941 408 992 caciter
448 943 707 992 ordinare.
786 941 958 1007 42‘qm
995 941 1257 990 eiusmodi
1298 957 1436 990 com
1439 941 1620 1007 eniens
1661 948 1714 991 et
1754 940 1947 1020 efficax
1989 941 2124 991 ordi-

213 1025 356 1074 natio
397 1024 625 1074 hominis
666 1024 775 1074 fieri
827 1024 1012 1098 neguit
1064 1024 1160 1073 nisi
1207 1040 1302 1090 per
1353 1010 1531 1089 legem
1578 1022 1888 1074 naturalem
1896 1016 1915 1019 ‘⁷
1969 1024 2124 1090 Ergo

214 1107 420 1156 exsistit
460 1107 511 1156 in
552 1106 770 1157 homine
810 1107 899 1157 lex
940 1105 1205 1157 naturalis.

287 1199 445 1249 Proh.
500 1199 625 1249 min.
705 1199 857 1249 Haec
911 1199 1175 1249 ordinatio
1228 1198 1338 1248 fieri
1389 1199 1573 1264 nequit
1624 1199 1721 1259 nisi
1768 1199 1901 1264 lege.
1981 1199 2122 1249 Nam

213 1280 355 1331 aliud
402 1281 672 1332 vinculum
725 1282 924 1332 ordinis
976 1298 1139 1347 quam
1190 1281 1279 1330 lex
1331 1281 1531 1330 homini
1582 1270 1826 1330 libertate
1879 1281 2121 1348 praedito

214 1381 509 1430 congruere
562 1382 669 1414 non
721 1372 915 1431 potest.
998 1364 1276 1413 Praeterea
1327 1363 1459 1413 haec
1512 1363 1601 1413 lex
1641 1363 1891 1430 primario
1933 1371 1986 1415 et
2025 1365 2122 1430 pri-

213 1446 369 1496 mitus
411 1448 575 1497 debet
616 1464 730 1497 esse
770 1446 1062 1507 naturalis,
1103 1447 1131 1496 i.
1177 1463 1220 1496 e.
1266 1463 1360 1512 per
1400 1446 1625 1503 modum
1665 1453 1884 1496 naturae
1925 1445 2031 1497 lata
2071 1456 2123 1497 et

212 1529 415 1579 homini
454 1529 760 1579 naturaliter
800 1531 1154 1579 innotescens.
1224 1529 1283 1578 Id
1314 1530 1454 1578 enim
1483 1530 1732 1595 exigunt:
1778 1529 1828 1593 a)
1856 1529 2122 1596 analogia

212 1613 452 1662 omnium
503 1612 723 1663 aliarum
776 1630 948 1662 rerum
1002 1623 1322 1673 creatarum,
1377 1629 1513 1678 quae
1566 1628 1754 1661 omnes
1795 1629 1825 1661 a
1865 1611 1986 1662 Deo
2026 1629 2123 1679 per

211 1695 382 1761 ipsam
442 1704 686 1745 naturam
745 1696 796 1745 in
856 1695 1017 1745 finem
1078 1695 1403 1744 ordinantur.
1509 1694 1741 1744 «Natura
1800 1695 1941 1744 enim
1995 1694 2121 1744 nihil

212 1785 293 1827 est
331 1777 471 1828 aliud
513 1795 674 1844 quam
711 1778 843 1827 ratio
873 1778 1149 1827 cuiusdam
1178 1778 1317 1838 artis,
1360 1776 1450 1827 scl.
1484 1777 1708 1838 divinae,
1750 1777 1918 1827 indita
1946 1777 2120 1839 rebuS,

211 1876 317 1925 qua
375 1861 520 1926 ipsae
580 1877 661 1910 res
722 1871 1004 1910 moventur
1058 1860 1127 1909 ad
1184 1859 1344 1909 finem
1393 1860 1834 1910 determinatum»
1882 1860 1952 1924 (n.
1998 1860 2119 1925 70),

211 1942 267 2007 b)
291 1942 432 2009 finis
470 1942 617 2009 legiS‚
663 1943 751 2009 qui
791 1951 936 1992 totus
975 1942 1227 1992 naturalis
1266 1952 1346 1992 est
1374 1942 1608 2009 ideoque
1637 1943 1853 2009 requirit
1880 1942 2122 1992 eiusdem

213 2025 411 2074 ordinis
453 2026 644 2087 media,
690 2026 882 2092 quibus
922 2025 1227 2091 attingatur.

289 2124 454 2170 Prob.
494 2138 535 2170 2.
614 2122 699 2172 Ex
750 2123 955 2172 interna
1006 2122 1236 2172 hominis
1288 2123 1631 2189 experientia.
1714 2122 1835 2172 Lex
1875 2121 2124 2172 naturalis

213 2214 293 2254 est
344 2204 522 2255 lumen
573 2204 875 2256 intellectus
926 2204 1232 2255 naturaliter
1283 2205 1498 2254 insitum
1538 2205 1721 2266 nobis,
1777 2222 1885 2270 quo
1927 2221 2123 2271 cogno—

212 2287 409 2337 scimus
450 2305 549 2337 nos
590 2305 620 2338 a
649 2288 769 2338 Deo
811 2288 879 2337 ad
921 2288 1126 2337 bonum
1170 2287 1472 2337 faciendum
1513 2297 1567 2337 et
1606 2286 1806 2337 malum
1845 2287 2123 2337 vitandum

213 2369 483 2436 adstringi.
566 2370 736 2436 Atqui
779 2380 915 2420 teste
968 2371 1295 2437 experientia
1347 2370 1453 2420 tale
1506 2369 1686 2420 lumen
1737 2370 1789 2420 in
1830 2370 1985 2420 nobis
2025 2378 2119 2420 est.

212 2451 366 2517 Ergo
407 2460 544 2502 teste
585 2454 913 2519 experientia
952 2453 1001 2502 in
1045 2453 1200 2503 nobis
1241 2461 1321 2502 est
1362 2452 1450 2502 lex
1490 2451 1754 2502 naturalis.

286 2540 446 2591 Proh.
490 2543 612 2592 min.
695 2542 1039 2609 Experientia
1090 2550 1226 2592 teste
1277 2560 1399 2592 cum
1451 2542 1641 2592 eadem
1693 2542 1974 2608 evidentia,
2019 2559 2123 2608 qua

213 2623 468 2674 nonnulla
509 2625 808 2675 necessario
850 2625 1144 2674 iudicamus
1184 2624 1452 2674 moraliter
1479 2625 1638 2686 bona,
1684 2623 1783 2674 alia
1809 2641 1936 2674 vero
1965 2623 2120 2686 mala,

212 2706 581 2756 invincibiliter
633 2707 1087 2773 apprehendimus
1139 2708 1375 2757 actiones
1431 2706 1597 2756 malas
1649 2724 1836 2757 omnes
1887 2724 1953 2756 eo
2003 2707 2120 2773 ipso

213 2805 330 2838 esse
370 2788 598 2839 illicitas
639 2790 992 2855 (prohibitas),
1036 2807 1103 2839 ex
1142 2789 1291 2839 banis
1330 2807 1458 2839 vero
1499 2789 1788 2839 nonnullas
1817 2790 1885 2840 ad
1911 2789 2122 2855 integri-

212 2877 379 2920 tatem
427 2872 555 2921 recti
596 2872 793 2921 ordinis
834 2889 949 2922 esse
990 2873 1313 2922 necessarias
1353 2882 1406 2922 et
1447 2872 1569 2921 ideo
1600 2880 1954 2937 praeceptas;
2009 2888 2122 2922 sen-

214 2953 373 3002 timus
426 2970 554 3019 ergo
606 2971 706 3003 nos
753 2955 820 3004 de
862 2953 1003 3003 facto
1046 2971 1139 3020 per
1179 2955 1348 3020 ipsam
1390 2963 1630 3004 naturam
1671 2953 1992 3020 imperative
2030 2954 2115 3021 aql-

213 3034 416 3100 sz‘rz'ngz'
441 3036 521 3085 ad
542 3036 674 3086 illas
702 3036 1034 3098 mnitlendas,
1067 3037 1169 3087 llas
1197 3055 1325 3087 vero
1342 3037 1636 3105 ponendas
1700 3034 1880 3101 Quam
1902 3036 2122 3086 auctori-

214 3126 379 3167 tatem
407 3119 449 3168 si
481 3120 765 3185 sequimur,
810 3120 967 3169 animi
994 3137 1202 3185 pacem,
1244 3120 1286 3169 si
1316 3120 1719 3180 contemnimus,
1764 3119 2120 3169 conscientiae

214 3199 459 3250 stimulos
499 3201 813 3267 experimur.
871 3201 1028 3251 Hanc
1062 3201 1436 3252 auctoritatem
1477 3218 1592 3250 esse
1632 3201 1808 3267 ipsum
1847 3209 2120 3251 auctorem

215 3290 434 3331 naturae
475 3283 806 3333 demonstrat
847 3284 1057 3344 modus,
1102 3300 1210 3349 quo
1252 3284 1303 3332 in
1345 3283 1755 3349 uniuscuiusque
1795 3282 2121 3333 conscientia

217 3362 492 3429 obligandi
551 3365 836 3415 auctoritas
893 3382 1010 3414 sese
1069 3366 1262 3431 prodit.
1356 3364 1495 3414 Nam
1555 3365 1714 3414 etiam
1769 3365 1962 3414 invitos
2020 3381 2119 3413 nos
