<?xml version="1.0" encoding="UTF-8"?>
<!DOCTYPE html PUBLIC "-//W3C//DTD XHTML 1.0 Transitional//EN"
    "http://www.w3.org/TR/xhtml1/DTD/xhtml1-transitional.dtd">
<html xmlns="http://www.w3.org/1999/xhtml" xml:lang="en" lang="en">
 <head>
  <title>
</title>
<meta http-equiv="Content-Type" content="text/html;charset=utf-8" />
  <meta name='ocr-system' content='tesseract 3.04.00' />
  <meta name='ocr-capabilities' content='ocr_page ocr_carea ocr_par ocr_line ocrx_word'/>
</head>
<body>
  <div class='ocr_page' id='page_1' title='image "./philosophiamoral00cath_0048.png"; bbox 0 0 2182 3682; ppageno 0'>
   <div class='ocr_carea' id='block_1_1' title="bbox 172 159 1670 211">
    <p class='ocr_par' dir='ltr' id='par_1_1' title="bbox 172 159 1670 211">
     <span class='ocr_line' id='line_1_1' title="bbox 172 159 1670 211; baseline 0.004 -25"><span class='ocrx_word' id='word_1_1' title='bbox 172 163 241 211; x_wconf 76' lang='lat'>24</span> <span class='ocrx_word' id='word_1_2' title='bbox 574 159 690 189; x_wconf 90' lang='lat' dir='ltr'><strong>PARS</strong></span> <span class='ocrx_word' id='word_1_3' title='bbox 723 159 753 189; x_wconf 88' lang='grc' dir='ltr'>Ι.</span> <span class='ocrx_word' id='word_1_4' title='bbox 806 160 1119 190; x_wconf 90' lang='lat' dir='ltr'>PHILOSOPHIA</span> <span class='ocrx_word' id='word_1_5' title='bbox 1155 161 1356 190; x_wconf 88' lang='lat' dir='ltr'>MORALIS</span> <span class='ocrx_word' id='word_1_6' title='bbox 1392 162 1670 192; x_wconf 90' lang='lat' dir='ltr'>GENERALIS.</span> 
     </span>
    </p>
   </div>
   <div class='ocr_carea' id='block_1_2' title="bbox 165 297 2083 654">
    <p class='ocr_par' dir='ltr' id='par_1_2' title="bbox 165 297 2083 654">
     <span class='ocr_line' id='line_1_2' title="bbox 166 297 2083 362; baseline 0.002 -19"><span class='ocrx_word' id='word_1_7' title='bbox 166 297 354 343; x_wconf 89' lang='lat' dir='ltr'>bonum</span> <span class='ocrx_word' id='word_1_8' title='bbox 402 305 606 357; x_wconf 88' lang='lat' dir='ltr'>propter</span> <span class='ocrx_word' id='word_1_9' title='bbox 653 312 704 344; x_wconf 90' lang='lat' dir='ltr'>se</span> <span class='ocrx_word' id='word_1_10' title='bbox 751 306 967 344; x_wconf 91' lang='lat' dir='ltr'>amatum</span> <span class='ocrx_word' id='word_1_11' title='bbox 1014 297 1393 359; x_wconf 89' lang='lat' dir='ltr'>assequendum.</span> <span class='ocrx_word' id='word_1_12' title='bbox 1466 300 1603 346; x_wconf 88' lang='lat' dir='ltr'>Deus</span> <span class='ocrx_word' id='word_1_13' title='bbox 1651 308 1814 347; x_wconf 86' lang='lat' dir='ltr'>autem</span> <span class='ocrx_word' id='word_1_14' title='bbox 1865 299 2083 362; x_wconf 87' lang='lat' dir='ltr'>diligitur</span> 
     </span>
     <span class='ocr_line' id='line_1_3' title="bbox 166 372 2081 436; baseline 0.003 -20"><span class='ocrx_word' id='word_1_15' title='bbox 166 379 370 432; x_wconf 91' lang='lat' dir='ltr'>propter</span> <span class='ocrx_word' id='word_1_16' title='bbox 405 386 542 417; x_wconf 85' lang='lat' dir='ltr'>suam</span> <span class='ocrx_word' id='word_1_17' title='bbox 578 372 833 433; x_wconf 79' lang='lat' dir='ltr'>propriam</span> <span class='ocrx_word' id='word_1_18' title='bbox 868 372 1157 430; x_wconf 81' lang='lat' dir='ltr'>bonitatem,</span> <span class='ocrx_word' id='word_1_19' title='bbox 1198 380 1438 432; x_wconf 90' lang='lat' dir='ltr'>quatenus</span> <span class='ocrx_word' id='word_1_20' title='bbox 1476 382 1549 420; x_wconf 90' lang='lat' dir='ltr'>est</span> <span class='ocrx_word' id='word_1_21' title='bbox 1584 389 1828 421; x_wconf 88' lang='lat' dir='ltr'>summum</span> <span class='ocrx_word' id='word_1_22' title='bbox 1864 375 2081 436; x_wconf 66' lang='lat' dir='ltr'>bonumg</span> 
     </span>
     <span class='ocr_line' id='line_1_4' title="bbox 167 445 2078 510; baseline 0.002 -18"><span class='ocrx_word' id='word_1_23' title='bbox 167 453 214 492; x_wconf 88' lang='lat' dir='ltr'>et</span> <span class='ocrx_word' id='word_1_24' title='bbox 249 445 346 492; x_wconf 92' lang='lat' dir='ltr'>hoc</span> <span class='ocrx_word' id='word_1_25' title='bbox 370 446 500 493; x_wconf 87' lang='lat' dir='ltr'>valet</span> <span class='ocrx_word' id='word_1_26' title='bbox 534 462 637 493; x_wconf 88' lang='lat' dir='ltr'>non</span> <span class='ocrx_word' id='word_1_27' title='bbox 674 448 830 493; x_wconf 88' lang='lat' dir='ltr'>solum</span> <span class='ocrx_word' id='word_1_28' title='bbox 867 447 931 493; x_wconf 90' lang='lat' dir='ltr'>de</span> <span class='ocrx_word' id='word_1_29' title='bbox 957 462 1126 505; x_wconf 88' lang='lat' dir='ltr'>amore</span> <span class='ocrx_word' id='word_1_30' title='bbox 1152 447 1548 506; x_wconf 81' lang='lat' dir='ltr'>benevolentiae,</span> <span class='ocrx_word' id='word_1_31' title='bbox 1588 464 1688 510; x_wconf 91' lang='lat' dir='ltr'>quo</span> <span class='ocrx_word' id='word_1_32' title='bbox 1714 450 1849 496; x_wconf 89' lang='lat' dir='ltr'>Deus</span> <span class='ocrx_word' id='word_1_33' title='bbox 1874 458 2078 509; x_wconf 88' lang='lat' dir='ltr'>amatur,</span> 
     </span>
     <span class='ocr_line' id='line_1_5' title="bbox 165 520 2078 586; baseline 0.003 -20"><span class='ocrx_word' id='word_1_34' title='bbox 165 528 217 566; x_wconf 91' lang='lat' dir='ltr'>ut</span> <span class='ocrx_word' id='word_1_35' title='bbox 263 528 335 566; x_wconf 92' lang='lat' dir='ltr'>est</span> <span class='ocrx_word' id='word_1_36' title='bbox 382 520 432 566; x_wconf 90' lang='lat' dir='ltr'>in</span> <span class='ocrx_word' id='word_1_37' title='bbox 473 535 524 567; x_wconf 93' lang='lat' dir='ltr'>se</span> <span class='ocrx_word' id='word_1_38' title='bbox 562 529 610 568; x_wconf 90' lang='lat' dir='ltr'>et</span> <span class='ocrx_word' id='word_1_39' title='bbox 646 521 738 567; x_wconf 89' lang='lat' dir='ltr'>sibi</span> <span class='ocrx_word' id='word_1_40' title='bbox 774 522 960 578; x_wconf 87' lang='lat' dir='ltr'>bonus,</span> <span class='ocrx_word' id='word_1_41' title='bbox 1011 521 1097 568; x_wconf 89' lang='lat' dir='ltr'>sed</span> <span class='ocrx_word' id='word_1_42' title='bbox 1135 520 1283 568; x_wconf 88' lang='lat' dir='ltr'>etiam</span> <span class='ocrx_word' id='word_1_43' title='bbox 1320 522 1383 569; x_wconf 93' lang='lat' dir='ltr'>de</span> <span class='ocrx_word' id='word_1_44' title='bbox 1421 537 1589 570; x_wconf 91' lang='lat' dir='ltr'>amore</span> <span class='ocrx_word' id='word_1_45' title='bbox 1627 523 2078 586; x_wconf 82' lang='lat' dir='ltr'>concupiscentiae,</span> 
     </span>
     <span class='ocr_line' id='line_1_6' title="bbox 168 595 1308 654; baseline 0.002 -14"><span class='ocrx_word' id='word_1_46' title='bbox 168 609 266 654; x_wconf 89' lang='lat' dir='ltr'>quo</span> <span class='ocrx_word' id='word_1_47' title='bbox 305 595 440 642; x_wconf 89' lang='lat' dir='ltr'>Deus</span> <span class='ocrx_word' id='word_1_48' title='bbox 477 604 680 654; x_wconf 85' lang='lat' dir='ltr'>amatur,</span> <span class='ocrx_word' id='word_1_49' title='bbox 719 603 770 641; x_wconf 91' lang='lat' dir='ltr'>ut</span> <span class='ocrx_word' id='word_1_50' title='bbox 806 604 879 642; x_wconf 93' lang='lat' dir='ltr'>est</span> <span class='ocrx_word' id='word_1_51' title='bbox 914 596 1098 642; x_wconf 90' lang='lat' dir='ltr'>amanti</span> <span class='ocrx_word' id='word_1_52' title='bbox 1135 597 1308 643; x_wconf 91' lang='lat' dir='ltr'>bonus.</span> 
     </span>
    </p>
   </div>
   <div class='ocr_carea' id='block_1_3' title="bbox 165 690 2082 902">
    <p class='ocr_par' dir='ltr' id='par_1_3' title="bbox 165 690 2082 902">
     <span class='ocr_line' id='line_1_7' title="bbox 243 690 2081 757; baseline 0.003 -21"><span class='ocrx_word' id='word_1_53' title='bbox 243 699 360 737; x_wconf 82' lang='lat' dir='ltr'>Inst.</span> <span class='ocrx_word' id='word_1_54' title='bbox 444 690 542 750; x_wconf 84' lang='lat' dir='ltr'>Qui</span> <span class='ocrx_word' id='word_1_55' title='bbox 590 691 777 752; x_wconf 86' lang='lat' dir='ltr'>aliquid</span> <span class='ocrx_word' id='word_1_56' title='bbox 824 700 955 738; x_wconf 89' lang='lat' dir='ltr'>amat</span> <span class='ocrx_word' id='word_1_57' title='bbox 1002 700 1053 739; x_wconf 90' lang='lat' dir='ltr'>ut</span> <span class='ocrx_word' id='word_1_58' title='bbox 1100 691 1192 739; x_wconf 90' lang='lat' dir='ltr'>sibi</span> <span class='ocrx_word' id='word_1_59' title='bbox 1239 691 1453 750; x_wconf 85' lang='lat' dir='ltr'>bonum,</span> <span class='ocrx_word' id='word_1_60' title='bbox 1504 707 1554 740; x_wconf 91' lang='lat' dir='ltr'>se</span> <span class='ocrx_word' id='word_1_61' title='bbox 1605 693 1763 755; x_wconf 88' lang='lat' dir='ltr'>ipsum</span> <span class='ocrx_word' id='word_1_62' title='bbox 1801 695 1953 742; x_wconf 86' lang='lat' dir='ltr'>habet</span> <span class='ocrx_word' id='word_1_63' title='bbox 1988 710 2081 757; x_wconf 93' lang='lat' dir='ltr'>pro</span> 
     </span>
     <span class='ocr_line' id='line_1_8' title="bbox 165 764 2082 831; baseline 0.003 -20"><span class='ocrx_word' id='word_1_64' title='bbox 165 766 263 812; x_wconf 89' lang='lat' dir='ltr'>fine</span> <span class='ocrx_word' id='word_1_65' title='bbox 301 764 379 811; x_wconf 88' lang='lat' dir='ltr'>cui</span> <span class='ocrx_word' id='word_1_66' title='bbox 414 764 540 812; x_wconf 89' lang='lat' dir='ltr'>illius</span> <span class='ocrx_word' id='word_1_67' title='bbox 575 766 694 812; x_wconf 93' lang='lat' dir='ltr'>boni</span> <span class='ocrx_word' id='word_1_68' title='bbox 732 775 779 813; x_wconf 91' lang='lat' dir='ltr'>et</span> <span class='ocrx_word' id='word_1_69' title='bbox 816 781 865 813; x_wconf 93' lang='lat' dir='ltr'>se</span> <span class='ocrx_word' id='word_1_70' title='bbox 898 766 967 812; x_wconf 89' lang='lat' dir='ltr'>illi</span> <span class='ocrx_word' id='word_1_71' title='bbox 991 767 1221 828; x_wconf 89' lang='lat' dir='ltr'>praefert.</span> <span class='ocrx_word' id='word_1_72' title='bbox 1275 767 1429 828; x_wconf 70' lang='lat' dir='ltr'><em>Atqui</em></span> <span class='ocrx_word' id='word_1_73' title='bbox 1450 782 1619 815; x_wconf 89' lang='lat' dir='ltr'>amore</span> <span class='ocrx_word' id='word_1_74' title='bbox 1646 769 2082 831; x_wconf 84' lang='lat' dir='ltr'>concupiscentiae</span> 
     </span>
     <span class='ocr_line' id='line_1_9' title="bbox 166 841 1515 902; baseline 0.002 -16"><span class='ocrx_word' id='word_1_75' title='bbox 166 841 330 888; x_wconf 89' lang='lat' dir='ltr'>Deum</span> <span class='ocrx_word' id='word_1_76' title='bbox 367 856 601 898; x_wconf 79' lang='lat' dir='ltr'>amamus,</span> <span class='ocrx_word' id='word_1_77' title='bbox 639 850 691 888; x_wconf 90' lang='lat' dir='ltr'>ut</span> <span class='ocrx_word' id='word_1_78' title='bbox 726 850 798 889; x_wconf 89' lang='lat' dir='ltr'>est</span> <span class='ocrx_word' id='word_1_79' title='bbox 834 842 980 889; x_wconf 90' lang='lat' dir='ltr'>nobis</span> <span class='ocrx_word' id='word_1_80' title='bbox 1017 842 1191 890; x_wconf 90' lang='lat' dir='ltr'>bonus.</span> <span class='ocrx_word' id='word_1_81' title='bbox 1265 842 1402 902; x_wconf 72' lang='lat' dir='ltr'>Ergo</span> <span class='ocrx_word' id='word_1_82' title='bbox 1431 881 1437 889; x_wconf 93' lang='lat'><em>.</em></span> <span class='ocrx_word' id='word_1_83' title='bbox 1468 881 1476 888; x_wconf 90' lang='lat'><strong><em>.</em></strong></span> <span class='ocrx_word' id='word_1_84' title='bbox 1508 881 1515 889; x_wconf 93' lang='lat'><em>.</em></span> 
     </span>
    </p>
   </div>
   <div class='ocr_carea' id='block_1_4' title="bbox 166 937 2086 1958">
    <p class='ocr_par' dir='ltr' id='par_1_4' title="bbox 166 937 2086 1958">
     <span class='ocr_line' id='line_1_10' title="bbox 245 937 2083 1001; baseline 0.002 -18"><span class='ocrx_word' id='word_1_85' title='bbox 245 946 395 995; x_wconf 82' lang='lat' dir='ltr'>Resp.</span> <span class='ocrx_word' id='word_1_86' title='bbox 467 937 598 984; x_wconf 79' lang='lat' dir='ltr'>Dz&#39;st.</span> <span class='ocrx_word' id='word_1_87' title='bbox 637 939 778 985; x_wconf 63' lang='lat' dir='ltr'>mazl:</span> <span class='ocrx_word' id='word_1_88' title='bbox 826 937 927 998; x_wconf 82' lang='lat' dir='ltr'>Qui</span> <span class='ocrx_word' id='word_1_89' title='bbox 962 937 1149 999; x_wconf 87' lang='lat' dir='ltr'>aliquid</span> <span class='ocrx_word' id='word_1_90' title='bbox 1186 947 1319 985; x_wconf 87' lang='lat' dir='ltr'>amat</span> <span class='ocrx_word' id='word_1_91' title='bbox 1355 947 1405 984; x_wconf 92' lang='lat' dir='ltr'>ut</span> <span class='ocrx_word' id='word_1_92' title='bbox 1441 938 1532 986; x_wconf 92' lang='lat' dir='ltr'>sibi</span> <span class='ocrx_word' id='word_1_93' title='bbox 1569 939 1782 998; x_wconf 87' lang='lat' dir='ltr'>bonum,</span> <span class='ocrx_word' id='word_1_94' title='bbox 1833 955 1886 987; x_wconf 89' lang='lat' dir='ltr'>se</span> <span class='ocrx_word' id='word_1_95' title='bbox 1921 939 2083 1001; x_wconf 89' lang='lat' dir='ltr'>ipsum</span> 
     </span>
     <span class='ocr_line' id='line_1_11' title="bbox 166 1011 2082 1073; baseline 0.001 -15"><span class='ocrx_word' id='word_1_96' title='bbox 166 1011 317 1059; x_wconf 88' lang='lat' dir='ltr'>habet</span> <span class='ocrx_word' id='word_1_97' title='bbox 353 1027 444 1073; x_wconf 90' lang='lat' dir='ltr'>pro</span> <span class='ocrx_word' id='word_1_98' title='bbox 480 1012 577 1058; x_wconf 89' lang='lat' dir='ltr'>fine</span> <span class='ocrx_word' id='word_1_99' title='bbox 616 1013 693 1059; x_wconf 89' lang='lat' dir='ltr'>cui</span> <span class='ocrx_word' id='word_1_100' title='bbox 729 1013 950 1060; x_wconf 64' lang='lat' dir='ltr'>militam</span> <span class='ocrx_word' id='word_1_101' title='bbox 984 1013 1109 1060; x_wconf 87' lang='lat' dir='ltr'>illius</span> <span class='ocrx_word' id='word_1_102' title='bbox 1146 1012 1279 1071; x_wconf 91' lang='lat' dir='ltr'>boni,</span> <span class='ocrx_word' id='word_1_103' title='bbox 1319 1029 1453 1070; x_wconf 60' lang='lat' dir='ltr'><em>conc„</em></span> <span class='ocrx_word' id='word_1_104' title='bbox 1490 1014 1683 1061; x_wconf 73' lang='lat' dir='ltr'>honeris</span> <span class='ocrx_word' id='word_1_105' title='bbox 1707 1020 1752 1060; x_wconf 78' lang='lat' dir='ltr'>et</span> <span class='ocrx_word' id='word_1_106' title='bbox 1773 1016 2082 1071; x_wconf 71' lang='lat' dir='ltr'>excellentiae,</span> 
     </span>
     <span class='ocr_line' id='line_1_12' title="bbox 167 1082 2078 1150; baseline 0.002 -17"><span class='ocrx_word' id='word_1_107' title='bbox 167 1103 281 1146; x_wconf 75' lang='lat' dir='ltr'>nego</span> <span class='ocrx_word' id='word_1_108' title='bbox 330 1082 519 1148; x_wconf 85' lang='lat' dir='ltr'>(saltem</span> <span class='ocrx_word' id='word_1_109' title='bbox 568 1102 671 1134; x_wconf 90' lang='lat' dir='ltr'>non</span> <span class='ocrx_word' id='word_1_110' title='bbox 718 1083 1034 1149; x_wconf 78' lang='lat' dir='ltr'>necessario).</span> <span class='ocrx_word' id='word_1_111' title='bbox 1114 1088 1400 1135; x_wconf 73' lang='lat' dir='ltr'>Contradz&#39;st.</span> <span class='ocrx_word' id='word_1_112' title='bbox 1451 1090 1561 1135; x_wconf 79' lang='lat' dir='ltr'>min.</span> <span class='ocrx_word' id='word_1_113' title='bbox 1612 1095 1657 1135; x_wconf 83' lang='lat' dir='ltr'>et</span> <span class='ocrx_word' id='word_1_114' title='bbox 1700 1105 1815 1150; x_wconf 77' lang='lat' dir='ltr'>nego</span> <span class='ocrx_word' id='word_1_115' title='bbox 1862 1105 1979 1137; x_wconf 77' lang='lat' dir='ltr'>cons.</span> <span class='ocrx_word' id='word_1_116' title='bbox 2022 1117 2078 1122; x_wconf 97' lang='lat'><strong>—</strong></span> 
     </span>
     <span class='ocr_line' id='line_1_13' title="bbox 169 1161 2085 1226; baseline 0.002 -19"><span class='ocrx_word' id='word_1_117' title='bbox 169 1162 406 1221; x_wconf 81' lang='lat' dir='ltr'>Quamvis</span> <span class='ocrx_word' id='word_1_118' title='bbox 442 1161 492 1208; x_wconf 90' lang='lat' dir='ltr'>in</span> <span class='ocrx_word' id='word_1_119' title='bbox 529 1177 698 1209; x_wconf 90' lang='lat' dir='ltr'>amore</span> <span class='ocrx_word' id='word_1_120' title='bbox 736 1163 1171 1224; x_wconf 85' lang='lat' dir='ltr'>concupiscentiae</span> <span class='ocrx_word' id='word_1_121' title='bbox 1209 1179 1327 1224; x_wconf 89' lang='lat' dir='ltr'>erga</span> <span class='ocrx_word' id='word_1_122' title='bbox 1353 1164 1515 1210; x_wconf 89' lang='lat' dir='ltr'>Deum</span> <span class='ocrx_word' id='word_1_123' title='bbox 1549 1164 1701 1210; x_wconf 89' lang='lat' dir='ltr'>homo</span> <span class='ocrx_word' id='word_1_124' title='bbox 1737 1164 1842 1226; x_wconf 91' lang='lat' dir='ltr'>ipse</span> <span class='ocrx_word' id='word_1_125' title='bbox 1880 1164 1940 1212; x_wconf 91' lang='lat' dir='ltr'>sit</span> <span class='ocrx_word' id='word_1_126' title='bbox 1975 1164 2085 1211; x_wconf 89' lang='lat' dir='ltr'>finis</span> 
     </span>
     <span class='ocr_line' id='line_1_14' title="bbox 168 1236 2083 1300; baseline 0.001 -16"><span class='ocrx_word' id='word_1_127' title='bbox 168 1237 245 1284; x_wconf 91' lang='lat' dir='ltr'>cui</span> <span class='ocrx_word' id='word_1_128' title='bbox 282 1236 510 1294; x_wconf 84' lang='lat' dir='ltr'>utilitatis,</span> <span class='ocrx_word' id='word_1_129' title='bbox 550 1253 652 1283; x_wconf 88' lang='lat' dir='ltr'>non</span> <span class='ocrx_word' id='word_1_130' title='bbox 689 1238 971 1285; x_wconf 89' lang='lat' dir='ltr'>necessario</span> <span class='ocrx_word' id='word_1_131' title='bbox 1010 1247 1081 1285; x_wconf 92' lang='lat' dir='ltr'>est</span> <span class='ocrx_word' id='word_1_132' title='bbox 1116 1239 1225 1285; x_wconf 87' lang='lat' dir='ltr'>finis</span> <span class='ocrx_word' id='word_1_133' title='bbox 1263 1239 1341 1285; x_wconf 91' lang='lat' dir='ltr'>cui</span> <span class='ocrx_word' id='word_1_134' title='bbox 1366 1238 1569 1285; x_wconf 89' lang='lat' dir='ltr'>honoris</span> <span class='ocrx_word' id='word_1_135' title='bbox 1596 1247 1643 1286; x_wconf 86' lang='lat' dir='ltr'>et</span> <span class='ocrx_word' id='word_1_136' title='bbox 1667 1239 1869 1300; x_wconf 86' lang='lat' dir='ltr'>gloriae.</span> <span class='ocrx_word' id='word_1_137' title='bbox 1923 1241 2083 1287; x_wconf 91' lang='lat' dir='ltr'>Immo</span> 
     </span>
     <span class='ocr_line' id='line_1_15' title="bbox 168 1311 2086 1373; baseline 0.001 -15"><span class='ocrx_word' id='word_1_138' title='bbox 168 1311 440 1358; x_wconf 91' lang='lat' dir='ltr'>secundum</span> <span class='ocrx_word' id='word_1_139' title='bbox 478 1311 776 1373; x_wconf 82' lang='lat' dir='ltr'>exigentiam</span> <span class='ocrx_word' id='word_1_140' title='bbox 813 1322 979 1360; x_wconf 78' lang='lat' dir='ltr'>rectae</span> <span class='ocrx_word' id='word_1_141' title='bbox 1017 1312 1219 1359; x_wconf 88' lang='lat' dir='ltr'>rationis</span> <span class='ocrx_word' id='word_1_142' title='bbox 1256 1313 1408 1360; x_wconf 90' lang='lat' dir='ltr'>homo</span> <span class='ocrx_word' id='word_1_143' title='bbox 1446 1314 1511 1359; x_wconf 88' lang='lat' dir='ltr'>ita</span> <span class='ocrx_word' id='word_1_144' title='bbox 1547 1314 1596 1359; x_wconf 91' lang='lat' dir='ltr'>in</span> <span class='ocrx_word' id='word_1_145' title='bbox 1624 1314 1735 1360; x_wconf 92' lang='lat' dir='ltr'>Deo</span> <span class='ocrx_word' id='word_1_146' title='bbox 1772 1329 1909 1361; x_wconf 89' lang='lat' dir='ltr'>suam</span> <span class='ocrx_word' id='word_1_147' title='bbox 1934 1313 2086 1361; x_wconf 88' lang='lat' dir='ltr'>beati-</span> 
     </span>
     <span class='ocr_line' id='line_1_16' title="bbox 167 1386 2084 1450; baseline 0.002 -18"><span class='ocrx_word' id='word_1_148' title='bbox 167 1386 388 1433; x_wconf 87' lang='lat' dir='ltr'>tudinem</span> <span class='ocrx_word' id='word_1_149' title='bbox 438 1401 677 1447; x_wconf 85' lang='lat' dir='ltr'>quaerere</span> <span class='ocrx_word' id='word_1_150' title='bbox 726 1388 898 1445; x_wconf 88' lang='lat' dir='ltr'>debet,</span> <span class='ocrx_word' id='word_1_151' title='bbox 950 1397 999 1434; x_wconf 85' lang='lat' dir='ltr'>ut</span> <span class='ocrx_word' id='word_1_152' title='bbox 1036 1389 1172 1435; x_wconf 90' lang='lat' dir='ltr'>Deus</span> <span class='ocrx_word' id='word_1_153' title='bbox 1222 1387 1387 1448; x_wconf 90' lang='lat' dir='ltr'>aliquo</span> <span class='ocrx_word' id='word_1_154' title='bbox 1428 1388 1581 1435; x_wconf 91' lang='lat' dir='ltr'>modo</span> <span class='ocrx_word' id='word_1_155' title='bbox 1619 1388 1856 1450; x_wconf 84' lang='lat' dir='ltr'>implicite</span> <span class='ocrx_word' id='word_1_156' title='bbox 1893 1389 1970 1436; x_wconf 83' lang='lat' dir='ltr'>vel</span> <span class='ocrx_word' id='word_1_157' title='bbox 2008 1404 2084 1436; x_wconf 84' lang='lat' dir='ltr'>ex-</span> 
     </span>
     <span class='ocr_line' id='line_1_17' title="bbox 168 1461 2084 1524; baseline 0.002 -17"><span class='ocrx_word' id='word_1_158' title='bbox 168 1461 335 1522; x_wconf 89' lang='lat' dir='ltr'>plicite</span> <span class='ocrx_word' id='word_1_159' title='bbox 388 1470 439 1508; x_wconf 90' lang='lat' dir='ltr'>ut</span> <span class='ocrx_word' id='word_1_160' title='bbox 489 1462 596 1508; x_wconf 89' lang='lat' dir='ltr'>finis</span> <span class='ocrx_word' id='word_1_161' title='bbox 648 1463 871 1509; x_wconf 87' lang='lat' dir='ltr'>absolute</span> <span class='ocrx_word' id='word_1_162' title='bbox 924 1462 1119 1509; x_wconf 87' lang='lat' dir='ltr'>ultimus</span> <span class='ocrx_word' id='word_1_163' title='bbox 1172 1462 1527 1510; x_wconf 86' lang='lat' dir='ltr'>consideretur.</span> <span class='ocrx_word' id='word_1_164' title='bbox 1599 1463 1844 1524; x_wconf 88' lang='lat' dir='ltr'>Implicite</span> <span class='ocrx_word' id='word_1_165' title='bbox 1896 1472 2084 1511; x_wconf 88' lang='lat' dir='ltr'>rectum</span> 
     </span>
     <span class='ocr_line' id='line_1_18' title="bbox 167 1535 2086 1598; baseline 0.002 -16"><span class='ocrx_word' id='word_1_166' title='bbox 167 1537 299 1582; x_wconf 89' lang='lat' dir='ltr'>hunc</span> <span class='ocrx_word' id='word_1_167' title='bbox 348 1535 575 1583; x_wconf 85' lang='lat' dir='ltr'>ordinem</span> <span class='ocrx_word' id='word_1_168' title='bbox 624 1546 784 1584; x_wconf 81' lang='lat' dir='ltr'>servat</span> <span class='ocrx_word' id='word_1_169' title='bbox 835 1537 1133 1598; x_wconf 83' lang='lat' dir='ltr'>quicumque</span> <span class='ocrx_word' id='word_1_170' title='bbox 1183 1538 1247 1584; x_wconf 89' lang='lat' dir='ltr'>ad</span> <span class='ocrx_word' id='word_1_171' title='bbox 1284 1553 1454 1584; x_wconf 75' lang='lat' dir='ltr'>verum</span> <span class='ocrx_word' id='word_1_172' title='bbox 1496 1553 1611 1585; x_wconf 91' lang='lat' dir='ltr'>suae</span> <span class='ocrx_word' id='word_1_173' title='bbox 1647 1538 1966 1585; x_wconf 83' lang='lat' dir='ltr'>beatitudinis</span> <span class='ocrx_word' id='word_1_174' title='bbox 2002 1540 2086 1586; x_wconf 94' lang='lat' dir='ltr'>ob-</span> 
     </span>
     <span class='ocr_line' id='line_1_19' title="bbox 167 1611 2083 1662; baseline 0.002 -4"><span class='ocrx_word' id='word_1_175' title='bbox 167 1611 348 1658; x_wconf 86' lang='lat' dir='ltr'>iectum</span> <span class='ocrx_word' id='word_1_176' title='bbox 397 1611 723 1658; x_wconf 87' lang='lat' dir='ltr'>obtinendum</span> <span class='ocrx_word' id='word_1_177' title='bbox 775 1612 932 1659; x_wconf 89' lang='lat' dir='ltr'>tendit</span> <span class='ocrx_word' id='word_1_178' title='bbox 983 1627 1077 1659; x_wconf 90' lang='lat' dir='ltr'>nec</span> <span class='ocrx_word' id='word_1_179' title='bbox 1130 1612 1425 1659; x_wconf 75' lang='lat' dir='ltr'>obiectivam</span> <span class='ocrx_word' id='word_1_180' title='bbox 1474 1613 1790 1660; x_wconf 86' lang='lat' dir='ltr'>beatitudinis</span> <span class='ocrx_word' id='word_1_181' title='bbox 1836 1614 2083 1662; x_wconf 84' lang='lat' dir='ltr'>humanae</span> 
     </span>
     <span class='ocr_line' id='line_1_20' title="bbox 168 1686 2083 1749; baseline 0.001 -15"><span class='ocrx_word' id='word_1_182' title='bbox 168 1687 256 1734; x_wconf 92' lang='lat' dir='ltr'>sub</span> <span class='ocrx_word' id='word_1_183' title='bbox 294 1686 451 1747; x_wconf 87' lang='lat' dir='ltr'>gloria</span> <span class='ocrx_word' id='word_1_184' title='bbox 477 1687 573 1733; x_wconf 91' lang='lat' dir='ltr'>Dei</span> <span class='ocrx_word' id='word_1_185' title='bbox 610 1687 1070 1734; x_wconf 86' lang='lat' dir='ltr'>subordinationem</span> <span class='ocrx_word' id='word_1_186' title='bbox 1096 1687 1304 1749; x_wconf 78' lang='lat' dir='ltr'>positive</span> <span class='ocrx_word' id='word_1_187' title='bbox 1331 1687 1558 1734; x_wconf 78' lang='lat' dir='ltr'>excludit.</span> <span class='ocrx_word' id='word_1_188' title='bbox 1613 1687 1893 1749; x_wconf 84' lang='lat' dir='ltr'>Aliquoties</span> <span class='ocrx_word' id='word_1_189' title='bbox 1918 1697 2083 1736; x_wconf 91' lang='lat' dir='ltr'>autem</span> 
     </span>
     <span class='ocr_line' id='line_1_21' title="bbox 168 1761 2082 1824; baseline 0.002 -16"><span class='ocrx_word' id='word_1_190' title='bbox 168 1769 361 1808; x_wconf 90' lang='lat' dir='ltr'>tenetur</span> <span class='ocrx_word' id='word_1_191' title='bbox 407 1762 558 1807; x_wconf 90' lang='lat' dir='ltr'>homo</span> <span class='ocrx_word' id='word_1_192' title='bbox 607 1761 755 1808; x_wconf 88' lang='lat' dir='ltr'>etiam</span> <span class='ocrx_word' id='word_1_193' title='bbox 804 1761 1058 1823; x_wconf 80' lang='lat' dir='ltr'>explicite,</span> <span class='ocrx_word' id='word_1_194' title='bbox 1110 1764 1273 1809; x_wconf 87' lang='lat' dir='ltr'>Deum</span> <span class='ocrx_word' id='word_1_195' title='bbox 1321 1777 1468 1824; x_wconf 88' lang='lat' dir='ltr'>super</span> <span class='ocrx_word' id='word_1_196' title='bbox 1516 1762 1683 1809; x_wconf 82' lang='lat' dir='ltr'>onmia</span> <span class='ocrx_word' id='word_1_197' title='bbox 1731 1779 1898 1811; x_wconf 92' lang='lat' dir='ltr'>amare</span> <span class='ocrx_word' id='word_1_198' title='bbox 1946 1772 1995 1811; x_wconf 93' lang='lat' dir='ltr'>et</span> <span class='ocrx_word' id='word_1_199' title='bbox 2031 1779 2082 1811; x_wconf 90' lang='lat' dir='ltr'>se</span> 
     </span>
     <span class='ocr_line' id='line_1_22' title="bbox 167 1836 2085 1898; baseline 0.001 -15"><span class='ocrx_word' id='word_1_200' title='bbox 167 1836 327 1898; x_wconf 90' lang='lat' dir='ltr'>ipsum</span> <span class='ocrx_word' id='word_1_201' title='bbox 375 1852 486 1883; x_wconf 91' lang='lat' dir='ltr'>cum</span> <span class='ocrx_word' id='word_1_202' title='bbox 532 1836 759 1884; x_wconf 90' lang='lat' dir='ltr'>omnibus</span> <span class='ocrx_word' id='word_1_203' title='bbox 797 1837 941 1884; x_wconf 90' lang='lat' dir='ltr'>bonis</span> <span class='ocrx_word' id='word_1_204' title='bbox 978 1837 1073 1884; x_wconf 85' lang='lat' dir='ltr'>suis</span> <span class='ocrx_word' id='word_1_205' title='bbox 1110 1837 1160 1883; x_wconf 94' lang='lat' dir='ltr'>in</span> <span class='ocrx_word' id='word_1_206' title='bbox 1198 1837 1412 1884; x_wconf 90' lang='lat' dir='ltr'>eundem</span> <span class='ocrx_word' id='word_1_207' title='bbox 1450 1847 1500 1885; x_wconf 91' lang='lat' dir='ltr'>ut</span> <span class='ocrx_word' id='word_1_208' title='bbox 1536 1840 1684 1885; x_wconf 90' lang='lat' dir='ltr'>finem</span> <span class='ocrx_word' id='word_1_209' title='bbox 1722 1839 1944 1886; x_wconf 90' lang='lat' dir='ltr'>absolute</span> <span class='ocrx_word' id='word_1_210' title='bbox 1982 1838 2085 1885; x_wconf 93' lang='lat' dir='ltr'>ulti·</span> 
     </span>
     <span class='ocr_line' id='line_1_23' title="bbox 169 1911 543 1958; baseline 0 0"><span class='ocrx_word' id='word_1_211' title='bbox 169 1927 304 1958; x_wconf 92' lang='lat' dir='ltr'>mum</span> <span class='ocrx_word' id='word_1_212' title='bbox 341 1911 543 1958; x_wconf 85' lang='lat' dir='ltr'>referre.</span> 
     </span>
    </p>
   </div>
   <div class='ocr_carea' id='block_1_5' title="bbox 170 2008 2089 2220">
    <p class='ocr_par' dir='ltr' id='par_1_5' title="bbox 170 2008 2089 2220">
     <span class='ocr_line' id='line_1_24' title="bbox 252 2008 2088 2066; baseline 0 -10"><span class='ocrx_word' id='word_1_213' title='bbox 252 2016 354 2056; x_wconf 87' lang='lat' dir='ltr'>Obi.</span> <span class='ocrx_word' id='word_1_214' title='bbox 385 2028 427 2066; x_wconf 83' lang='lat'>3.</span> <span class='ocrx_word' id='word_1_215' title='bbox 486 2010 621 2055; x_wconf 88' lang='lat' dir='ltr'>Inter</span> <span class='ocrx_word' id='word_1_216' title='bbox 658 2009 907 2056; x_wconf 91' lang='lat' dir='ltr'>obiectum</span> <span class='ocrx_word' id='word_1_217' title='bbox 944 2009 1261 2056; x_wconf 83' lang='lat' dir='ltr'>beatitudinis</span> <span class='ocrx_word' id='word_1_218' title='bbox 1299 2009 1544 2055; x_wconf 88' lang='lat' dir='ltr'>humanae</span> <span class='ocrx_word' id='word_1_219' title='bbox 1582 2018 1630 2056; x_wconf 91' lang='lat' dir='ltr'>et</span> <span class='ocrx_word' id='word_1_220' title='bbox 1655 2008 1910 2056; x_wconf 89' lang='lat' dir='ltr'>hominem</span> <span class='ocrx_word' id='word_1_221' title='bbox 1937 2008 2088 2056; x_wconf 89' lang='lat' dir='ltr'>debet</span> 
     </span>
     <span class='ocr_line' id='line_1_25' title="bbox 170 2083 2089 2145; baseline 0 -14"><span class='ocrx_word' id='word_1_222' title='bbox 170 2099 276 2131; x_wconf 89' lang='lat' dir='ltr'>esse</span> <span class='ocrx_word' id='word_1_223' title='bbox 328 2083 600 2145; x_wconf 88' lang='lat' dir='ltr'>proportio.</span> <span class='ocrx_word' id='word_1_224' title='bbox 673 2084 827 2144; x_wconf 77' lang='lat' dir='ltr'><em>Atqui</em></span> <span class='ocrx_word' id='word_1_225' title='bbox 872 2084 999 2131; x_wconf 90' lang='lat' dir='ltr'>inter</span> <span class='ocrx_word' id='word_1_226' title='bbox 1052 2086 1214 2131; x_wconf 91' lang='lat' dir='ltr'>Deum</span> <span class='ocrx_word' id='word_1_227' title='bbox 1267 2094 1313 2131; x_wconf 88' lang='lat' dir='ltr'>et</span> <span class='ocrx_word' id='word_1_228' title='bbox 1363 2084 1618 2131; x_wconf 89' lang='lat' dir='ltr'>hominem</span> <span class='ocrx_word' id='word_1_229' title='bbox 1670 2085 1804 2131; x_wconf 90' lang='lat' dir='ltr'>nulla</span> <span class='ocrx_word' id='word_1_230' title='bbox 1855 2092 1928 2131; x_wconf 90' lang='lat' dir='ltr'>est</span> <span class='ocrx_word' id='word_1_231' title='bbox 1978 2100 2089 2145; x_wconf 91' lang='lat' dir='ltr'>pro-</span> 
     </span>
     <span class='ocr_line' id='line_1_26' title="bbox 170 2158 675 2220; baseline -0.002 -14"><span class='ocrx_word' id='word_1_232' title='bbox 170 2158 348 2220; x_wconf 87' lang='lat' dir='ltr'>portio.</span> <span class='ocrx_word' id='word_1_233' title='bbox 421 2159 560 2218; x_wconf 69' lang='lat' dir='ltr'>Ergo</span> <span class='ocrx_word' id='word_1_234' title='bbox 589 2196 596 2204; x_wconf 95' lang='lat'>.</span> <span class='ocrx_word' id='word_1_235' title='bbox 629 2197 636 2205; x_wconf 93' lang='lat'><strong>.</strong></span> <span class='ocrx_word' id='word_1_236' title='bbox 667 2196 675 2205; x_wconf 88' lang='lat'><strong>.</strong></span> 
     </span>
    </p>
   </div>
   <div class='ocr_carea' id='block_1_6' title="bbox 170 2255 2090 2465">
    <p class='ocr_par' dir='ltr' id='par_1_6' title="bbox 170 2255 2090 2465">
     <span class='ocr_line' id='line_1_27' title="bbox 248 2255 2090 2317; baseline 0.005 -25"><span class='ocrx_word' id='word_1_237' title='bbox 248 2257 400 2306; x_wconf 84' lang='lat' dir='ltr'>Resp.</span> <span class='ocrx_word' id='word_1_238' title='bbox 472 2256 602 2301; x_wconf 73' lang='lat' dir='ltr'><em>Dz‘st.</em></span> <span class='ocrx_word' id='word_1_239' title='bbox 641 2257 784 2302; x_wconf 53' lang='lat' dir='ltr'>maa.-</span> <span class='ocrx_word' id='word_1_240' title='bbox 831 2256 997 2302; x_wconf 91' lang='lat' dir='ltr'>Debet</span> <span class='ocrx_word' id='word_1_241' title='bbox 1034 2271 1140 2302; x_wconf 90' lang='lat' dir='ltr'>esse</span> <span class='ocrx_word' id='word_1_242' title='bbox 1178 2256 1436 2317; x_wconf 88' lang='lat' dir='ltr'>proportio</span> <span class='ocrx_word' id='word_1_243' title='bbox 1475 2255 1740 2313; x_wconf 80' lang='lat' dir='ltr'>entitativa‚</span> <span class='ocrx_word' id='word_1_244' title='bbox 1786 2271 1916 2316; x_wconf 77' lang='lat' dir='ltr'>nego,</span> <span class='ocrx_word' id='word_1_245' title='bbox 1953 2255 2090 2302; x_wconf 92' lang='lat' dir='ltr'>habi-</span> 
     </span>
     <span class='ocr_line' id='line_1_28' title="bbox 170 2325 2089 2391; baseline -0.001 -14"><span class='ocrx_word' id='word_1_246' title='bbox 170 2329 351 2377; x_wconf 88' lang='lat' dir='ltr'>tudinis</span> <span class='ocrx_word' id='word_1_247' title='bbox 389 2325 648 2391; x_wconf 87' lang='lat' dir='ltr'>(quatenus</span> <span class='ocrx_word' id='word_1_248' title='bbox 696 2330 835 2376; x_wconf 87' lang='lat' dir='ltr'>adest</span> <span class='ocrx_word' id='word_1_249' title='bbox 883 2331 1130 2391; x_wconf 85' lang='lat' dir='ltr'>capacitas</span> <span class='ocrx_word' id='word_1_250' title='bbox 1179 2339 1226 2377; x_wconf 89' lang='lat' dir='ltr'>et</span> <span class='ocrx_word' id='word_1_251' title='bbox 1273 2330 1520 2377; x_wconf 88' lang='lat' dir='ltr'>ordinatio</span> <span class='ocrx_word' id='word_1_252' title='bbox 1568 2330 1846 2378; x_wconf 89' lang='lat' dir='ltr'>intellectus</span> <span class='ocrx_word' id='word_1_253' title='bbox 1885 2329 2089 2378; x_wconf 90' lang='lat' dir='ltr'>humani</span> 
     </span>
     <span class='ocr_line' id='line_1_29' title="bbox 171 2400 1599 2465; baseline 0 -14"><span class='ocrx_word' id='word_1_254' title='bbox 171 2406 221 2451; x_wconf 91' lang='lat' dir='ltr'>in</span> <span class='ocrx_word' id='word_1_255' title='bbox 260 2400 543 2465; x_wconf 86' lang='lat' dir='ltr'>obiectum),</span> <span class='ocrx_word' id='word_1_256' title='bbox 583 2420 699 2451; x_wconf 72' lang='lat'><em>[0726.</em></span> <span class='ocrx_word' id='word_1_257' title='bbox 778 2403 1065 2451; x_wconf 71' lang='lat' dir='ltr'>Centradz&#39;st.</span> <span class='ocrx_word' id='word_1_258' title='bbox 1105 2407 1214 2452; x_wconf 66' lang='lat' dir='ltr'>min.</span> <span class='ocrx_word' id='word_1_259' title='bbox 1255 2412 1300 2451; x_wconf 81' lang='lat' dir='ltr'>et</span> <span class='ocrx_word' id='word_1_260' title='bbox 1333 2421 1447 2465; x_wconf 73' lang='lat' dir='ltr'>nego</span> <span class='ocrx_word' id='word_1_261' title='bbox 1483 2421 1599 2451; x_wconf 75' lang='lat' dir='ltr'>cens.</span> 
     </span>
    </p>
   </div>
   <div class='ocr_carea' id='block_1_7' title="bbox 172 2492 2088 2703">
    <p class='ocr_par' dir='ltr' id='par_1_7' title="bbox 172 2492 2088 2703">
     <span class='ocr_line' id='line_1_30' title="bbox 254 2492 2087 2555; baseline -0.001 -14"><span class='ocrx_word' id='word_1_262' title='bbox 254 2502 356 2542; x_wconf 85' lang='lat' dir='ltr'>Obi.</span> <span class='ocrx_word' id='word_1_263' title='bbox 390 2515 431 2552; x_wconf 67' lang='lat'>4.</span> <span class='ocrx_word' id='word_1_264' title='bbox 495 2494 722 2540; x_wconf 85' lang='lat' dir='ltr'>Facultas</span> <span class='ocrx_word' id='word_1_265' title='bbox 749 2492 884 2539; x_wconf 89' lang='lat' dir='ltr'>finita</span> <span class='ocrx_word' id='word_1_266' title='bbox 909 2501 1073 2555; x_wconf 88' lang='lat' dir='ltr'>potest</span> <span class='ocrx_word' id='word_1_267' title='bbox 1099 2493 1262 2539; x_wconf 90' lang='lat' dir='ltr'>satiari</span> <span class='ocrx_word' id='word_1_268' title='bbox 1288 2494 1424 2539; x_wconf 92' lang='lat' dir='ltr'>bono</span> <span class='ocrx_word' id='word_1_269' title='bbox 1450 2493 1603 2549; x_wconf 90' lang='lat' dir='ltr'>finito,</span> <span class='ocrx_word' id='word_1_270' title='bbox 1642 2493 1766 2540; x_wconf 90' lang='lat' dir='ltr'>sicut</span> <span class='ocrx_word' id='word_1_271' title='bbox 1788 2508 1873 2539; x_wconf 87' lang='lat' dir='ltr'>vas</span> <span class='ocrx_word' id='word_1_272' title='bbox 1898 2492 2087 2540; x_wconf 89' lang='lat' dir='ltr'>finitum</span> 
     </span>
     <span class='ocr_line' id='line_1_31' title="bbox 172 2567 2088 2631; baseline -0.001 -16"><span class='ocrx_word' id='word_1_273' title='bbox 172 2568 367 2631; x_wconf 88' lang='lat' dir='ltr'>impleri</span> <span class='ocrx_word' id='word_1_274' title='bbox 414 2577 577 2630; x_wconf 87' lang='lat' dir='ltr'>potest</span> <span class='ocrx_word' id='word_1_275' title='bbox 623 2568 816 2628; x_wconf 88' lang='lat' dir='ltr'>liquore</span> <span class='ocrx_word' id='word_1_276' title='bbox 863 2568 1015 2615; x_wconf 90' lang='lat' dir='ltr'>finito.</span> <span class='ocrx_word' id='word_1_277' title='bbox 1088 2568 1242 2628; x_wconf 71' lang='lat' dir='ltr'><em>Atqui</em></span> <span class='ocrx_word' id='word_1_278' title='bbox 1287 2568 1490 2614; x_wconf 85' lang='lat' dir='ltr'>facultas</span> <span class='ocrx_word' id='word_1_279' title='bbox 1538 2567 1838 2615; x_wconf 88' lang='lat' dir='ltr'>intellectiva</span> <span class='ocrx_word' id='word_1_280' title='bbox 1874 2567 2088 2614; x_wconf 90' lang='lat' dir='ltr'>hominis</span> 
     </span>
     <span class='ocr_line' id='line_1_32' title="bbox 173 2643 754 2703; baseline -0.005 -11"><span class='ocrx_word' id='word_1_281' title='bbox 173 2653 245 2692; x_wconf 88' lang='lat' dir='ltr'>est</span> <span class='ocrx_word' id='word_1_282' title='bbox 280 2643 429 2690; x_wconf 88' lang='lat' dir='ltr'>finita.</span> <span class='ocrx_word' id='word_1_283' title='bbox 502 2644 640 2703; x_wconf 75' lang='lat' dir='ltr'>Ergo</span> <span class='ocrx_word' id='word_1_284' title='bbox 668 2682 675 2690; x_wconf 93' lang='lat'><strong>.</strong></span> <span class='ocrx_word' id='word_1_285' title='bbox 707 2683 714 2691; x_wconf 91' lang='lat'>.</span> <span class='ocrx_word' id='word_1_286' title='bbox 747 2681 754 2689; x_wconf 96' lang='lat'><strong><em>.</em></strong></span> 
     </span>
    </p>
   </div>
   <div class='ocr_carea' id='block_1_8' title="bbox 172 2729 2089 3244">
    <p class='ocr_par' dir='ltr' id='par_1_8' title="bbox 172 2729 2089 3244">
     <span class='ocr_line' id='line_1_33' title="bbox 251 2729 2086 2792; baseline -0.001 -12"><span class='ocrx_word' id='word_1_287' title='bbox 251 2743 403 2792; x_wconf 85' lang='lat' dir='ltr'>Resp.</span> <span class='ocrx_word' id='word_1_288' title='bbox 452 2734 583 2780; x_wconf 77' lang='lat' dir='ltr'><em>Dz&#39;st.</em></span> <span class='ocrx_word' id='word_1_289' title='bbox 611 2735 719 2780; x_wconf 78' lang='lat' dir='ltr'>mai.</span> <span class='ocrx_word' id='word_1_290' title='bbox 741 2752 754 2781; x_wconf 91' lang='lat'>.·</span> <span class='ocrx_word' id='word_1_291' title='bbox 789 2734 1016 2780; x_wconf 87' lang='lat' dir='ltr'>Facultas</span> <span class='ocrx_word' id='word_1_292' title='bbox 1053 2732 1387 2792; x_wconf 88' lang='lat' dir='ltr'>undequaque</span> <span class='ocrx_word' id='word_1_293' title='bbox 1413 2730 1550 2777; x_wconf 88' lang='lat' dir='ltr'>finita</span> <span class='ocrx_word' id='word_1_294' title='bbox 1575 2738 1738 2792; x_wconf 90' lang='lat' dir='ltr'>potest</span> <span class='ocrx_word' id='word_1_295' title='bbox 1763 2729 1926 2778; x_wconf 90' lang='lat' dir='ltr'>satiari</span> <span class='ocrx_word' id='word_1_296' title='bbox 1951 2730 2086 2778; x_wconf 90' lang='lat' dir='ltr'>bono</span> 
     </span>
     <span class='ocr_line' id='line_1_34' title="bbox 172 2804 2089 2869; baseline -0.002 -14"><span class='ocrx_word' id='word_1_297' title='bbox 172 2809 335 2867; x_wconf 91' lang='lat' dir='ltr'>finito,</span> <span class='ocrx_word' id='word_1_298' title='bbox 386 2824 527 2856; x_wconf 67' lang='lat' dir='ltr'>cena,</span> <span class='ocrx_word' id='word_1_299' title='bbox 577 2809 804 2868; x_wconf 86' lang='lat' dir='ltr'>facultas,</span> <span class='ocrx_word' id='word_1_300' title='bbox 856 2823 982 2869; x_wconf 89' lang='lat' dir='ltr'>quae</span> <span class='ocrx_word' id='word_1_301' title='bbox 1031 2805 1298 2854; x_wconf 88' lang='lat' dir='ltr'>subiective</span> <span class='ocrx_word' id='word_1_302' title='bbox 1347 2820 1433 2853; x_wconf 90' lang='lat' dir='ltr'>seu</span> <span class='ocrx_word' id='word_1_303' title='bbox 1480 2805 1730 2852; x_wconf 89' lang='lat' dir='ltr'>entitative</span> <span class='ocrx_word' id='word_1_304' title='bbox 1776 2804 1979 2866; x_wconf 90' lang='lat' dir='ltr'>quidem</span> <span class='ocrx_word' id='word_1_305' title='bbox 2015 2813 2089 2852; x_wconf 87' lang='lat' dir='ltr'>est</span> 
     </span>
     <span class='ocr_line' id='line_1_35' title="bbox 173 2879 2085 2942; baseline -0.002 -13"><span class='ocrx_word' id='word_1_306' title='bbox 173 2883 333 2942; x_wconf 91' lang='lat' dir='ltr'>finita,</span> <span class='ocrx_word' id='word_1_307' title='bbox 388 2883 632 2930; x_wconf 82' lang='lat' dir='ltr'>obiective</span> <span class='ocrx_word' id='word_1_308' title='bbox 680 2899 800 2931; x_wconf 84' lang='lat' dir='ltr'>vero</span> <span class='ocrx_word' id='word_1_309' title='bbox 849 2899 934 2930; x_wconf 89' lang='lat' dir='ltr'>seu</span> <span class='ocrx_word' id='word_1_310' title='bbox 980 2881 1269 2928; x_wconf 89' lang='lat' dir='ltr'>habitudine</span> <span class='ocrx_word' id='word_1_311' title='bbox 1320 2880 1642 2941; x_wconf 90' lang='lat' dir='ltr'>aliquomodo</span> <span class='ocrx_word' id='word_1_312' title='bbox 1689 2879 1903 2938; x_wconf 88' lang='lat' dir='ltr'>infinita,</span> <span class='ocrx_word' id='word_1_313' title='bbox 1957 2895 2085 2939; x_wconf 76' lang='lat' dir='ltr'>nego.</span> 
     </span>
     <span class='ocr_line' id='line_1_36' title="bbox 180 2954 2089 3017; baseline -0.003 -12"><span class='ocrx_word' id='word_1_314' title='bbox 180 2958 467 3005; x_wconf 69' lang='lat' dir='ltr'>Centradl&#39;st.</span> <span class='ocrx_word' id='word_1_315' title='bbox 495 2960 604 3004; x_wconf 74' lang='lat' dir='ltr'>min.</span> <span class='ocrx_word' id='word_1_316' title='bbox 644 2964 688 3004; x_wconf 83' lang='lat' dir='ltr'>et</span> <span class='ocrx_word' id='word_1_317' title='bbox 720 2975 834 3017; x_wconf 73' lang='lat' dir='ltr'>nego</span> <span class='ocrx_word' id='word_1_318' title='bbox 871 2974 986 3004; x_wconf 77' lang='lat' dir='ltr'>com.</span> <span class='ocrx_word' id='word_1_319' title='bbox 1049 2957 1276 3003; x_wconf 86' lang='lat' dir='ltr'>Facultas</span> <span class='ocrx_word' id='word_1_320' title='bbox 1312 2955 1611 3001; x_wconf 70' lang='lat' dir='ltr'>intellectiva</span> <span class='ocrx_word' id='word_1_321' title='bbox 1645 2954 1860 3001; x_wconf 86' lang='lat' dir='ltr'>hominis</span> <span class='ocrx_word' id='word_1_322' title='bbox 1898 2955 1968 3001; x_wconf 79' lang='lat' dir='ltr'>est</span> <span class='ocrx_word' id='word_1_323' title='bbox 2004 2954 2089 3000; x_wconf 89' lang='lat' dir='ltr'>ob-</span> 
     </span>
     <span class='ocr_line' id='line_1_37' title="bbox 173 3027 2087 3094; baseline -0.003 -15"><span class='ocrx_word' id='word_1_324' title='bbox 173 3033 350 3080; x_wconf 84' lang='lat' dir='ltr'>iective</span> <span class='ocrx_word' id='word_1_325' title='bbox 387 3048 473 3080; x_wconf 92' lang='lat' dir='ltr'>seu</span> <span class='ocrx_word' id='word_1_326' title='bbox 509 3033 783 3094; x_wconf 86' lang='lat' dir='ltr'>capacitate</span> <span class='ocrx_word' id='word_1_327' title='bbox 819 3032 1021 3089; x_wconf 88' lang='lat' dir='ltr'>infinita,</span> <span class='ocrx_word' id='word_1_328' title='bbox 1062 3030 1176 3092; x_wconf 90' lang='lat' dir='ltr'>quia</span> <span class='ocrx_word' id='word_1_329' title='bbox 1215 3044 1529 3090; x_wconf 90' lang='lat' dir='ltr'>quocumque</span> <span class='ocrx_word' id='word_1_330' title='bbox 1555 3043 1673 3076; x_wconf 89' lang='lat' dir='ltr'>vero</span> <span class='ocrx_word' id='word_1_331' title='bbox 1710 3028 1848 3085; x_wconf 76' lang='lat' dir='ltr'>finito</span> <span class='ocrx_word' id='word_1_332' title='bbox 1887 3027 2087 3088; x_wconf 90' lang='lat' dir='ltr'>cognito</span> 
     </span>
     <span class='ocr_line' id='line_1_38' title="bbox 174 3102 2086 3169; baseline -0.003 -15"><span class='ocrx_word' id='word_1_333' title='bbox 174 3115 337 3169; x_wconf 91' lang='lat' dir='ltr'>potest</span> <span class='ocrx_word' id='word_1_334' title='bbox 383 3109 525 3168; x_wconf 89' lang='lat' dir='ltr'>plura</span> <span class='ocrx_word' id='word_1_335' title='bbox 572 3122 878 3168; x_wconf 83' lang='lat' dir='ltr'>cognoscere</span> <span class='ocrx_word' id='word_1_336' title='bbox 914 3107 1006 3161; x_wconf 87' lang='lat' dir='ltr'>ita,</span> <span class='ocrx_word' id='word_1_337' title='bbox 1055 3114 1106 3152; x_wconf 91' lang='lat' dir='ltr'>ut</span> <span class='ocrx_word' id='word_1_338' title='bbox 1142 3104 1306 3153; x_wconf 87' lang='lat' dir='ltr'>satiari</span> <span class='ocrx_word' id='word_1_339' title='bbox 1341 3112 1558 3165; x_wconf 89' lang='lat' dir='ltr'>nequeat</span> <span class='ocrx_word' id='word_1_340' title='bbox 1591 3102 1685 3149; x_wconf 89' lang='lat' dir='ltr'>nisi</span> <span class='ocrx_word' id='word_1_341' title='bbox 1722 3104 1858 3150; x_wconf 90' lang='lat' dir='ltr'>bono</span> <span class='ocrx_word' id='word_1_342' title='bbox 1894 3103 2086 3149; x_wconf 89' lang='lat' dir='ltr'>infinito</span> 
     </span>
     <span class='ocr_line' id='line_1_39' title="bbox 174 3173 1918 3244; baseline -0.003 -15"><span class='ocrx_word' id='word_1_343' title='bbox 174 3184 395 3244; x_wconf 89' lang='lat' dir='ltr'>perfecte</span> <span class='ocrx_word' id='word_1_344' title='bbox 432 3196 675 3242; x_wconf 89' lang='lat' dir='ltr'>possess0.</span> <span class='ocrx_word' id='word_1_345' title='bbox 750 3178 843 3243; x_wconf 83' lang='lat' dir='ltr'>(Cf.</span> <span class='ocrx_word' id='word_1_346' title='bbox 882 3181 930 3228; x_wconf 79' lang='lat' dir='ltr'>S.</span> <span class='ocrx_word' id='word_1_347' title='bbox 977 3181 1157 3236; x_wconf 66' lang='lat' dir='ltr'>Tlcom„</span> <span class='ocrx_word' id='word_1_348' title='bbox 1196 3180 1476 3241; x_wconf 90' lang='lat' dir='ltr'>Compend.</span> <span class='ocrx_word' id='word_1_349' title='bbox 1516 3178 1664 3225; x_wconf 91' lang='lat' dir='ltr'>theol.</span> <span class='ocrx_word' id='word_1_350' title='bbox 1705 3194 1745 3224; x_wconf 92' lang='lat' dir='ltr'>c.</span> <span class='ocrx_word' id='word_1_351' title='bbox 1791 3173 1918 3238; x_wconf 84' lang='lat'>103.)</span> 
     </span>
    </p>
   </div>
   <div class='ocr_carea' id='block_1_9' title="bbox 179 3265 2089 3406">
    <p class='ocr_par' dir='ltr' id='par_1_9' title="bbox 179 3265 2089 3406">
     <span class='ocr_line' id='line_1_40' title="bbox 259 3265 2089 3330; baseline -0.004 -12"><span class='ocrx_word' id='word_1_352' title='bbox 259 3278 361 3318; x_wconf 83' lang='lat' dir='ltr'>Obi.</span> <span class='ocrx_word' id='word_1_353' title='bbox 408 3289 450 3330; x_wconf 90' lang='lat'>5.</span> <span class='ocrx_word' id='word_1_354' title='bbox 534 3271 799 3318; x_wconf 87' lang='lat' dir='ltr'>Obiectum</span> <span class='ocrx_word' id='word_1_355' title='bbox 850 3268 1167 3317; x_wconf 88' lang='lat' dir='ltr'>beatitudinis</span> <span class='ocrx_word' id='word_1_356' title='bbox 1219 3269 1369 3316; x_wconf 87' lang='lat' dir='ltr'>debet</span> <span class='ocrx_word' id='word_1_357' title='bbox 1419 3266 1610 3314; x_wconf 91' lang='lat' dir='ltr'>homini</span> <span class='ocrx_word' id='word_1_358' title='bbox 1660 3282 1763 3313; x_wconf 92' lang='lat' dir='ltr'>non</span> <span class='ocrx_word' id='word_1_359' title='bbox 1814 3265 2089 3327; x_wconf 89' lang='lat' dir='ltr'>quomodo-</span> 
     </span>
     <span class='ocr_line' id='line_1_41' title="bbox 179 3340 2088 3406; baseline -0.003 -16"><span class='ocrx_word' id='word_1_360' title='bbox 179 3360 405 3406; x_wconf 90' lang='lat' dir='ltr'>cumque,</span> <span class='ocrx_word' id='word_1_361' title='bbox 444 3345 533 3392; x_wconf 88' lang='lat' dir='ltr'>sed</span> <span class='ocrx_word' id='word_1_362' title='bbox 569 3360 659 3406; x_wconf 90' lang='lat' dir='ltr'>per</span> <span class='ocrx_word' id='word_1_363' title='bbox 695 3359 746 3392; x_wconf 90' lang='lat' dir='ltr'>se</span> <span class='ocrx_word' id='word_1_364' title='bbox 783 3352 832 3392; x_wconf 91' lang='lat' dir='ltr'>et</span> <span class='ocrx_word' id='word_1_365' title='bbox 866 3345 1079 3391; x_wconf 82' lang='lat' dir='ltr'>maxime</span> <span class='ocrx_word' id='word_1_366' title='bbox 1117 3358 1223 3391; x_wconf 88' lang='lat' dir='ltr'>esse</span> <span class='ocrx_word' id='word_1_367' title='bbox 1259 3342 1704 3405; x_wconf 81' lang='lat' dir='ltr'>proportionatum,</span> <span class='ocrx_word' id='word_1_368' title='bbox 1769 3340 1923 3402; x_wconf 81' lang='lat' dir='ltr'><em>Atqui</em></span> <span class='ocrx_word' id='word_1_369' title='bbox 1953 3340 2088 3386; x_wconf 88' lang='lat' dir='ltr'>bona</span> 
     </span>
    </p>
   </div>
  </div>
 </body>
</html>
