2182 3682
208 175 314 237 346
605 183 719 213 PARS
754 184 800 214 ΙΙ.
852 183 1167 212 PHILOSOPHIA
1203 183 1412 212 MORALIS
1448 183 1696 213 SPECIALIS.

285 330 387 371 Obi.
417 342 460 379 3·
520 322 680 383 Saepe
719 337 779 369 ex
804 320 1122 368 matrimonio
1150 322 1322 368 saltem
1347 336 1439 382 pro
1475 336 1576 369 uno
1603 322 1815 383 coniuge
1851 329 2117 369 nascuntur

200 397 489 460 gravissima
517 405 566 444 et
590 397 694 444 fere
719 404 960 458 perpetua
987 397 1117 443 mala
1143 411 1303 457 eaque
1332 412 1435 443 non
1466 411 1578 443 raro
1604 412 1664 444 ex
1687 397 1877 444 malitia
1903 396 2115 444 alterius.

201 474 340 533 Ergo
375 473 548 520 saltem
584 471 636 518 in
671 471 755 518 tali
792 487 909 518 casu
946 471 1171 532 aequitas
1207 473 1423 533 postulat
1458 471 1768 520 solutionem.

279 565 431 614 Resp.
484 554 618 602 Cone.
647 560 789 600 antec.
822 559 868 600 et
893 569 1008 614 nego
1044 570 1161 601 cons.
1212 555 1407 600 Bonum
1445 553 1578 601 enim
1616 569 1879 602 commune
1905 555 2119 616 postulat

201 630 564 693 perennitatem
612 628 939 687 matrimonii,
990 638 1038 677 et
1073 630 1170 676 hoc
1205 630 1397 676 bonum
1435 630 1688 690 praevalet
1723 630 1860 676 bono
1907 629 2115 691 privatO.
2162 680 2173 690 ζ

202 707 434 753 Ceterum
472 705 624 751 multa
661 719 720 751 ex
745 703 1014 765 praedictis
1051 703 1192 751 malis
1218 719 1308 766 per
1333 703 1598 751 divortium
1634 703 1979 765 imperfectum
2014 704 2119 750 tolli

200 781 279 828 vel
313 780 466 828 levari
503 787 722 842 possunt.

283 877 384 918 Obi.
419 889 461 927 4.
522 870 598 915 Ex
646 867 943 915 solubilitate
991 867 1292 915 matrimonii
1341 883 1443 915 non
1492 877 1814 929 sequerentur
1860 868 1991 915 mala
2025 883 2118 930 pro

199 945 462 1003 societate,
517 943 556 991 si
603 943 869 990 auctoritas
916 943 1117 1005 publica
1165 944 1323 991 solum
1373 943 1424 990 in
1473 943 1665 990 casibus
1713 942 2024 1005 gravissimus
2072 951 2120 990 et

199 1036 311 1068 raro
347 1020 655 1082 permitteret
692 1018 973 1066 divortium.
1047 1019 1203 1080 Alqm'
1235 1018 1333 1066 hoc
1370 1018 1475 1066 fieri
1512 1026 1687 1080 potest.
1759 1019 1899 1078 Ergo
1926 1058 1934 1066 .
1965 1058 1972 1066 .
2004 1058 2011 1066 .

278 1112 429 1160 Resp.
497 1102 629 1148 Dist.
668 1102 776 1148 mai.
798 1119 812 1148 .·
863 1102 980 1148 Non
1018 1110 1344 1162 sequerentur
1380 1101 1511 1147 mala
1546 1116 1639 1163 pro
1676 1100 1938 1160 societate,
1977 1101 2015 1149 si
2052 1101 2121 1148 illi

201 1194 340 1226 casus
375 1176 650 1240 gravissimi
699 1185 746 1223 et
794 1176 890 1223 rari
939 1192 998 1223 ex
1044 1177 1147 1239 ipsa
1195 1178 1270 1222 rei
1313 1182 1493 1222 uatum
1539 1177 1618 1223 vel
1646 1183 1743 1238 per
1787 1192 2002 1223 normam
2049 1177 2119 1223 ob-

200 1255 410 1302 iectivam
447 1258 493 1299 et
520 1253 700 1299 claram
738 1261 903 1299 essent
939 1260 1169 1299 accurate
1207 1251 1546 1309 determinati,
1586 1267 1728 1308 cena,
1774 1251 1813 1298 si
1849 1252 2002 1299 semel
2038 1252 2119 1298 ad-

202 1329 350 1377 missa
398 1327 693 1375 solubilitate
744 1326 987 1374 eiusmodi
1035 1342 1213 1373 norma
1249 1326 1495 1373 obiectiva
1543 1327 1639 1373 iam
1677 1343 1781 1374 non
1817 1326 1980 1385 adest,
2030 1326 2118 1374 sed

203 1401 549 1452 determinatio
587 1402 843 1464 dependet
879 1403 940 1449 ab
978 1401 1181 1449 arbitrio
1218 1402 1489 1459 hominum,
1529 1418 1655 1461 nego.
1717 1402 1889 1450 Trans.
1928 1404 2038 1449 min.
2078 1408 2123 1448 et

204 1495 318 1540 nego
354 1494 471 1526 cens.
527 1476 576 1524 Si
614 1478 765 1524 semel
804 1477 1072 1525 admittitur
1109 1476 1378 1524 solubilitas
1404 1493 1496 1538 pro
1532 1493 1632 1524 uno
1671 1493 1787 1524 casu
1811 1476 2115 1539 gravissimo,

204 1556 354 1603 debet
388 1568 481 1616 pro
518 1552 746 1600 omnibus
785 1553 977 1600 casibus
1014 1552 1250 1599 similibus
1288 1552 1492 1610 admitti,
1532 1562 1580 1600 et
1615 1562 1732 1600 tunc
1763 1553 1861 1600 iam
1895 1569 2000 1600 non
2037 1552 2119 1599 ad-

204 1638 315 1678 sunt
360 1628 537 1676 limites
585 1628 814 1675 obiectivi
866 1636 914 1675 et
952 1628 1094 1675 facile
1141 1627 1531 1689 cognoscibiles,
1582 1628 1670 1676 sed
1719 1627 1887 1676 omnia
1921 1628 2118 1690 permit-

203 1714 368 1753 tuntur
405 1704 606 1752 arbitrio
632 1703 903 1761 hominum,
943 1703 1009 1750 ita
1044 1712 1095 1750 ut
1131 1711 1353 1764 spectata
1390 1703 1658 1765 cupiditate
1688 1705 1904 1750 humana
1939 1703 2117 1750 abusus

205 1780 476 1843 gravissimi
526 1789 689 1826 essent
736 1778 1045 1826 inevitabiles
1094 1788 1141 1825 et
1178 1778 1422 1826 deberent
1466 1778 1559 1840 ipsi
1605 1778 1866 1826 institutori
1911 1786 2115 1826 naturae

204 1856 321 1904 vitio
358 1854 481 1903 verti
519 1853 586 1915 (n.
627 1849 756 1915 312).

953 1966 1280 2006 ARTICULUS
1313 1967 1365 2004 Π.

674 2072 766 2117 DE
806 2071 1190 2118 SOCIETATE
1228 2070 1639 2116 PARENTALI.

207 2197 353 2251 454.
451 2186 572 2252 Ipsa
628 2193 814 2235 natura
869 2201 966 2233 sua
1021 2184 1252 2233 societas
1308 2182 1604 2249 coniugalis
1659 2200 1716 2233 se
1773 2183 2016 2233 extendit
2065 2184 2116 2232 in

203 2269 516 2319 societatem
559 2266 889 2334 parentalem
918 2266 1053 2316 inter
1093 2274 1342 2332 parentes
1371 2272 1424 2315 et
1464 2264 1675 2326 liberos,
1720 2266 1866 2315 cuius
1894 2265 2011 2315 finis
2039 2274 2119 2315 est

204 2352 474 2412 educatio,
538 2367 783 2417 quaeque
839 2349 1043 2399 definiri
1097 2356 1303 2414 potest:
1363 2348 1666 2398 coniunctio
1723 2347 1951 2414 plurium
2006 2365 2118 2414 per-

203 2451 456 2485 sonarum
498 2432 833 2484 educationis
875 2432 1046 2498 gratia
1085 2449 1182 2498 per
1221 2431 1393 2497 ipsam
1434 2439 1677 2480 naturam
1721 2431 2024 2482 constituta.

919 2588 1189 2637 THESIS
1228 2590 1399 2636 LXX.

207 2698 355 2753 455·
425 2698 700 2744 Parentes
727 2696 797 2743 ad
825 2694 1135 2742 liberorum
1164 2693 1561 2741 educationem
1588 2692 1888 2754 physicam
1916 2698 1971 2740 et
1997 2706 2115 2740 mo—

206 2773 383 2821 ralem
421 2770 754 2833 gravissimo
793 2769 976 2818 officio
1013 2775 1294 2816 tenentur.

281 2883 447 2930 Prob.
489 2896 529 2929 1.
603 2880 762 2941 Finis,
807 2880 878 2929 ob
921 2896 1082 2946 quem
1124 2878 1354 2928 societas
1396 2876 1689 2944 coniugalis
1729 2876 2024 2927 necessaria
2064 2883 2119 2926 et

207 2963 513 3015 naturaliter
551 2963 791 3013 instituta
832 2979 947 3012 esse
990 2962 1357 3027 cognoscitur,
1409 2961 1649 3011 consistit
1689 2960 1741 3009 in
1782 2959 2119 3010 convenienti

208 3047 552 3114 generatione
581 3054 634 3096 et
675 3045 992 3095 educatione
1032 3043 1276 3110 prolium.
1332 3044 1487 3109 Ergo
1516 3044 1583 3093 ad
1626 3043 1766 3092 hunc
1807 3042 1966 3092 finem
1995 3058 2117 3092 con-

206 3130 358 3195 iuges
399 3128 676 3195 cooperari
717 3126 1038 3193 obligantur,
1081 3144 1234 3177 secus
1263 3126 1403 3176 enirn
1444 3126 1560 3176 finis
1588 3141 1619 3175 a
1659 3133 1846 3174 natura
1883 3125 2117 3174 interitus

209 3229 317 3261 non
357 3210 644 3261 efficaciter
683 3210 1026 3260 obtineretur.

286 3295 451 3342 Prob.
491 3308 534 3341 2.
633 3292 747 3342 Nisi
804 3300 1052 3359 parentes
1111 3291 1179 3341 ad
1240 3291 1614 3341 educationem
1676 3289 1858 3339 stricte
1916 3287 2117 3354 obliga-

211 3384 413 3437 rentur,
468 3376 616 3426 Deus
655 3374 941 3425 infantibus
981 3375 1279 3425 necessaria
1317 3374 1387 3424 ad
1429 3373 1890 3424 conservationem
1931 3379 1985 3421 et
2024 3370 2114 3421 ho-
