2182 3682
212 178 281 227 94
615 173 729 202 PARS
764 173 793 202 1.
845 172 1159 202 PHILOSOPHIA
1193 170 1396 200 MORALIS
1432 171 1711 201 GENERALIS.

209 327 266 360 se
306 327 516 359 summe
568 309 817 374 amabili).
900 307 1067 359 Simul
1123 317 1303 359 tamen
1356 308 1661 374 imperatur
1700 326 1731 358 a
1770 309 2115 376 poenitentia,

210 401 471 458 quatenus
511 401 590 442 est
630 393 862 443 medium
915 392 984 441 ad
1036 391 1199 441 finem
1239 391 1624 453 extrinsecum,
1668 390 1761 442 scl.
1804 392 1874 441 ad
1915 391 2115 443 lucran-

210 475 335 524 dam
374 475 759 541 indulgentiam
815 484 868 524 et
920 473 1178 524 delendas
1234 490 1437 539 poenas
1493 482 1854 539 peccatorum.
1936 474 2118 525 Habet
2180 526 2182 550 ἦ

208 574 338 622 ergo
378 557 664 608 intrinsece
715 566 769 607 et
822 555 1171 606 essentialiter
1224 556 1564 606 honestatem
1605 556 1884 618 caritatis,
1939 573 1970 606 a
2009 573 2117 623 qua

208 639 425 700 elicitur,
467 640 763 690 extrinsece
804 647 857 689 et
898 656 992 704 per
1033 637 1526 688 denominationem
1566 637 1906 689 honestatem
1934 639 2118 704 poenz'-
2181 639 2182 695 ἶ

209 722 438 781 tentiae,
502 740 531 771 a
595 738 700 788 qua
762 722 1066 788 imperatur.
1164 720 1511 771 Intrinsecam
1570 720 1911 771 honestatem
1969 728 2121 772 actus

210 821 317 853 non
369 805 467 854 nisi
518 822 678 854 unam
730 803 929 854 habere
980 812 1183 869 potest,
1238 810 1295 853 ut
1345 820 1507 870 supra
1558 805 1629 868 (n.
1696 803 1818 867 101)
1872 803 2120 860 diximus,

207 887 535 937 extrinsecas
561 904 689 936 vero
718 886 1028 936 honestates
1057 886 1233 952 plures
1260 886 1459 936 habere
1499 894 1694 952 potest,
1736 886 1789 936 si
1812 902 1845 936 a
1883 885 2122 952 pluribus

207 969 489 1019 virtutibus
548 970 851 1036 imperatur.
935 969 1077 1019 Nam
1132 970 1435 1019 extrinseca
1487 968 1742 1018 honestas
1797 968 1925 1018 nihil
1981 968 2120 1019 reale

209 1058 419 1117 praeter
458 1051 795 1102 honestatem
849 1069 919 1101 ex
974 1052 1188 1102 obiecto
1229 1052 1280 1101 in
1322 1060 1445 1101 actu
1486 1052 1664 1117 ponit,
1723 1051 1819 1100 sed
1860 1051 1906 1100 ei
1945 1050 2123 1101 solum

208 1152 305 1200 per
347 1135 836 1185 denominationem
879 1134 1234 1184 extrinsecam
1263 1135 1332 1184 ab
1374 1143 1497 1184 actu
1524 1134 1820 1200 imperante
1861 1133 2120 1185 tribuitur.

284 1217 396 1266 Iam
437 1226 619 1267 actum
670 1235 739 1267 ex
790 1217 1006 1267 obiecto
1062 1234 1157 1267 suo
1211 1217 1415 1266 bonum
1469 1233 1628 1282 posse
1680 1215 1924 1281 accipere
1976 1216 2123 1266 boni-

211 1308 377 1349 tatem
433 1299 594 1349 talem
637 1301 991 1350 extrinsecam
1048 1317 1143 1366 per
1199 1299 1691 1349 denominationem
1749 1296 1901 1348 facile
1955 1307 2120 1365 patet.

213 1382 352 1431 Nam
402 1397 443 1433 Ι.
487 1383 526 1432 si
569 1390 720 1432 actus
762 1401 832 1432 ex
873 1382 1088 1432 obiecto
1141 1381 1482 1446 indifferens,
1523 1399 1571 1432 v.
1617 1397 1668 1447 g.
1710 1378 1848 1430 velle
1887 1381 2120 1443 studere,

213 1464 271 1514 fit
311 1465 487 1514 bonus
528 1482 623 1531 per
664 1465 1173 1525 denominationem,
1217 1465 1437 1530 quando
1479 1464 1547 1514 ab
1589 1472 1713 1514 actu
1754 1462 1929 1526 bono,
1978 1482 2027 1515 V.
2070 1480 2122 1530 g.

212 1547 280 1597 ab
321 1556 445 1598 actu
488 1549 743 1609 caritatis,
802 1549 1120 1614 imperatur,
1165 1546 1308 1597 nulla
1348 1556 1428 1597 est
1470 1548 1629 1608 ratio,
1688 1564 1782 1597 cur
1832 1565 1941 1597 non
1980 1547 2123 1598 idem

213 1631 419 1681 dicatur
459 1631 527 1680 de
567 1640 689 1681 actu
729 1631 1011 1681 intrinsece
1052 1630 1309 1692 honest0‚
1369 1630 1413 1680 si
1466 1630 1534 1680 ab
1592 1629 1694 1680 alio
1736 1638 1860 1681 actu
1900 1629 2129 1680 honesto

211 1713 514 1779 imperatur.

288 1809 334 1846 2.
370 1786 436 1846 ‘Si
475 1804 625 1845 actus
666 1796 841 1846 bonus
882 1795 1104 1845 refertur
1143 1795 1198 1844 in
1246 1794 1407 1845 finem
1443 1794 1670 1857 malum,
1725 1795 1886 1845 sumit
1925 1811 1956 1845 a
1983 1794 2126 1845 malo

212 1877 315 1927 fine
355 1879 591 1944 speciem
632 1878 877 1929 malitiae.
958 1878 1106 1944 Ergo
1149 1896 1177 1927 e
1219 1879 1484 1928 contrario
1524 1878 1669 1928 idem
1709 1877 1851 1928 valet
1892 1877 1960 1928 de
2001 1886 2121 1928 actu

213 1961 376 2017 bono,
420 1961 512 2027 qui
552 1960 774 2011 refertur
813 1962 864 2011 in
907 1960 1067 2011 finem
1109 1961 1328 2014 bonum.

289 2074 368 2120 De
415 2074 509 2120 hac
556 2073 776 2120 bonitate
826 2073 1099 2120 extrinseca
1146 2060 1360 2133 loquitur
1408 2071 1454 2118 S.
1502 2073 1707 2119 Thomas
1756 2089 1807 2130 1,
1856 2089 1909 2131 2,
1960 2089 2007 2133 q.
2052 2089 2126 2135 19,

210 2165 251 2195 a.
295 2166 318 2195 2
359 2149 422 2196 ad
465 2161 514 2195 1:
570 2149 853 2208 «Quantum
903 2149 966 2195 ad
1015 2158 1177 2195 actum
1227 2148 1512 2205 voluntatis,
1563 2162 1664 2194 non
1712 2147 1876 2200 differt
1915 2147 2126 2206 bonitas,

209 2240 336 2285 quae
374 2232 445 2271 est
483 2239 542 2270 ex
579 2224 790 2279 obiecto,
833 2240 861 2269 a
895 2223 1131 2281 bonitate,
1172 2239 1297 2284 quae
1336 2232 1409 2270 est
1445 2238 1504 2270 ex
1539 2223 1652 2281 fine,
1691 2221 1815 2269 sicut
1849 2222 1901 2269 in
1936 2222 2126 2270 actibus

209 2299 414 2345 aliarum
439 2298 683 2357 virtutum,
722 2299 815 2345 nisi
851 2299 977 2345 forte
1015 2313 1104 2360 per
1140 2298 1388 2355 accidens,
1427 2305 1573 2360 prout
1606 2297 1717 2344 finis
1753 2297 1940 2359 pendet
1975 2313 2004 2344 a
2028 2298 2124 2344 fine

211 2370 336 2435 (finis
373 2370 719 2434 extrinsecusl)
759 2382 806 2420 et
842 2374 1066 2420 voluntas
1104 2390 1131 2419 a
1167 2374 1468 2429 voluntate»,
1518 2372 1546 2419 i.
1587 2387 1628 2420 e.
1668 2372 1718 2418 in
1757 2380 1994 2433 quantum
2027 2387 2127 2418 una

208 2450 433 2496 voluntas
480 2449 542 2494 ab
593 2449 686 2494 alia
733 2448 1015 2510 imperatur.
1089 2449 1151 2494 Et
1188 2447 1305 2494 alibi
1343 2444 1416 2507 (2,
1471 2465 1524 2505 2,
1576 2463 1622 2508 q.
1663 2462 1751 2506 32,
1802 2462 1844 2494 a.
1889 2463 1908 2492 1
1950 2446 2014 2493 ad
2053 2441 2124 2507 2):

215 2523 378 2570 «Nihil
413 2522 645 2585 prohibet
684 2532 872 2581 actum,
923 2523 1008 2583 qui
1044 2530 1117 2569 est
1152 2521 1356 2584 proprie
1393 2521 1536 2568 unius
1572 2521 1759 2567 virtutis
1795 2522 2013 2577 elz'cz‘tive‚
2064 2528 2129 2567 at-

207 2599 354 2645 tribui
391 2598 530 2644 alteri
565 2596 728 2644 virtuti
764 2597 887 2644 sicut
922 2598 1177 2659 imperamz'
1209 2603 1255 2642 et
1287 2597 1534 2643 ordinanti
1566 2595 1631 2642 ad
1666 2596 1817 2642 finem
1853 2611 2006 2643 suum.
2062 2597 2127 2642 Et

209 2674 307 2720 hoc
343 2673 495 2720 modo
533 2673 651 2719 dare
689 2674 1058 2733 eleemosynam
1094 2671 1292 2733 ponitur
1328 2671 1456 2718 inter
1492 2685 1647 2731 opera
1682 2669 2030 2727 satisfactoria,
2073 2669 2124 2716 in

211 2757 447 2809 quantum
494 2746 743 2794 miseratio
781 2747 1030 2794 defectum
1067 2745 1296 2808 patientis
1333 2746 1588 2792 ordinatur
1624 2744 1687 2791 ad
1723 2744 2124 2805 satisfaciendum

210 2838 302 2883 pro
339 2823 510 2884 culpa;
546 2823 819 2869 secundum
855 2830 1017 2869 autem
1055 2822 1191 2882 quod
1228 2821 1481 2868 ordinatur
1518 2820 1581 2867 ad
1617 2819 1918 2881 placandum
1944 2821 2125 2878 Deum,

210 2898 360 2945 habet
396 2897 638 2944 rationem
675 2896 913 2954 sacrificii,
953 2906 1000 2944 et
1036 2896 1106 2944 sic
1141 2896 1474 2959 imperatura
1509 2894 1696 2942 latria.»

222 3032 363 3086 107.
445 3021 619 3072 Schol.
666 3038 714 3073 I.
796 3021 996 3088 Quaeri
1050 3031 1257 3089 potest,
1313 3037 1576 3088 quaenam
1630 3020 1814 3071 relatio
1865 3020 1918 3070 in
1958 3019 2120 3070 finem

213 3104 499 3154 honestum
556 3105 878 3171 requiratur,
945 3114 1003 3154 ut
1072 3114 1220 3155 actus
1275 3103 1563 3154 voluntatis
1621 3102 1763 3152 illam
1824 3102 2120 3166 bonitatem

213 3186 601 3237 accidentalem
641 3204 710 3236 ex
750 3187 854 3237 fine
890 3187 1190 3237 extrinseco
1219 3184 1479 3252 accipiat?
1543 3184 2009 3250 Respondendum
2038 3192 2120 3233 est

215 3269 407 3334 requiri
459 3268 771 3318 relationem
821 3268 1127 3318 virtualem.
1198 3267 1410 3318 Relatio
1451 3266 1682 3316 actualis
1724 3273 1867 3316 certe
1905 3283 2014 3337 ¹¹99
2042 3274 2122 3314 est

216 3338 561 3414 necessaria,
594 3351 709 3401 sola
760 3350 1175 3416 inlelprelativcz
1232 3350 1315 3399 vel
1356 3348 1658 3423 hcrbzflzgalz‘s
1696 3366 1823 3398 vero
1875 3364 1984 3426 non
2023 3346 2126 3396 suf-
