2182 3682
503 177 591 206 LIB.
627 177 673 205 11.
720 176 819 204 CAP.
857 175 922 204 111.
971 174 1031 202 DE
1066 173 1322 202 SOCIETATE
1357 173 1514 202 CIVILI.
1837 161 1935 225 361

50 314 328 381 quomodo
368 312 438 362 ad
480 311 637 360 finem
687 326 1024 360 communem
1079 308 1356 372 cooperari
1408 307 1656 356 debeant.
1738 305 1947 355 Etenim

49 398 101 462 α)
143 396 300 445 etiam
341 393 620 460 supposita
671 392 871 440 unitate
911 390 1028 439 finis
1069 396 1122 438 et
1161 387 1433 437 voluntate
1485 405 1604 436 eum
1656 388 1949 452 attingendi

50 477 282 527 maxima
320 475 509 525 adesse
550 481 729 539 potest
782 472 1058 521 diversitas
1098 469 1417 520 z‘mz'iciorarn
1460 469 1527 518 de
1568 486 1660 528 eo,
1715 469 1843 533 quid
1884 470 1951 518 ad

49 558 194 609 illum
235 558 397 607 finem
438 556 693 622 expediat
731 554 814 603 vel
855 553 1210 603 necessarium
1239 551 1318 600 sit.
1375 550 1521 615 Ergo
1564 549 1700 599 adsit
1741 559 1954 615 oportet

50 640 250 706 aliquis,
295 640 385 704 qui
425 638 593 704 possit
635 654 731 702 pro
761 635 1009 686 omnibus
1038 649 1251 683 normas
1292 632 1486 697 agendi
1528 631 1828 696 obligantes
1856 639 1953 681 sta-

49 729 212 772 tuere.
282 721 422 770 Dein
461 720 518 787 β)
561 719 612 768 in
654 735 848 783 magna
888 717 1164 766 hominum
1206 714 1543 764 multitudine
1584 729 1794 778 semper
1834 722 1955 762 sunt

49 803 228 864 multi,
284 803 373 868 qui
414 819 502 862 ea,
563 817 698 866 quae
740 800 806 849 ad
850 815 1132 849 commune
1179 797 1383 847 bonum
1425 795 1719 846 necessaria
1760 812 1955 860 cogno-

50 893 284 945 scuntur,
327 883 636 949 neglegunt,
682 883 770 948 qui
797 882 998 931 bonum
1035 880 1299 945 privatum
1326 879 1472 928 bono
1503 878 1773 927 communi
1813 894 1956 942 prae-

52 967 242 1026 ferunt,
284 967 449 1015 immo
491 966 581 1030 qui
623 964 753 1014 alios
794 964 971 1029 quiete
1013 972 1064 1011 et
1105 978 1291 1011 secure
1331 961 1506 1009 vivere
1548 968 1600 1009 et
1627 959 1732 1009 suis
1760 959 1958 1008 iuribus

52 1048 147 1098 frui
188 1065 295 1098 non
346 1048 550 1107 sinunt,
605 1047 701 1095 nisi
754 1063 847 1111 per
888 1044 1119 1110 aliquam
1170 1043 1539 1092 auctoritatem
1589 1041 1775 1107 poenis
1816 1058 1957 1091 coer-

51 1137 268 1180 ceantur
319 1138 371 1179 et
423 1130 473 1178 in
528 1128 707 1178 officio
761 1127 1146 1177 contineantur.
1228 1125 1383 1174 Dixi:
1441 1141 1535 1189 per
1586 1123 1958 1172 auctoritatem

50 1211 296 1278 aliquam.
367 1209 422 1261 Si
464 1211 603 1260 enirn
646 1209 866 1275 quilibet
906 1216 1089 1274 posset
1131 1206 1425 1273 quemlibet
1465 1214 1685 1271 propter
1718 1205 1959 1254 defectus

52 1293 444 1360 reprehendere
501 1301 552 1342 et
609 1293 824 1357 punire,
888 1291 955 1339 de
1016 1306 1148 1356 pace
1205 1297 1257 1338 et
1316 1288 1503 1337 ordine
1563 1296 1740 1336 actum
1802 1295 1956 1338 esset.

53 1376 300 1441 Denique
339 1392 502 1440 saepe
538 1375 776 1424 oriuntur
812 1373 929 1423 lites
965 1373 1101 1422 circa
1130 1371 1253 1432 iura,
1298 1387 1434 1436 quae
1471 1387 1659 1435 pacem
1690 1368 1958 1435 publicam

50 1457 304 1508 continuo
358 1456 753 1522 perturbarent,
809 1455 905 1504 nisi
957 1455 1169 1503 adesset
1222 1452 1397 1518 aliqua
1448 1452 1760 1512 auctoritas,
1820 1468 1957 1517 quae

50 1540 144 1589 has
203 1538 320 1588 lites
376 1539 673 1599 definitive,
737 1539 765 1587 i.
817 1556 859 1587 e.
912 1554 1032 1586 cum
1093 1534 1422 1601 obligatione
1474 1552 1530 1584 se
1589 1533 1954 1594 submittendi,

53 1622 295 1672 dirimere
337 1630 534 1687 posset.

127 1706 174 1769 c)
227 1703 402 1752 Etiam
440 1704 684 1767 farsam,
740 1702 885 1767 quod
928 1702 1127 1766 ubique
1179 1709 1231 1749 et
1271 1716 1483 1765 semper
1523 1700 1573 1748 in
1614 1698 1959 1749 societatibus

55 1787 298 1836 humanis
339 1784 570 1851 aliquam
612 1785 982 1834 auctoritatem
1023 1783 1330 1843 invenimus,
1377 1781 1699 1831 sufficienter
1739 1781 1960 1831 necessi-

54 1876 219 1919 tatem
260 1866 378 1917 talis
420 1867 747 1917 auctoritatis
789 1867 1135 1916 demonstrat.

56 1998 203 2063 483.
290 1997 492 2049 Coroll.
537 2015 585 2049 I.
655 1999 802 2064 Ergo
846 1997 975 2047 falsa
1017 2006 1095 2047 est
1137 1996 1342 2046 theoria
1383 2011 1778 2062 quaecumque,
1825 2014 1960 2062 quae

55 2090 254 2132 statum
310 2081 539 2147 aliquem
598 2081 826 2130 hominis
882 2078 1176 2129 naturalem
1234 2077 1597 2128 antisocialem
1653 2078 1735 2128 vel
1793 2087 1962 2129 extra-

56 2163 309 2214 socialem
362 2163 543 2230 fingit,
598 2172 688 2213 aut
739 2163 1051 2213 societatem
1113 2161 1318 2211 civilem
1371 2161 1665 2225 generatim
1717 2178 1746 2210 e
1797 2160 1963 2211 libero

58 2246 334 2295 hominum
388 2262 651 2295 consensu
700 2263 792 2295 seu
835 2252 1022 2310 pactO,
1074 2245 1182 2293 sive
1225 2243 1478 2309 explicito
1530 2243 1639 2292 sive
1691 2243 1964 2310 implicito,

59 2328 278 2378 derivat.
354 2327 493 2376 Nam
542 2328 783 2376 «insitum
825 2327 1025 2377 homini
1066 2335 1252 2376 natura
1291 2334 1396 2386 est,
1442 2334 1498 2374 ut
1538 2326 1589 2374 in
1631 2325 1765 2375 civili
1806 2327 1968 2376 socie-

58 2417 167 2460 tate
219 2411 390 2460 Vivat»
449 2408 578 2474 (Leo
619 2409 800 2471 A'lll,
854 2409 1057 2474 encycl.
1119 2407 1456 2458 «Immortale
1496 2407 1686 2471 Dei»),
1736 2408 1967 2475 ideoque

61 2501 203 2542 recte
245 2509 275 2542 a
315 2491 368 2542 S.
423 2492 630 2541 'flamna
682 2490 759 2555 (C.
805 2501 947 2557 gent.
993 2491 1022 2541 l.
1071 2506 1116 2555 3,
1163 2509 1205 2541 c.
1253 2493 1348 2554 853
1393 2490 1476 2539 De
1519 2490 1703 2556 regim.
1746 2491 1966 2558 princip.

61 2574 91 2625 l.
145 2589 185 2635 Ι,
230 2592 273 2625 c.
325 2575 371 2637 Ι)
414 2583 466 2624 et
507 2574 800 2624 Arz'ssolclc
843 2573 1013 2638 (Polit.
1058 2573 1088 2624 1.
1142 2589 1181 2634 1,
1227 2591 1269 2622 c.
1324 2573 1368 2635 Ι)
1422 2572 1588 2621 homo
1628 2580 1851 2623 vocatus
1892 2582 1971 2622 est

65 2656 258 2707 animal
287 2656 592 2706 naturaliter
622 2655 896 2721 politicum
934 2656 1089 2718 (ζῶον
1120 2657 1272 2725 φύσει
1305 2654 1598 2721 πολιτικόν),
1643 2655 1672 2705 i.
1705 2672 1746 2705 e.
1780 2654 1970 2705 animal

63 2747 252 2789 natura
291 2756 386 2788 sua
426 2738 495 2788 ad
537 2739 978 2788 communitatem
1020 2737 1223 2788 civilem
1267 2737 1587 2787 ordinatum.

143 2829 342 2880 Coroll.
389 2845 436 2880 2.
515 2830 661 2896 Ergo
705 2831 971 2880 reicienda
1011 2840 1090 2880 est
1133 2829 1338 2880 theoria
1378 2829 1842 2889 anarcllislaram,
1883 2830 1973 2894 qui

65 2929 279 2962 omnem
330 2913 702 2962 auctoritatem
755 2913 1027 2978 publicam
1080 2922 1333 2979 respuunt
1385 2921 1437 2962 et
1489 2912 1799 2961 societatem
1848 2911 1972 2962 solis

66 2995 234 3060 pactis
274 2995 490 3060 privatis
529 2994 854 3044 sufficienter
895 2996 1124 3044 ordinari
1164 3012 1325 3061 posse
1367 3003 1555 3061 putant
1597 2994 1665 3057 (n.
1714 2994 1854 3057 327).

145 3088 346 3140 Coroll.
369 3106 424 3154 3.
484 3090 630 3156 Ergo
671 3091 901 3141 societas
943 3091 1120 3153 civilis,
1165 3098 1354 3157 utpote
1383 3108 1519 3156 opus
1558 3107 1660 3140 πονε
1701 3089 1842 3138 artis
1880 3089 1980 3138 sed

65 3180 310 3234 naturae,
353 3189 462 3222 non
501 3190 656 3222 secus
695 3189 757 3223 ac
799 3174 1077 3239 quodlibet
1120 3173 1260 3223 aliud
1303 3190 1439 3239 opus
1480 3179 1696 3221 naturae
1735 3171 1843 3220 veri
1883 3188 1970 3220 no-

67 3253 220 3303 minis
269 3262 555 3315 nataram,
606 3256 635 3305 i.
680 3272 722 3305 e.
765 3256 1012 3306 nativam
1054 3256 1337 3306 essentiam
1390 3262 1528 3304 cerlo
1565 3253 1679 3320 fini
1725 3253 1976 3303 natarali

68 3336 417 3397 correlatam,
456 3336 634 3387 habet.
