2182 3682
204 130 310 194 360
602 141 716 170 PARS
753 141 800 170 ΙΙ.
853 141 1173 171 PHILOSOPHIA
1209 141 1413 171 MORALIS
1450 142 1700 172 SPECIALIS.

2137 126 2162 134 ¹.-
2146 87 2159 106 ν-
2144 0 2163 81 «ἴοι-91

198 294 358 342 quam
407 294 584 343 neque
624 295 788 328 unum
839 279 1169 328 individuum
1222 296 1395 345 neque
1448 279 1624 346 aliqua
1676 279 2004 346 particularis
2047 279 2113 330 fa·
2156 339 2158 342 .

197 358 339 409 milia
378 359 646 426 impertire
686 367 882 426 potest,
927 378 1157 428 cumque
1197 361 1331 411 haec
1373 360 1606 427 pericula
1645 362 1749 412 sint
1794 361 2112 428 plerumque
2160 387 2165 392 ·

197 441 445 492 omnibus
485 442 536 491 in
578 443 769 492 eadem
810 443 1028 508 regione
1069 443 1437 494 habitantibus
1478 445 1800 505 communia,
1851 444 1961 494 fieri
2001 461 2110 494 non

195 532 401 590 potest,
462 526 590 591 quin
652 525 891 575 diversae
952 525 1180 576 familiae
1239 527 1291 576 in
1353 544 1516 576 unum
1577 534 1791 577 coetum
1851 526 2110 576 maiorem

195 605 517 658 coalescant.

269 697 319 760 c)
360 697 624 746 Homines
652 697 806 747 variis
846 697 1095 747 subsidiis
1135 697 1497 764 spiritualibus
1538 707 1592 747 et
1632 697 2001 764 corporalibus
2039 700 2109 748 ad

192 780 355 829 vitam
407 780 785 830 convenienter
835 780 1238 830 sustentandam
1293 781 1563 846 indigent,
1620 797 1756 846 quae
1809 798 1839 830 a
1890 780 2110 847 singulis

195 860 402 911 familiis
444 862 623 911 omnia
663 863 936 928 procurari
977 879 1084 912 non
1125 870 1368 929 possunt.
1432 862 1555 913 Una
1583 862 1722 912 enim
1765 862 1960 913 familia
2000 881 2108 913 non

190 951 372 1010 potest
426 952 550 1010 apte
606 961 858 994 exercere
915 945 1094 995 omnia
1149 945 1436 994 ministeria
1492 952 1546 995 et
1601 962 1790 995 omnes
1843 954 1984 995 artes
2039 947 2108 996 ad

189 1027 352 1076 vitam
393 1026 610 1076 homine
652 1027 873 1093 dignam
913 1028 1337 1089 sustentandam,
1382 1027 1663 1093 multoque
1703 1028 1874 1078 minus
1913 1027 2110 1079 sufficit

190 1110 259 1159 ad
298 1109 469 1160 varias
510 1109 847 1175 cognitiones
888 1110 1211 1160 necessarias
1253 1110 1619 1176 acquirendas,
1686 1110 1828 1160 Hinc
1867 1111 1982 1176 ipsa
2022 1128 2106 1161 ne-

191 1193 438 1242 cessitate
478 1191 788 1258 impellente
841 1193 1081 1242 diversae
1133 1191 1359 1242 familiae
1406 1193 1474 1242 ad
1517 1209 1575 1242 se
1616 1201 1801 1242 mutuo
1853 1193 2108 1243 iuvandas

189 1274 526 1324 inducuntur.
609 1273 708 1339 (Cf.
753 1273 809 1324 S.
862 1274 1068 1336 Tlmm„
1111 1274 1170 1323 In
1212 1274 1233 1323 I
1273 1274 1447 1324 Ethic.
1492 1274 1521 1324 l.
1575 1275 1639 1338 Ι.)

263 1364 319 1430 d)
375 1363 639 1413 Homines
698 1381 807 1414 non
863 1363 1037 1414 solum
1098 1364 1300 1413 debent
1360 1365 1523 1414 vitam
1584 1365 2103 1431 quomodocumque

187 1463 519 1508 conservare,
563 1446 658 1496 sed
691 1446 806 1512 ipsa
840 1453 1027 1496 natura
1068 1455 1190 1496 sunt
1230 1446 1504 1497 indefinite
1547 1446 1904 1513 perfectibiles
1944 1455 1997 1497 et
2037 1465 2107 1498 ex

187 1530 291 1579 Dei
332 1528 608 1578 voluntate
661 1529 729 1578 ad
771 1530 1028 1578 maiorem
1082 1529 1469 1596 perfectionem
1521 1530 1904 1596 acquirendam
1946 1547 2103 1595 gene-

188 1612 340 1662 ratim
382 1611 645 1662 destinati.
726 1611 898 1661 Huius
939 1621 1119 1661 autem
1160 1612 1501 1678 perfectionis
1543 1613 1820 1678 acquisitio
1862 1613 2102 1679 impossi-

187 1694 306 1744 bilis
358 1694 521 1755 foret,
581 1694 679 1744 nisi
733 1694 892 1744 etiam
948 1695 1149 1744 maiora
1202 1704 1255 1745 et
1308 1695 1528 1745 meliora
1580 1696 1817 1746 eiusdem
1867 1695 2104 1746 subsidia

186 1786 400 1844 praesto
442 1785 636 1826 essent.
707 1776 880 1843 Atqui
921 1777 990 1827 ad
1032 1777 1165 1828 haec
1207 1778 1442 1828 subsidia
1483 1778 1849 1844 comparanda
1889 1794 1993 1828 una
2033 1777 2101 1827 fa-

186 1859 327 1909 milia
367 1877 476 1909 non
516 1859 736 1921 sufficit,
781 1860 877 1909 sed
920 1860 1200 1926 requiritur
1240 1861 1381 1910 varia
1423 1869 1475 1910 et
1514 1860 1715 1910 stabilis
1755 1860 2102 1927 plurimorum

188 1942 517 2009 cooperatio,
561 1959 699 2008 quae
741 1942 922 1992 haberi
966 1943 1150 2009 nequit
1191 1943 1287 1993 nisi
1327 1944 1378 1992 in
1413 1942 1747 1993 multitudine
1791 1942 2103 1992 familiarum

185 2024 447 2075 stabiliter
488 2034 831 2091 congregata.

189 2157 338 2222 482.
419 2158 577 2209 Preb.
609 2159 737 2209 mai.
771 2159 839 2208 ad
871 2172 916 2208 2.
976 2158 1302 2209 A'eccssaric)
1332 2159 1387 2209 in
1416 2158 1519 2208 lma·
1558 2158 1896 2208 mullitudine
1929 2157 2105 2208 oritur

187 2241 501 2291 auctorz'las.

260 2331 398 2380 Nam
454 2331 503 2396 a)
546 2330 749 2380 nullum
792 2347 987 2397 corpus
1029 2332 1328 2381 conservari
1370 2340 1552 2397 potest
1595 2331 1706 2380 sine
1751 2329 1927 2397 aliquo
1968 2330 2103 2396 prin-

185 2413 352 2480 cipio,
401 2413 471 2463 ad
513 2414 662 2479 quod
704 2414 936 2479 pertinet
976 2414 1253 2463 intendere
1295 2422 1347 2463 et
1388 2429 1675 2479 procurare
1716 2413 1916 2463 bonurn
1961 2428 2103 2462 com-

186 2512 347 2545 mune
400 2496 564 2545 totius
617 2495 883 2561 corporis;
938 2496 991 2545 id
1034 2513 1163 2561 ergo
1205 2512 1237 2546 a
1277 2495 1494 2545 fortiore
1546 2496 1614 2545 de
1663 2512 1889 2562 corpore
1939 2495 2102 2544 socie-

185 2578 307 2628 tatis
348 2577 503 2628 valet.
586 2576 812 2644 Singula
867 2579 1006 2627 enirn
1062 2578 1305 2628 membra
1355 2578 1461 2627 suis
1514 2578 1816 2627 commodis
1866 2577 2100 2638 student,

185 2678 324 2727 quae
375 2677 537 2726 saepe
578 2660 724 2710 bono
780 2661 1055 2710 communi
1095 2669 1216 2710 sunt
1269 2661 1557 2723 contraria3
1613 2670 1886 2726 praeterea
1935 2657 2103 2709 multa

182 2750 306 2793 sunt
357 2744 652 2793 necessaria
705 2761 802 2808 pro
857 2743 1130 2792 communi
1184 2743 1356 2803 bono,
1413 2759 1552 2808 quae
1605 2743 1673 2792 ad
1727 2740 1965 2808 singulos
2015 2741 2100 2791 vel

185 2825 403 2875 omnino
460 2841 570 2874 non
624 2824 706 2874 vel
763 2842 871 2874 non
922 2825 1019 2874 nisi
1071 2824 1227 2874 valde
1289 2833 1494 2874 remote
1547 2824 1812 2890 pertinent
1869 2832 1924 2874 et
1977 2823 2100 2873 ideo

185 2906 613 2973 neglegerentur,
657 2907 752 2956 nisi
793 2907 981 2973 aliquis
1019 2907 1248 2968 adesset,
1294 2907 1383 2973 qui
1424 2907 1614 2956 eadem
1655 2924 1726 2956 ex
1766 2905 1944 2956 officio
1985 2922 2100 2971 pro-

186 2997 411 3041 curaret.

262 3080 319 3143 b)
359 3079 573 3129 Efficax
613 3087 667 3128 et
695 3078 939 3128 ordinata
981 3080 1290 3129 consecutio
1321 3078 1437 3128 finis
1478 3078 1776 3128 communis
1812 3094 1908 3143 per
1935 3075 2100 3126 multi-

184 3161 426 3211 tudinem
480 3160 822 3227 impossibilis
874 3169 955 3210 est
1006 3162 1116 3210 sine
1173 3161 1374 3210 unitate
1425 3161 1477 3210 in
1529 3177 1627 3209 usu
1681 3159 1978 3209 mediorum
2031 3157 2100 3208 ad

190 3243 333 3293 hunc
373 3243 550 3294 finem.
626 3243 779 3293 Haec
819 3252 998 3293 autem
1040 3243 1211 3292 unitas
1252 3242 1552 3292 necessario
1594 3240 1831 3307 postulat
1870 3240 2101 3306 aliquam

185 3326 560 3376 auctoritatem
613 3334 946 3386 concretam,
1002 3342 1139 3391 quae
1188 3325 1437 3374 omnibus
1494 3324 1856 3390 praescribere
1910 3323 2096 3389 possit,
