2182 3682
473 199 559 227 LIB.
595 199 625 227 I.
672 198 772 227 CAP.
808 198 868 227 1v.
917 197 978 225 DE
1012 197 1125 225 IURE
1162 197 1510 226 PROPRIETATiS.
1831 187 1928 236 261

45 335 96 386 in
124 350 312 383 manus
352 349 643 398 paucorum
684 339 1104 397 congregantur3
1148 329 1333 395 reliqui
1372 330 1615 379 homines
1650 331 1782 380 fiunt
1822 348 1936 397 pro-

44 415 222 466 letarii.
303 411 561 478 Quamvis
613 412 908 462 socialistae
963 412 1103 461 mala
1156 411 1413 461 hodierna
1471 428 1799 477 exaggerare
1858 429 1936 462 so-

45 497 199 557 leant,
241 502 421 545 tamen
462 512 568 544 non
608 510 794 560 pauca,
837 511 974 559 quae
1015 494 1082 542 ab
1123 494 1182 543 iis
1223 501 1409 543 contra
1436 492 1749 542 hodiernam
1777 495 1938 543 socie-

44 586 208 630 tatem
249 578 518 638 dicuntnr,
561 592 684 626 vera
724 584 868 636 sunt,
913 584 970 625 ut
1010 593 1079 625 ex
1119 575 1241 625 alibi
1283 575 1522 624 dicendis
1563 575 1634 638 (n.
1682 586 1778 638 595
1817 576 1939 640 sqq)

46 659 263 728 patebit.

48 787 193 840 330.
275 790 321 826 2.
367 776 517 825 Haec
559 783 732 825 autem
785 775 1031 825 condicio
1074 783 1126 823 et
1167 774 1399 824 evolutio
1442 774 1817 833 oeconomica,
1872 774 1940 821 in-

46 859 244 926 quiunt,
290 875 397 908 non
437 856 611 907 solum
652 865 731 906 est
773 856 1031 917 luctuosa,
1074 857 1169 905 sed
1212 857 1370 906 etiam
1411 856 1626 905 iniussa.
1690 856 1829 904 Nam
1870 854 1941 902 di-

45 942 177 991 vites
217 939 659 1005 (chapitalistaffl)
703 956 767 988 eo
808 938 925 988 solo
978 938 1107 988 fiunt
1156 939 1368 999 divites,
1425 938 1570 1003 quod
1613 937 1788 987 media
1827 953 1942 1002 pro-

46 1023 308 1073 ductionis
348 1021 557 1086 (solum,
601 1020 841 1081 fabricas,
886 1021 1108 1081 fodinas,
1151 1021 1261 1070 vias
1290 1021 1483 1069 ferreas
1511 1020 1635 1082 etc.)
1675 1018 1944 1068 exclusive

46 1104 321 1172 possident
373 1112 426 1152 et
466 1103 536 1152 ita
576 1111 899 1168 potestatem
954 1104 1326 1153 nanciscuntur
1378 1102 1646 1168 operarios
1694 1117 1942 1166 magnam

45 1194 250 1254 partem
309 1185 574 1251 spoliandi
634 1185 803 1234 fructu
864 1184 1058 1234 laboris
1113 1185 1204 1235 sui.
1291 1183 1531 1250 Plerique
1590 1183 1729 1232 enim
1783 1181 1945 1231 socia-

46 1268 194 1319 listae
235 1275 508 1333 tamquam
553 1267 850 1316 doctrinam
882 1266 1334 1316 fundamentalem
1361 1267 1648 1316 admittunt
1675 1263 1943 1314 llzcom'am

45 1350 273 1411 valoris,
316 1365 473 1415 quam
505 1349 662 1398 Marx
704 1349 865 1398 fusius
907 1348 1140 1399 excoluit
1182 1356 1235 1399 et
1275 1349 1342 1398 ad
1372 1365 1524 1398 usum
1564 1346 1945 1397 socialistarum

45 1432 490 1483 accommodavit.

121 1514 428 1565 Secundum
470 1513 606 1564 hanc
658 1513 918 1563 theoriam
972 1513 1175 1579 duplex
1228 1514 1299 1562 rei
1339 1512 1487 1562 valor
1539 1510 1947 1577 distinguendus

48 1605 153 1647 est:
196 1596 358 1645 valor
397 1595 604 1645 usualis
643 1604 695 1644 et
736 1595 899 1644 valor
938 1596 1352 1645 cotllllnllatz'r'lts.
1434 1595 1579 1644 Prior
1620 1594 1857 1643 consistit
1897 1592 1947 1640 in

47 1678 347 1745 aptitudine
388 1679 456 1727 rei
500 1678 568 1727 ad
610 1694 733 1726 usus
773 1677 1081 1743 personales
1121 1677 1374 1737 hominis,
1431 1676 1692 1743 posterior
1730 1692 1856 1724 vero
1897 1674 1948 1722 in

49 1761 344 1827 aptitudine
385 1760 456 1808 rei
496 1759 564 1808 ad
608 1777 755 1809 usum
800 1777 1151 1821 ravennatem,
1201 1761 1230 1810 i.
1276 1777 1318 1809 e.
1363 1760 1430 1809 ad
1473 1758 1949 1809 commutationem

49 1860 171 1893 cum
223 1841 333 1892 aliis
386 1842 663 1892 mercibus.
745 1841 831 1892 Sic
872 1859 917 1891 v.
963 1859 1012 1907 g.
1057 1841 1205 1891 valor
1255 1843 1445 1891 usualis
1498 1841 1657 1891 vestis
1709 1838 1950 1889 consistit

48 1925 99 1974 in
129 1942 210 1985 eo,
255 1924 401 1990 quod
443 1925 612 1990 possit
644 1924 787 1974 indui
817 1924 885 1973 ad
915 1925 1204 1990 tegendum
1236 1933 1288 1974 et
1317 1924 1708 1990 protegendum
1739 1938 1945 1987 corpus,

49 2005 196 2056 valor
251 2007 663 2056 commutativus
713 2023 839 2056 vero
892 2007 942 2055 in
996 2024 1087 2067 eo,
1151 2007 1297 2073 quod
1353 2007 1522 2072 possit
1581 2012 1765 2055 contra
1823 2003 1950 2053 alias

49 2105 253 2138 merces
293 2089 622 2139 commutari.
685 2089 916 2138 Priorem
947 2088 1181 2138 valorem
1224 2089 1473 2139 constitui
1514 2087 1640 2137 dicit
1680 2086 1805 2152 ipsis
1834 2103 1948 2151 pro-

50 2170 363 2236 prietatibus
404 2170 637 2236 physicis
678 2180 731 2220 et
772 2171 1037 2232 chemicis,
1079 2171 1425 2238 posteriorem
1456 2188 1581 2220 vero
1616 2168 1731 2219 solo
1764 2168 1951 2217 labore

50 2252 310 2314 lmmmw,
363 2252 435 2302 ita
486 2261 544 2302 ut
585 2253 656 2302 rei
695 2252 843 2302 valor
895 2255 1309 2304 commutativus
1362 2252 1713 2303 dimetiendus
1765 2251 1830 2299 sit
1881 2268 1951 2299 ex

50 2332 232 2384 labore
284 2335 527 2400 impenso
579 2335 631 2384 in
672 2351 735 2384 ea
786 2337 1174 2402 progignenda.
1256 2337 1427 2385 Immo
1470 2335 1625 2384 Marx
1676 2350 1835 2398 saepe
1877 2349 1949 2381 as-

49 2417 174 2466 serit
213 2417 285 2466 rei
323 2415 559 2466 valorem
600 2418 1041 2467 commutativum
1082 2418 1207 2467 nihil
1249 2418 1389 2468 aliud
1418 2435 1534 2467 esse
1575 2417 1671 2466 nisi
1712 2416 1951 2465 laborem

51 2497 102 2547 in
140 2498 266 2564 ipsis
307 2499 465 2548 rebus
506 2505 818 2548 contentum
858 2517 952 2549 seu
993 2500 1145 2566 quasi
1193 2499 1537 2566 coagulatum
1577 2498 1659 2548 vel
1702 2495 1951 2563 crystalli-

51 2586 238 2641 Saturn,
283 2597 439 2646 quam
484 2581 831 2631 assertionem
871 2581 942 2631 ita
982 2583 1212 2648 probare
1253 2590 1488 2632 conatur.

56 2712 200 2763 331.
280 2702 487 2751 Merces
516 2703 899 2753 diversissimae
922 2714 1147 2770 possunt
1176 2706 1310 2755 inter
1335 2723 1392 2755 se
1417 2704 1745 2755 commutari.
1785 2702 1953 2753 Valor

54 2800 182 2849 ergo
235 2785 648 2834 commutativus
701 2786 865 2836 debet
905 2804 1020 2836 esse
1072 2786 1293 2853 aliquid,
1349 2788 1399 2837 in
1442 2806 1549 2854 quo
1598 2787 1697 2836 hae
1750 2802 1952 2835 merces

53 2865 185 2915 inter
211 2883 268 2915 se
308 2867 640 2927 conveniant,
684 2884 778 2917 seu
819 2869 966 2934 quod
1008 2870 1133 2935 ipsis
1171 2870 1236 2919 sit
1264 2887 1547 2919 commune.
1610 2869 1732 2918 Hoc
1773 2876 1951 2917 autem

55 2963 160 2996 non
201 2958 426 3013 possunt
473 2965 588 2998 esse
640 2966 821 2999 earum
871 2952 1224 3017 proprietates
1275 2951 1529 3017 physicae
1570 2960 1622 3001 et
1663 2950 1949 3009 chemicae‚

56 3028 248 3094 quibus
288 3029 425 3079 adeo
467 3031 601 3080 inter
631 3048 689 3080 se
730 3032 992 3094 differunt,
1038 3051 1284 3099 quaeque
1325 3033 1560 3084 valorem
1601 3032 1839 3082 usualem
1880 3031 1952 3081 rei

56 3111 397 3161 constituunt.
480 3112 592 3161 Iam
632 3130 757 3162 vero
798 3115 841 3163 si
880 3115 1204 3165 abstrahitur
1244 3115 1311 3165 ab
1353 3115 1576 3165 utilitate
1618 3116 1689 3164 rei
1729 3124 1781 3164 et
1821 3113 1951 3179 phy-

55 3191 172 3241 sicis
212 3201 265 3242 et
305 3193 555 3244 chemicis
595 3196 1008 3261 proprietatibus
1050 3214 1168 3246 eam
1209 3197 1667 3257 constituentibus,
1712 3195 1838 3245 nihil
1879 3212 1951 3244 re-

55 3282 258 3334 manet,
301 3275 448 3340 quod
489 3275 723 3326 valorem
765 3279 1206 3328 commutativum
1248 3280 1570 3329 constituere
1612 3279 1800 3344 possit,
1855 3278 1953 3326 nisi

56 3352 187 3404 haec
227 3356 475 3422 qualitas,
526 3359 672 3423 quod
713 3369 834 3409 sunt
862 3361 1180 3425 produclullc
1222 3360 1430 3410 laboris
1468 3360 1708 3421 summm,
1752 3369 1804 3409 et
1844 3359 1951 3425 qui-
