2182 3682
482 186 568 215 Lm.
606 186 633 214 1.
679 185 776 212 ow.
812 185 871 212 IV.
919 185 982 212 DE
1015 184 1125 213 IURE
1160 185 1507 214 PROPRIETATIS.
1840 175 1942 238 287

55 323 275 375 civitatis
315 339 422 371 non
463 321 817 386 possunthoc
858 326 1073 384 pactum
1116 319 1444 369 rescindere?
1499 320 1552 369 Si
1595 321 1947 385 respondetur

55 412 299 472 posteros
339 404 405 452 ad
448 401 889 452 consentiendum
931 402 1203 467 primaevo
1232 400 1301 449 illi
1342 409 1502 466 pacto
1544 400 1782 466 obligari,
1826 403 1947 467 quia

55 487 187 537 ordo
229 493 281 534 et
320 501 428 551 pax
479 483 748 533 societatis
788 483 839 532 id
883 483 1175 549 requirant,
1231 499 1295 532 eo
1337 483 1454 547 ipso
1507 482 1818 532 conceditur
1856 483 1946 532 ho-

54 569 220 619 mines
259 567 368 616 iure
409 565 633 615 naturali
673 564 895 630 obligari
935 565 1002 614 ad
1038 573 1148 614 rata
1188 564 1437 613 habenda
1479 564 1712 614 dominia
1740 564 1946 613 eadem-

53 667 157 717 que
197 651 247 699 in
289 647 551 714 praesenti
591 647 864 696 hominum
919 646 1234 696 condicione
1281 646 1571 711 generatim
1615 663 1729 695 esse
1772 662 1947 695 neces-

52 732 198 792 saria,
241 733 312 781 ita
353 738 410 780 ut
450 730 697 794 abrogari
739 746 844 778 non
886 728 1110 794 possintss

53 894 199 948 370.
281 893 446 932 PARS
478 894 553 932 ΙΙΙ.
616 894 785 942 Neque
822 893 961 930 unice
994 892 1153 941 repeti
1178 893 1347 940 potest
1390 903 1451 929 ex
1495 891 1596 928 iure
1643 890 1704 928 ad
1746 889 1946 928 fructum

51 969 247 1007 laboris.

129 1060 292 1107 Prob.
333 1073 372 1106 1.
447 1055 503 1107 Si
542 1057 621 1106 ius
672 1056 739 1106 ad
795 1055 1022 1106 fructum
1076 1054 1273 1104 laboris
1312 1054 1389 1104 sui
1442 1063 1583 1104 esset
1633 1055 1846 1104 unicum
1897 1063 1950 1104 et

52 1140 293 1191 ultimum
322 1140 728 1189 fundamentum
756 1139 879 1188 iuris
912 1138 1263 1204 proprietatis,
1308 1145 1491 1202 posset
1518 1136 1651 1186 haec
1680 1136 1949 1186 communi

52 1239 313 1273 consensu
354 1221 614 1287 abrogari.
694 1221 832 1270 Nam
875 1228 1053 1286 potest
1094 1218 1315 1286 quilibet
1354 1219 1445 1268 iuri
1489 1236 1586 1268 suo
1635 1218 1947 1268 renuntiare.

52 1305 223 1371 Atqui
261 1305 314 1354 id
357 1303 546 1353 falsum
588 1312 681 1353 est.
761 1303 916 1368 Ergo
950 1344 957 1352 .

56 1469 200 1522 371.
283 1460 447 1506 Prob.
486 1473 529 1507 2.
591 1458 902 1508 Dominium
929 1458 1233 1522 fundorum
1276 1465 1416 1507 certe
1445 1473 1552 1506 non
1593 1462 1771 1521 potest
1803 1455 1950 1504 unice

52 1541 275 1591 derivari
315 1558 383 1590 ex
422 1542 529 1590 iure
570 1541 638 1591 ad
682 1540 908 1590 fructum
949 1539 1145 1590 laboris
1183 1540 1277 1589 sui.
1353 1539 1492 1588 Nam
1533 1537 1704 1587 solum
1747 1536 1949 1586 homini

51 1622 217 1673 multa
257 1623 545 1673 commoda
585 1631 637 1672 et
678 1622 1038 1672 emolumenta
1079 1622 1244 1683 affert,
1290 1638 1424 1687 quae
1453 1637 1482 1670 a
1510 1620 1693 1669 labore
1734 1636 1950 1685 prorsus

51 1713 172 1755 sunt
210 1705 639 1771 independentia.
699 1704 824 1770 Quo
858 1705 966 1754 iure
995 1721 1123 1770 ergo
1165 1711 1345 1770 potest
1386 1704 1502 1770 quis
1542 1703 1593 1751 in
1634 1710 1949 1767 perpetuum

53 1787 183 1838 alios
222 1787 290 1837 ab
333 1804 430 1837 usu
471 1786 690 1837 alicuius
729 1788 842 1852 agri
883 1785 1191 1847 excludere,
1236 1787 1277 1835 si
1318 1786 1476 1835 etiam
1516 1783 1586 1833 1111
1628 1785 1679 1833 in
1720 1783 1950 1833 eundem

53 1886 271 1936 operam
311 1870 622 1935 impendere
661 1868 843 1919 volunt
885 1870 953 1919 ad
997 1868 1192 1919 fructus
1233 1866 1556 1934 capiendos?
1624 1866 1806 1915 Potest
1847 1865 1953 1931 qui-

53 1953 175 2002 dem
230 1952 539 2018 responderi
593 1952 999 2018 proprietarium
1054 1968 1266 2017 semper
1317 1966 1514 2000 novum
1571 1947 1810 1998 laborem
1863 1947 1951 1996 im-

54 2034 287 2100 pendere
328 2034 376 2083 in
420 2051 623 2099 agrum.
693 2032 800 2084 Sed
843 2034 946 2084 hoc
976 2034 1021 2083 ei
1062 2042 1266 2083 tantum
1302 2034 1380 2082 ius
1421 2032 1614 2091 tribuit,
1658 2040 1714 2079 ut
1754 2030 1843 2079 fiat
1884 2031 1953 2079 in-

55 2116 290 2177 demnis,
350 2124 402 2165 at
461 2134 569 2182 quo
623 2116 732 2166 iure
788 2125 967 2183 potest
1020 2116 1150 2165 alios
1205 2117 1254 2165 in
1310 2121 1627 2181 perpetuum
1680 2112 1952 2178 impedire,

53 2199 338 2264 quominus
379 2199 535 2248 etiam
578 2198 649 2248 illi
689 2216 819 2264 agro
862 2198 1107 2248 utantur?

57 2362 201 2416 372.
284 2354 449 2401 Prob.
488 2369 531 2415 3.
592 2353 768 2403 Etiam
811 2354 989 2419 quoad
1032 2370 1113 2403 res
1154 2351 1374 2402 mobiles
1414 2352 1491 2401 ius
1519 2352 1586 2401 ad
1623 2350 1845 2400 fructum
1890 2349 1956 2400 la-

55 2433 197 2484 boris
237 2435 313 2484 sui
366 2430 550 2501 nequit
601 2453 715 2485 esse
767 2437 951 2486 unicus
1003 2443 1055 2485 et
1108 2434 1319 2484 ultimus
1370 2432 1549 2484 titulus
1601 2433 1951 2499 proprietatis.

57 2514 144 2566 Sic
183 2517 226 2566 si
277 2517 394 2583 quis
446 2517 663 2567 fortuito
716 2518 914 2567 invenit
966 2518 1307 2567 adamantem
1358 2515 1442 2566 vel
1494 2532 1704 2576 aurum,
1758 2515 1800 2564 si
1846 2514 1958 2564 sine

56 2597 239 2648 labore
280 2600 421 2665 cepit
460 2599 653 2649 animal
695 2599 957 2660 silvestre,
1007 2600 1185 2649 statim
1226 2616 1256 2648 a
1297 2599 1467 2664 primo
1510 2605 1785 2648 momento
1826 2597 1958 2646 haec

56 2679 200 2730 bona
240 2682 508 2746 pertinent
541 2682 609 2731 ad
638 2699 760 2731 eum
801 2699 975 2747 neque
1017 2690 1193 2731 tamen
1234 2687 1358 2730 sunt
1400 2680 1599 2730 fructus
1639 2679 1834 2729 laboris
1862 2679 1955 2738 sui,

57 2762 152 2811 nisi
209 2762 339 2813 velis
401 2780 598 2813 meram
660 2764 1071 2830 occupationem
1132 2763 1372 2813 laborem
1431 2778 1655 2824 vocare3
1723 2768 1775 2811 et
1832 2768 1958 2810 tunc

58 2842 271 2894 ulterius
323 2862 546 2911 quaero,
602 2862 695 2895 cur
745 2846 862 2896 talis
915 2845 1066 2896 labor
1116 2845 1340 2895 sufficiat
1393 2844 1460 2894 ad
1514 2844 1840 2910 gignendum
1882 2843 1960 2892 ius

59 2927 409 2992 proprietatis

133 3013 380 3065 Ceterum
420 3023 572 3067 nota:
617 3016 782 3066 Aliud
819 3025 898 3067 est
939 3017 1139 3067 dicere:
1184 3016 1262 3066 ius
1290 3017 1356 3066 ad
1392 3016 1619 3066 fructum
1660 3014 1855 3064 laboris
1882 3014 1959 3063 sui

61 3106 139 3147 est
178 3099 393 3148 unicum
435 3108 488 3148 et
528 3098 858 3149 exclusivum
901 3100 1306 3149 fundamentum
1347 3099 1470 3148 iuris
1510 3097 1860 3164 proprietatis,
1908 3104 1960 3145 et

60 3177 228 3230 aliud:
273 3180 367 3230 nisi
408 3180 606 3230 licitum
648 3190 787 3231 esset
827 3181 923 3231 sibi
965 3182 1178 3248 propria
1219 3179 1490 3230 exclusivo
1531 3180 1639 3229 iure
1672 3179 1958 3244 acquirere,

63 3261 272 3311 deesset
310 3262 576 3312 sufficiens
617 3263 859 3313 stimulus
900 3263 1112 3323 laboris,
1155 3263 1485 3329 proindeque
1524 3260 1642 3310 talis
1682 3260 1959 3325 acquisitio

64 3342 225 3393 debet
265 3343 574 3418 esse-licita.
649 3345 771 3395 Hoc
813 3346 1073 3411 posterius
1112 3362 1296 3394 verum
1337 3352 1431 3404 est,
1476 3344 1617 3408 prius
1660 3341 1860 3392 falsum.
