2182 3682
208 171 273 223 72
612 169 725 198 PARS
759 170 788 198 Ι.
841 170 1160 205 PHILOSOPHIA
1195 169 1402 198 MORALIS
1437 170 1716 201 GENERALIS.

203 308 281 354 vel
330 307 674 355 conservandi.
745 308 860 354 Vita
901 315 949 355 et
986 307 1167 354 sanitas
1203 307 1266 354 de
1303 323 1354 354 se
1392 317 1503 355 sunt
1537 309 1727 355 homini
1763 310 2119 359 convenientes

203 397 289 429 seu
324 381 579 441 honestae,
618 381 863 444 appetitus
898 397 1017 429 vero
1055 397 1137 429 eas
1175 382 1506 429 conservandi
1545 384 1607 430 de
1639 399 1690 431 se
1717 392 1789 431 est
1813 384 2115 434 indifferens.

203 458 282 504 De
329 457 424 503 hac
471 472 522 504 re
570 458 711 519 plura
758 456 979 504 dicemus
1026 456 1155 503 infra
1201 465 1406 517 agentes
1452 457 1514 505 de
1551 457 1886 506 indifferentia
1922 468 2114 507 actuum

203 533 533 578 humanorum
571 529 880 593 (praesertim
916 547 964 578 n.
1009 533 1116 589 116,
1155 531 1253 578 obi.
1296 527 1356 592 2).

206 647 308 713 76.
396 665 498 705 ΟΜ.
532 678 574 716 4.
649 659 707 704 In
758 657 964 704 obiectis
1017 665 1214 703 actuum
1264 657 1593 705 humanorum
1645 674 1749 706 non
1799 667 1962 721 potest
2012 675 2118 708 esse

203 733 412 790 bonitas,
454 733 491 779 si
527 733 578 779 in
614 731 670 779 iis
708 747 811 778 non
849 740 921 778 est
957 731 1154 779 malitia.
1209 731 1363 793 Atqui
1394 748 1499 779 non
1528 742 1601 783 est
1624 733 1822 781 malitia.
1875 735 2027 795 Ergo.
2055 760 2118 766 —
2181 728 2182 753 ³

201 808 344 854 Proh.
384 809 526 853 min..-
574 807 839 854 Obiectum
888 816 1085 853 actuum
1132 807 1462 854 humanorum
1500 823 1698 869 semper
1733 817 1805 856 est
1841 808 2006 869 aliqua
2041 825 2119 857 res

205 877 323 943 (sive
372 882 500 928 actio
548 881 765 928 humana
812 881 913 928 sive
954 876 1081 942 alia).
1153 881 1308 943 Atqui
1341 883 1501 929 omnis
1538 898 1616 930 res
1653 890 1726 930 est
1760 884 1909 931 bona.
1980 884 2120 944 Ergo

203 957 254 1003 in
292 956 499 1004 obiectis
536 972 642 1003 non
679 965 752 1004 est
787 957 986 1003 malitia.

281 1056 433 1104 Resp.
498 1046 631 1092 Cone.
669 1048 779 1092 moi.
841 1046 982 1106 Nego
1018 1047 1127 1094 min.
1201 1047 1283 1094 Ad
1321 1048 1462 1108 prob.
1503 1063 1618 1095 conc.
1657 1049 1765 1094 mai.
1783 1086 1796 1104 ,
1834 1048 1938 1094 dist.
1977 1049 2087 1095 min.
2105 1067 2120 1096 .-

205 1121 382 1168 Omnis
428 1136 505 1168 res
553 1129 625 1168 est
670 1122 805 1168 bona
852 1122 1024 1168 saltem
1073 1121 1164 1168 sibi
1206 1118 1444 1184 (bonitate
1493 1122 1913 1170 transcendentali
1952 1131 2000 1169 et
2039 1123 2120 1169 ab·

203 1192 394 1256 soluta),
433 1212 567 1252 conc„
607 1204 679 1243 est
715 1197 851 1243 bona
888 1192 1204 1258 (appetibilis)
1244 1197 1395 1255 alteri,
1436 1207 1484 1244 et
1521 1196 1723 1258 quidem
1748 1196 1935 1244 homini
1965 1193 2120 1259 (boni-

202 1280 301 1318 tate
350 1267 659 1333 respectiva),
708 1272 928 1318 modest..-
976 1287 1173 1333 semper
1218 1273 1354 1319 bona
1401 1272 1688 1333 simpliciter
1735 1288 1820 1320 seu
1856 1273 1906 1318 in
1943 1271 2119 1319 ordine

202 1346 393 1405 morali,
432 1362 561 1406 nego,
598 1348 734 1393 bona
772 1346 1044 1393 secundum
1084 1346 1203 1408 quid
1240 1362 1325 1393 seu
1361 1347 1579 1409 physice,
1617 1347 1646 1394 i.
1685 1362 1727 1394 e.
1765 1349 1844 1394 vel
1880 1347 2006 1394 utilis
2042 1349 2120 1394 vel

203 1422 533 1479 delectabilis,
585 1428 734 1468 trans.
811 1421 982 1468 «Licet
1030 1436 1107 1468 res
1156 1423 1424 1469 exteriores
1474 1422 1569 1469 sint
1613 1422 1665 1468 in
1713 1437 1765 1469 se
1801 1422 1918 1483 ipsis
1953 1423 2118 1471 bonae

204 1493 443 1557 (bonitate
481 1493 737 1558 absoluta),
776 1505 944 1543 tamen
980 1512 1083 1543 non
1119 1512 1316 1558 semper
1340 1497 1527 1543 habent
1551 1497 1750 1543 debitam
1767 1499 2120 1559 proportionem

202 1572 272 1618 ad
298 1572 421 1618 hanc
454 1573 531 1618 vel
561 1573 694 1618 illam
731 1574 980 1628 actionem,
1031 1580 1080 1618 et
1126 1572 1241 1619 ideo
1290 1573 1340 1618 in
1383 1581 1620 1632 quantum
1658 1571 2034 1620 considerantur
2068 1581 2121 1620 ut

203 1646 400 1694 obiecta
435 1647 605 1694 talium
642 1647 908 1705 actionum,
947 1662 1049 1693 non
1087 1647 1273 1694 habent
1307 1648 1553 1694 rationem
1587 1647 1738 1694 boni»
1779 1642 1842 1708 (1,
1881 1664 1923 1706 2,
1963 1663 2010 1709 q.
2043 1651 2116 1706 18,

204 1738 246 1768 a.
290 1739 311 1768 2
354 1722 418 1769 ad
460 1718 518 1782 Ι).

279 1820 397 1858 Inst.
468 1811 622 1872 Atqui
670 1811 720 1857 in
770 1810 976 1858 obiectis
1025 1827 1127 1859 non
1175 1820 1338 1873 potest
1385 1827 1492 1859 esse
1539 1811 1737 1859 bonitas
1785 1811 1985 1859 moralis
2033 1828 2118 1860 seu

201 1887 461 1945 honestasg
508 1902 625 1932 nam
673 1886 923 1933 moralitas
973 1896 1044 1933 est
1080 1886 1358 1948 proprietas
1395 1896 1591 1934 actuum
1627 1886 1983 1946 humanorum,
2033 1888 2117 1934 scl.

203 1961 381 2008 modus
420 1962 638 2022 quidam,
680 1977 778 2022 quo
816 1961 1097 2023 procedunt
1134 1978 1162 2008 a
1199 1962 1403 2009 ratione.

279 2054 430 2102 Resp.
498 2045 629 2090 Dz'st.
680 2045 788 2090 min.
838 2044 1088 2105 subsumpt.
1167 2061 1204 2091 1.
1257 2043 1425 2105 quoad
1472 2045 1751 2091 bom'totmn:
1796 2060 1901 2091 non
1950 2053 2023 2092 est
2070 2044 2121 2091 in

202 2120 409 2167 obiectis
433 2119 640 2166 'bonitas
678 2119 922 2176 formalis,
974 2134 1119 2176 cono,
1167 2119 1363 2166 bonitas
1401 2119 1646 2166 obiectiva
1684 2114 2119 2183 (fundamentalis),

201 2210 344 2255 nega·
396 2211 436 2240 2.
477 2194 644 2255 quoad
679 2196 1025 2241 moralitatem:
1070 2210 1174 2241 non
1223 2203 1333 2241 sunt
1382 2194 1578 2241 obiecta
1614 2195 1697 2241 illa
1731 2194 1940 2241 moralia
1975 2209 2121 2241 sensu

200 2270 431 2331 proprio,
481 2285 628 2326 cono,
675 2284 821 2316 sensu
864 2269 1167 2330 improprio,
1218 2269 1245 2315 i.
1287 2284 1328 2315 e.
1367 2284 1470 2315 non
1505 2269 1693 2316 habent
1728 2268 2021 2316 relationem
2057 2269 2121 2316 ad

200 2354 336 2392 actus
388 2345 602 2391 morales
655 2359 841 2405 eosque
894 2344 1207 2401 modificant,
1262 2360 1390 2403 nego.
1472 2344 1603 2391 Dist.
1653 2345 1843 2405 pariter
1891 2346 2121 2390 rationem

200 2420 377 2466 addit„-
418 2419 674 2466 Moralitas
711 2434 858 2465 sensu
894 2419 1099 2480 proprio
1137 2428 1209 2466 est
1246 2418 1522 2480 proprietas
1560 2427 1756 2465 actuum
1793 2419 2121 2465 humanorum

199 2494 493 2551 liberorum,
543 2509 688 2549 cona,
738 2493 990 2540 moralitas
1038 2509 1184 2540 sensu
1225 2493 1524 2555 improprio,
1574 2509 1688 2553 nego
1730 2488 1794 2555 (n.
1836 2488 1931 2554 57).
2003 2494 2121 2541 Hoc

201 2584 346 2616 sensu
382 2568 430 2615 S.
479 2569 683 2615 Thomas
720 2564 782 2630 (1,
825 2586 866 2623 2,
908 2585 953 2629 q.
999 2586 1071 2630 19,
1111 2585 1153 2615 a.
1199 2586 1216 2614 1
1260 2568 1324 2614 ad
1362 2565 1436 2628 3):
1491 2569 1714 2614 «Bonum
1751 2582 1840 2629 per
1876 2567 2119 2615 rationem

200 2653 600 2706 repraesentatur
646 2644 885 2690 voluntati
932 2652 983 2689 ut
1031 2643 1306 2690 obiectum:
1361 2651 1409 2689 et
1459 2642 1510 2688 in
1560 2650 1795 2703 quantum
1849 2642 1981 2689 cadit
2031 2643 2119 2689 sub

202 2719 378 2765 ordine
415 2717 643 2775 rationis,
692 2717 907 2779 pertinet
944 2718 1007 2764 ad
1044 2733 1199 2779 genus
1235 2717 1385 2764 moris
1423 2726 1471 2764 et
1508 2724 1674 2764 causat
1709 2716 1983 2764 bonitatem
2020 2733 2120 2764 mo·

205 2794 362 2841 ralem
398 2794 449 2839 in
486 2802 598 2840 actu
635 2793 943 2840 voluntatis.»

203 2913 306 2967 77·
386 2919 487 2959 Obi.
523 2930 564 2970 5.
635 2911 926 2958 Scholastici
974 2912 1212 2958 docentes
1259 2912 1571 2958 honestatem
1607 2910 1876 2957 consistere
1912 2910 1964 2956 in
2006 2925 2120 2957 con·

201 2986 453 3032 formitate
491 3002 602 3032 cum
639 2995 813 3033 natura
849 2986 1079 3033 rationali
1114 2987 1212 3032 hoc
1251 2986 1459 3032 confuso
1497 2985 1651 3032 modo
1688 2985 1929 3045 loquendi
1955 2985 2120 3045 negle-

204 3070 326 3121 gunt
362 3061 619 3107 cardinem
657 3060 1054 3120 controversiaeg
1094 3060 1343 3120 quaeritur
1392 3059 1551 3117 enim,
1601 3075 1848 3119 quaenam
1897 3059 1992 3106 sint
2037 3059 2119 3106 illa

202 3135 450 3197 principia
485 3135 715 3193 rationis,
766 3135 942 3195 quibus
991 3135 1348 3182 determinatur
1389 3135 1513 3181 ordo
1550 3133 1821 3180 honestatis
1859 3142 1907 3180 et
1942 3134 2120 3180 Ethica

205 3211 266 3257 ab
292 3210 580 3257 Aesthetica
616 3219 665 3257 et
700 3209 806 3256 aliis
843 3209 1059 3256 scientiis
1098 3209 1423 3269 distinguitur,
1462 3208 1547 3255 ubi
1583 3207 1730 3254 etiam
1766 3208 2013 3270 principia
2047 3225 2120 3255 ra·-

202 3284 350 3331 tionis
397 3285 585 3332 debent
627 3284 840 3345 dirigere
888 3291 1024 3330 actus
1067 3292 1277 3330 nostros.
1352 3278 1444 3343 (Cf.
1491 3282 1750 3339 Castelez'n,
1799 3282 2119 3344 Philosophia

202 3359 374 3405 moral.
413 3368 462 3405 et
497 3374 595 3406 soc.
635 3375 681 3420 p.
722 3353 819 3419 64.)
