2182 3682
513 163 599 192 LIB.
634 163 680 192 ΙΙ.
730 163 830 192 CAP.
865 163 934 192 ΙΙΙ.
982 163 1045 191 DE
1079 162 1334 191 SOCIETATE
1369 163 1526 194 CIVILI.
1847 164 1946 218 395

138 299 219 345 Ad
255 314 281 358 3
321 314 434 357 nego
469 305 642 353 assert.
684 300 877 346 Bonum
902 299 1152 360 publicum
1190 307 1263 345 est
1295 300 1579 360 complexus
1615 301 1805 348 illarum
1843 318 1957 350 con-

61 374 324 429 dicionum,
364 388 485 433 quas
520 372 569 418 in
596 373 719 420 thesi
745 373 1104 434 descripsimus.
1156 374 1267 419 Hae
1305 382 1464 419 autem
1501 375 1823 423 condiciones
1854 393 1957 424 non

60 456 169 495 sunt
203 448 390 493 bonum
426 447 667 508 privatum
705 448 798 494 nisi
833 454 1002 494 remote
1038 456 1086 494 et
1120 449 1406 503 virtualiter,
1454 456 1693 507 quatenus
1728 450 1956 497 nimirum

59 522 264 569 eaedem
301 521 501 581 singulis
538 522 772 569 membris
809 522 1055 583 organicis
1096 521 1302 568 civitatis
1328 523 1682 583 possibilitatem
1718 525 1960 584 praebent

16 651 18 653 .
59 612 195 643 suam
231 596 485 656 propriam
532 596 815 643 felicitatem
853 597 1039 644 directe
1080 611 1169 658 per
1205 612 1256 643 se
1305 596 1568 644 efficiendi.
1640 598 1789 645 Unde
1826 608 1961 660 patet

60 672 245 718 bonum
271 669 512 731 privatum
540 671 686 717 etiam
716 672 935 717 omnium
961 671 1139 717 civium
1165 670 1305 717 simul
1332 681 1637 732 sumptorum
1668 688 1773 719 esse
1805 674 1960 719 solum

61 747 208 792 finem
233 750 456 791 remotum
493 745 713 801 civitatis,
753 761 854 792 non
892 754 1053 792 autem
1079 746 1227 792 finem
1250 747 1525 807 prexivmm
1556 756 1603 793 et
1631 748 1960 804 immediatum,

61 836 89 866 a
126 833 224 880 quo
261 835 398 866 suam
435 819 653 881 speciem
690 820 851 867 habet.

136 900 219 946 Ad
255 917 285 958 4
322 916 435 960 nego
482 906 642 947 (essert.
716 901 897 947 Nostra
945 901 1187 948 sententia
1223 903 1319 949 hoc
1356 902 1538 948 factum
1586 903 1861 950 universale
1899 905 1963 950 fa-

61 974 239 1021 cillime
276 975 521 1036 explicare
548 984 722 1036 potest.
779 976 997 1023 Societas
1036 976 1188 1023 civilis
1225 976 1356 1023 enim
1383 978 1655 1037 generatim
1683 978 1964 1025 hominibus

62 1057 133 1096 est
167 1050 446 1096 necessaria
482 1058 530 1096 et
565 1059 854 1111 praecepta,
900 1050 1017 1097 hinc
1054 1052 1200 1097 etiam
1239 1066 1297 1097 ea
1334 1051 1574 1097 sacrificia
1610 1054 1719 1113 lege
1757 1053 1965 1100 naturali

60 1133 330 1185 praecepta
377 1132 510 1182 sunt,
562 1139 689 1184 quae
734 1125 797 1171 ad
845 1125 1056 1172 eandem
1106 1126 1498 1172 conservandam
1542 1128 1620 1173 vel
1668 1127 1769 1174 eius
1817 1129 1965 1174 finem

61 1198 387 1245 obtinendum
435 1207 545 1245 sunt
581 1200 873 1246 necessaria.
946 1201 1090 1246 Haec
1131 1210 1292 1246 autem
1338 1201 1577 1247 sacrificia
1613 1197 1657 1262 a)
1695 1218 1966 1262 numquam

61 1272 493 1333 comprehendunt
544 1275 699 1320 emnia
747 1275 866 1320 bama
917 1277 1119 1320 emnium
1170 1277 1348 1321 civizum.
1422 1277 1564 1323 Esset
1611 1277 1744 1323 enim
1796 1286 1968 1324 contra

60 1347 304 1394 rationem
330 1363 503 1395 omnes
529 1349 660 1395 cives
686 1350 852 1395 omnia
877 1349 1011 1395 bona
1036 1365 1120 1396 sua
1144 1349 1446 1411 profundere
1474 1366 1564 1411 pro
1592 1351 1967 1399 conservatione

61 1421 279 1480 civitatis,
320 1438 447 1483 quae
478 1422 593 1483 ipsis
619 1425 937 1484 pereuntibus
975 1425 1121 1471 etiam
1148 1424 1286 1485 perit.
1341 1426 1478 1483 Ergo
1510 1427 1666 1472 solum
1704 1427 1868 1486 aliqua
1891 1428 1970 1473 vel

61 1497 206 1543 etiam
241 1512 422 1558 magna
448 1513 560 1558 pars
586 1497 765 1544 civium
803 1498 969 1544 onmia
994 1499 1127 1545 bona
1164 1515 1249 1546 sua
1274 1500 1566 1561 temporalia
1605 1517 1714 1547 cum
1741 1501 1847 1562 ipsa
1871 1501 1969 1548 vita

59 1586 163 1617 non
200 1570 386 1618 directe
423 1572 655 1629 abiciunt,
695 1574 781 1620 sed
820 1574 976 1620 solum
1003 1574 1137 1634 gravi
1176 1575 1253 1620 vel
1290 1584 1426 1620 certo
1454 1577 1663 1636 periculo
1699 1585 1966 1637 exponunt,

61 1654 112 1692 ut
148 1655 344 1693 servent
393 1642 438 1706 α)
477 1647 681 1694 aliorum
718 1648 1041 1709 plurimorum
1078 1648 1252 1706 vitam,
1302 1650 1380 1696 vel
1427 1649 1467 1709 β)
1506 1651 1639 1696 bona
1674 1651 1966 1712 temporalia

62 1728 161 1766 tum
201 1736 285 1767 sua
321 1730 422 1767 tum
460 1722 680 1780 aliorum,
719 1718 760 1783 4)
800 1723 1073 1770 eorundem
1110 1723 1386 1770 libertatem
1424 1734 1471 1770 et
1507 1724 1962 1786 independentiam,

63 1795 266 1842 fortasse
294 1796 439 1842 etiam
464 1797 782 1853 honestatem,
811 1799 1165 1859 proprietatem
1192 1799 1507 1856 nadonalem,
1536 1801 1827 1861 religionem
1854 1810 1964 1859 eto,

63 1865 104 1931 ὃ)
141 1878 192 1916 ut
229 1871 405 1917 eadem
441 1871 575 1918 bona
611 1889 639 1918 a
675 1872 941 1919 maioribus
986 1882 1193 1934 accepta
1228 1874 1439 1934 posteris
1475 1874 1657 1922 intacta
1693 1876 1966 1923 hereditate

61 1944 403 1992 transmittant.
457 1946 687 1992 Profecto
726 1947 764 1992 si
794 1947 1008 2008 privatus
1047 1963 1131 1993 sua
1156 1949 1289 1994 bona
1314 1950 1622 2010 temporalia,
1662 1966 1797 1997 suam
1827 1951 1969 1997 liber-

62 2027 211 2065 tatem
249 2020 395 2065 etiam
433 2028 632 2066 cruente
659 2021 932 2067 defendere
958 2030 1121 2082 potest
1156 2038 1260 2068 non
1298 2023 1400 2069 sine
1428 2025 1555 2070 vitae
1585 2024 1815 2086 propriae
1846 2025 1970 2086 peri-

63 2093 200 2150 culo,
251 2109 336 2139 cur
371 2093 505 2140 idem
553 2110 653 2141 non
691 2095 835 2142 liceat
886 2096 1046 2142 multis
1095 2097 1327 2144 membris
1364 2113 1455 2159 pro
1505 2098 1647 2145 simili
1682 2100 1819 2146 bono
1868 2107 1969 2146 tum

62 2167 265 2229 proprio
302 2177 403 2214 tum
441 2169 645 2216 aliorum
685 2170 1036 2231 plurimorum?

141 2246 189 2310 b)
228 2250 392 2297 Etiam
439 2252 488 2297 in
525 2251 617 2298 illis
665 2247 878 2309 casibus,
929 2254 978 2299 in
1017 2254 1192 2314 quibus
1231 2254 1362 2301 cives
1411 2255 1578 2302 omnia
1614 2256 1749 2302 bona
1784 2264 1971 2318 tempo-

63 2324 183 2370 ralia
219 2340 330 2371 cuni
367 2325 465 2372 vita
504 2335 640 2373 certo
678 2327 949 2374 discrimini
988 2328 1222 2386 obiciunt,
1262 2345 1365 2376 non
1402 2330 1688 2391 simpliciter
1716 2332 1850 2378 bona
1886 2348 1971 2379 sua

63 2400 345 2461 neglegunt,
384 2400 472 2447 sed
498 2401 674 2448 eadem
713 2418 824 2449 cum
850 2404 993 2450 bonis
1031 2403 1212 2450 altioris
1251 2404 1436 2452 ordinis
1475 2414 1522 2452 et
1559 2415 1799 2467 perpetuo
1837 2423 1970 2453 man-

63 2473 184 2521 suris
221 2483 538 2522 commutant.
609 2477 751 2535 Quae
788 2478 955 2538 utique
993 2478 1219 2525 doctrina
1255 2480 1534 2527 necessario
1572 2481 1806 2542 supponit
1841 2482 1970 2529 hanc

62 2548 211 2595 vitam
247 2557 527 2597 terrestrem
577 2567 688 2597 cum
738 2552 965 2599 omnibus
1003 2553 1147 2600 bonis
1183 2555 1537 2615 temporalibus
1584 2572 1687 2602 non
1735 2571 1841 2603 esse
1877 2557 1968 2604 nisi

64 2624 357 2683 palaestram
393 2640 484 2686 pro
522 2626 618 2672 vita
657 2626 814 2672 futura
861 2626 1146 2685 immortali,
1196 2628 1246 2674 in
1286 2644 1382 2689 qua
1430 2630 1618 2676 sanctio
1666 2630 1804 2678 huius
1841 2632 1967 2679 vitae

63 2697 354 2759 imperfecta
391 2701 690 2761 complenda
728 2702 819 2748 erit
857 2697 920 2763 (n.
966 2698 1089 2763 170).

796 2865 1123 2905 ARTICULUS
1155 2867 1229 2906 III.

420 2966 513 3011 DE
552 2966 778 3014 CAUSA
815 2970 869 3014 M
876 2970 1205 3016 ATERIALI
1243 2970 1598 3017 CIVITA.TIS

70 3076 214 3140 526.
294 3080 531 3143 Materia,
575 3100 644 3132 ex
684 3101 789 3150 qua
831 3086 1013 3136 civitas
1042 3087 1387 3149 constituitur,
1433 3089 1624 3154 partim
1654 3088 1970 3153 pe75072al25

66 3167 160 3221 est,
204 3163 393 3227 partim
435 3165 622 3227 7eal2'5,
667 3166 694 3217 i.
739 3184 780 3216 e.
827 3176 938 3217 tum
979 3169 1240 3235 populum
1281 3178 1394 3219 tum
1437 3171 1752 3220 territorium
1792 3171 1860 3220 ab
1901 3188 1966 3220 eo

66 3241 418 3295 inhabitatum
473 3249 952 3314 comprehendens.
1048 3251 1133 3301 De
1188 3262 1415 3318 utroque
1472 3253 1736 3302 elemento
1797 3269 1966 3318 pauca

68 3323 319 3376 dicemus.
