2182 3682
455 164 542 193 Lm.
578 164 625 192 11.
673 164 770 193 CAP.
807 164 854 192 ῐΙ.
902 164 964 192 DE
999 163 1254 192 SOCIETATE
1289 165 1572 194 DOMESTICA.
1863 165 1961 219 355

77 298 291 365 proprio
338 298 661 348 naturalem.
743 299 882 348 Nam
935 299 1237 362 coniugium
1290 308 1369 348 est
1425 300 1651 349 societas
1701 301 1966 362 naturalis,

75 380 196 445 quia
234 388 420 429 natura
447 380 690 429 homines
717 379 936 430 inclinat>
973 380 1041 428 ad
1070 380 1320 429 unionem
1349 397 1574 429 sexuum
1603 398 1709 430 non
1739 382 1968 447 qualem-

76 478 316 527 cumque,
360 461 456 511 sed
497 460 673 522 talem,
716 468 773 510 ut
811 462 877 511 sit
905 462 1058 510 unius
1086 478 1205 510 cum
1234 478 1353 521 una,
1397 468 1450 510 et
1479 461 1695 526 quidem
1725 464 1970 528 perennis

75 543 125 591 in
165 542 349 592 ordine
382 543 450 592 ad
481 542 686 609 prolem
715 543 1075 608 generandam
1105 551 1157 591 et
1185 543 1536 592 educandam.
1605 543 1691 591 Ex
1717 544 1971 594 societate

75 623 340 689 coniugali
386 623 793 674 connaturaliter
836 625 985 690 quasi
1030 624 1224 673 fructus
1280 624 1518 673 eiusdem
1573 625 1838 674 enascitur
1892 642 1971 674 so-

76 707 237 755 cietas
277 706 586 772 parentalis,
630 707 698 756 ad
741 722 902 771 quam
945 706 1176 771 denique
1216 706 1443 754 societas
1483 704 1658 754 herilis
1699 714 1969 771 tamquam

74 787 414 838 connaturale
456 788 910 854 complementum
953 788 1176 837 accedit.

77 936 223 990 471.
282 926 500 977 Familia
523 925 790 992 complete
811 934 1052 992 spectata
1071 942 1193 974 cum
1212 924 1505 974 Aristolclc
1528 924 1696 988 (Polit.
1724 925 1752 975 l.
1788 940 1827 987 1,
1854 943 1897 976 c.
1922 927 1972 989 2)

75 1017 127 1058 et
168 1007 221 1058 S.
264 1008 469 1058 Thema
511 1008 714 1058 definiri
755 1015 959 1074 potest:
1004 1007 1353 1056 communitas
1382 1015 1487 1071 per
1515 1006 1690 1071 ‘Issam
1719 1016 1973 1057 naturam

75 1090 351 1140 consillum
392 1091 448 1141 2'12
489 1108 693 1140 onmem
734 1091 891 1151 diem,
935 1090 966 1140 ί,
1011 1107 1050 1138 e.
1095 1089 1174 1138 ad
1208 1096 1370 1149 actus,
1420 1088 1512 1153 qui
1551 1089 1740 1138 cotidie
1781 1089 1981 1154 agendi

75 1180 368 1222 occurrunt.
422 1171 678 1238 Quamvis
706 1181 884 1221 autem
912 1172 978 1220 sit
1006 1171 1233 1220 societas
1263 1170 1575 1235 composita,
1607 1187 1786 1220 veram
1814 1170 1976 1220 habet

76 1254 348 1313 unitatem,
392 1263 506 1303 tum
547 1272 616 1304 ex
657 1262 805 1320 parte
834 1253 950 1302 finis
981 1261 1094 1302 tum
1124 1270 1192 1301 ex
1220 1260 1370 1318 parte
1397 1252 1724 1301 auctoritatis
1751 1252 1973 1303 socialis,

149 1335 184 1385 I.
229 1336 390 1385 Finis
415 1337 686 1400 familiae
726 1343 806 1385 est
847 1335 1143 1385 cotidianus
1183 1335 1320 1384 vitae
1355 1350 1479 1383 usus
1509 1342 1560 1383 et
1589 1334 1740 1395 ordo,
1783 1334 1978 1384 finibus

75 1417 406 1479 societatum,
451 1418 644 1483 quibus
685 1426 909 1478 constat,
954 1416 1412 1467 accommodatus.
1481 1415 1584 1465 Hic
1626 1415 1742 1465 finis
1777 1416 1975 1466 bonum

77 1517 362 1550 commune
414 1499 640 1550 familiae
693 1500 992 1560 constituit,
1047 1499 1113 1548 ad
1168 1515 1398 1563 eumque
1450 1498 1840 1563 assequendum
1882 1499 1978 1547 sin-

77 1580 202 1647 gula
243 1581 465 1631 familiae
508 1582 772 1641 membra,
816 1581 937 1631 licet
979 1581 1186 1630 diverso
1230 1581 1410 1640 mod0‚
1456 1579 1677 1645 physice
1718 1588 1770 1629 et
1811 1597 1977 1629 mora-

78 1663 193 1713 liter
234 1665 507 1730 cooperari
549 1673 806 1714 tenentur.

79 1806 226 1860 472.
306 1797 367 1846 Il.
423 1797 735 1847 Auclm‘ilas
773 1796 1077 1846 dmmstica.
1160 1792 1418 1859 Quamvis
1460 1793 1654 1843 familia
1695 1793 1813 1859 lege
1855 1794 1977 1843 cari-

77 1879 197 1928 tatis
237 1879 573 1944 potissimum
616 1879 871 1929 contineri
912 1878 1135 1938 debeat,
1187 1876 1528 1926 nihilominus
1567 1874 1768 1924 stabilis
1809 1884 1861 1924 et
1902 1893 1978 1924 or-

77 1961 257 2010 dinata
309 1961 673 2011 membrorum
726 1960 950 2010 familiae
991 1960 1300 2025 cooperatio
1343 1959 1410 2008 ad
1453 1974 1737 2008 commune
1778 1958 1977 2007 bonum

75 2042 306 2109 aliquam
349 2045 720 2094 auctoritatem
761 2044 942 2108 exigit,
988 2060 1122 2108 quae
1164 2042 1214 2090 in
1255 2041 1564 2107 parentibus
1605 2040 1753 2089 inest.

748 2205 1016 2254 THESIS
1055 2205 1308 2251 LXXIII.

79 2319 226 2373 473-
308 2318 642 2366 Parentibus
669 2317 936 2365 naturalis
960 2316 1016 2363 in
1042 2316 1186 2364 filios
1211 2321 1463 2376 potestas
1483 2312 1781 2374 competit;
1810 2312 1979 2360 huius

76 2407 210 2440 vero
247 2393 543 2454 potestatis
579 2392 858 2454 primatus
895 2393 1045 2452 apud
1082 2397 1304 2452 patrem
1343 2389 1565 2436 residet.

155 2505 321 2543 PARS
352 2505 384 2543 I.
449 2506 522 2543 De
555 2505 766 2542 naturali
792 2505 1039 2553 potestate
1071 2504 1340 2552 parentum.

154 2586 320 2633 Prob.
407 2599 448 2635 Ι.
493 2585 578 2634 Ex
618 2603 711 2645 eo,
763 2584 909 2650 quod
950 2584 1061 2633 sine
1102 2582 1192 2632 tali
1233 2589 1511 2647 parentum
1555 2586 1823 2646 potestate
1865 2578 1980 2627 finis

77 2666 326 2717 naturalis
367 2668 622 2731 coniugii,
673 2666 915 2716 nimirum
958 2666 1139 2715 debita
1180 2664 1405 2713 filiorum
1447 2662 1729 2730 educatio„
1754 2660 1979 2710 obtineri

78 2766 185 2798 non
228 2756 423 2815 potest.

154 2844 201 2881 2.
256 2831 406 2881 Idem
448 2831 614 2897 exigit
655 2831 789 2881 ordo
831 2829 1082 2890 familiae,
1138 2828 1227 2894 qui
1268 2829 1380 2877 sine
1433 2827 1613 2876 debita
1667 2825 1979 2875 auctoritate

78 2914 367 2963 consistere
421 2914 616 2979 nequit.
699 2913 850 2962 Haec
903 2921 1081 2962 autem
1133 2911 1421 2960 auctoritas
1467 2910 1517 2958 in
1559 2907 1867 2974 parentibus
1907 2923 1979 2955 re-

77 2994 247 3045 sideat
287 3012 505 3046 necesse
545 3004 651 3055 est,
701 3012 731 3044 a
772 2995 964 3062 quibus
1005 2994 1092 3043 filii
1135 2993 1317 3060 quoad
1358 2991 1723 3041 exsistentiam
1764 2996 1816 3038 et
1857 3005 1978 3038 con-

77 3078 431 3127 servationem
471 3087 747 3142 tamquam
789 3093 819 3127 a
861 3077 1120 3143 principio
1161 3094 1258 3125 suo
1301 3073 1624 3140 dependent.

152 3159 302 3209 Haec
354 3166 633 3226 parentum
686 3167 926 3225 potestas
966 3176 1060 3225 per
1100 3175 1156 3208 se
1197 3158 1405 3222 utrique
1457 3153 1661 3220 parenti
1703 3152 1976 3217 competit,

79 3257 201 3291 cum
241 3242 308 3292 ab
346 3248 571 3307 utroque
600 3240 689 3290 filii
715 3250 987 3307 tamquam
1019 3259 1048 3290 a
1077 3241 1334 3307 principio
1365 3236 1720 3303 dependeant,
1764 3242 1816 3283 et
1844 3242 1978 3282 uter-

79 3339 182 3388 que
223 3324 290 3373 ad
337 3324 708 3374 educationem
765 3324 1039 3389 cooperari
1090 3331 1345 3372 teneatur.
1427 3319 1702 3367 Praeterea
1752 3316 1978 3364 societas

1625 3404 1718 3455 23*
