2182 3682
474 167 561 196 Lm.
598 167 626 196 1.
674 167 772 196 cAl‘.
810 167 869 195 iv.
915 166 977 194 Dr:
1012 166 1121 194 lURE
1156 165 1504 193 PROPRIETATffi.
1837 156 1933 203 281

46 319 203 368 agros
243 300 383 361 colit,
426 309 478 350 et
507 301 754 350 directori
784 300 1013 349 fabricae
1041 305 1141 348 ete.
1196 297 1383 363 Atque
1410 298 1514 348 hoc
1542 315 1697 348 sensu
1728 299 1942 364 George

48 390 262 449 usurpat
301 399 498 432 nomen
538 382 798 432 mercedis
839 388 892 431 et
933 379 1270 429 nihilominus
1310 379 1379 429 ad
1421 381 1790 429 auctoritatem
1820 380 1943 430 doc-

49 474 221 516 torum
262 463 608 513 oeconomiae
650 462 896 529 politicae
938 478 1231 528 provocare
1272 461 1448 511 audet.

121 549 175 622 b)
229 551 322 602 Ad
378 552 715 618 probandum
770 552 1026 601 interesse
1081 549 1272 614 (fenus)
1329 549 1439 599 fieri
1493 566 1705 615 semper
1757 550 1941 611 minus,

48 642 304 702 provocat
331 635 398 684 ad
436 634 833 700 experientiam,
878 650 945 682 ex
975 648 1078 698 qua
1107 640 1316 681 constat
1346 649 1442 697 pro
1472 632 1659 681 eadem
1690 633 1945 697 pecuniae

46 732 253 767 summa
303 715 464 765 hodie
517 715 688 765 minus
739 715 933 765 fenoris
974 715 1201 764 obtineri
1241 729 1402 779 quam
1445 712 1593 773 olim,
1636 731 1684 763 v.
1730 730 1778 778 g.
1824 721 1946 763 ante

51 812 120 863 30
157 798 241 848 vel
283 812 353 860 40
392 815 575 848 annos
657 796 766 847 Sed
818 796 902 846 hic
946 795 1160 862 George
1201 796 1388 845 iterum
1430 795 1537 845 duo
1580 795 1785 844 diversa
1826 812 1947 845 con-

50 879 235 940 fundit,
277 879 368 929 scl.
411 878 619 944 singula
661 878 904 945 capitalia
943 877 1198 943 (singulas
1238 878 1493 941 summas)
1535 886 1587 926 et
1629 876 1946 926 totalitatem

49 962 280 1012 omnium
313 960 629 1027 capitalium,
661 978 798 1026 quae
825 960 876 1009 in
904 960 1081 1026 aliqua
1108 959 1323 1008 natione
1346 959 1621 1008 habentur.
1680 958 1738 1007 In
1761 975 1948 1024 aequa-

49 1044 191 1094 tione
231 1060 388 1110 supra
428 1042 611 1093 allata:
655 1043 978 1109 productum
1023 1065 1089 1083 z
1133 1059 1321 1091 census
1363 1042 1428 1104 —l—
1468 1058 1671 1090 merces
1704 1041 1767 1103 ἦ-
1797 1041 1948 1090 inter-

49 1143 189 1187 esse,
244 1133 302 1175 ut
351 1126 417 1175 sit
456 1143 605 1185 vera,
660 1126 875 1174 nomine
915 1125 1171 1174 interesse
1211 1122 1572 1189 intellegenda
1624 1132 1702 1172 est
1742 1139 1950 1172 summa

49 1208 279 1259 omnium
323 1207 580 1267 fenorum,
625 1224 783 1273 quam
826 1206 1070 1256 lolall'lczs
1110 1206 1340 1256 omnium
1372 1204 1674 1271 capitalium
1704 1205 1754 1254 in
1783 1221 1948 1270 regno

49 1289 224 1356 aliquo
262 1290 467 1355 accipit.
539 1290 613 1340 Ut
642 1307 772 1355 ergo
802 1307 912 1338 rem
940 1306 1090 1338 suam
1120 1288 1386 1354 probaret,
1433 1287 1705 1337 debuisset
1735 1286 1951 1352 George

50 1372 332 1423 ostendere
371 1389 633 1421 summam
674 1372 908 1421 omnium
944 1371 1184 1420 fenorum
1215 1371 1527 1434 (interesse),
1570 1387 1730 1435 quam
1759 1370 1950 1435 capita-

50 1453 199 1504 listae
255 1453 416 1503 hodie
472 1454 762 1520 accipiunt,
822 1471 937 1503 esse
993 1461 1198 1519 partem
1256 1451 1469 1501 relative
1524 1452 1782 1501 minorem
1835 1469 1949 1517 pro-

49 1543 299 1586 ventuum
329 1535 685 1596 nationalium‚
730 1553 891 1601 quam
923 1535 1075 1585 fuerit
1103 1534 1244 1584 olim.
1313 1535 1371 1583 Id
1403 1522 1582 1584 autem
1612 1533 1754 1583 nullo
1784 1534 1949 1583 modo

51 1618 299 1678 ostendit,
342 1618 437 1668 sed
478 1617 651 1667 solum
691 1636 788 1685 pro
818 1616 1023 1684 aequali
1051 1635 1274 1678 summa,
1306 1636 1352 1667 v.
1386 1635 1435 1682 g.
1468 1634 1565 1682 pro
1596 1615 1736 1666 mille
1765 1616 1948 1677 aureis,

51 1701 212 1751 hodie
269 1701 439 1750 minus
496 1700 690 1750 fenoris
746 1701 914 1766 accipi
970 1718 1131 1766 quam
1188 1699 1328 1750 olim.
1426 1699 1548 1749 Hoc
1608 1708 1786 1748 autem
1842 1698 1952 1748 fieri

52 1790 256 1849 potest,
312 1784 553 1849 quamvis
594 1782 827 1833 totalitas
869 1783 1104 1831 omnium
1147 1781 1387 1831 fenorum
1430 1781 1590 1830 hodie
1631 1781 1697 1830 sit
1738 1779 1950 1830 relative

53 1865 217 1915 maior
258 1882 377 1931 pars
417 1874 771 1932 proventuum
814 1864 1182 1925 nationalium,
1227 1880 1386 1930 quam
1431 1863 1555 1912 olim
1599 1863 1763 1912 fuerit.
1845 1862 1947 1923 Sic,

50 1956 107 1997 ut
158 1946 409 2014 exemplo
463 1965 573 1997 rem
615 1946 909 2008 declarem,
965 1947 1005 1996 si
1047 1947 1096 1996 in
1139 1963 1242 1996 una
1283 1963 1464 1995 mensa
1511 1956 1532 2008 5
1581 1962 1745 2011 panes
1787 1945 1951 1994 distri-

50 2029 283 2079 buuntur
333 2031 468 2079 inter
526 2040 548 2093 5
606 2029 848 2079 homines
901 2038 951 2079 et
1004 2030 1054 2078 in
1107 2029 1207 2079 alia
1268 2042 1330 2078 lo
1373 2045 1538 2094 panes
1578 2029 1711 2078 inter
1753 2027 1950 2076 20110-

52 2113 243 2173 mines,
299 2112 348 2160 in
401 2112 500 2162 hac
553 2112 847 2177 posteriore
900 2129 1082 2161 mensa
1135 2112 1495 2176 unusquisque
1548 2111 1720 2159 minus
1761 2110 1953 2175 accipit

52 2211 208 2260 quarn
252 2194 301 2243 in
343 2194 530 2259 priore,
575 2202 628 2243 et
669 2193 1007 2243 nihilominus
1047 2194 1097 2242 in
1138 2192 1224 2242 illa
1265 2193 1432 2242 maior
1472 2210 1719 2241 numerus
1752 2208 1951 2257 panum

52 2276 379 2326 distribuitur
420 2293 580 2341 quam
620 2277 672 2325 in
713 2275 828 2325 hac.
899 2275 985 2326 Sic
1019 2276 1177 2325 etiam
1208 2275 1317 2325 fieri
1346 2276 1535 2341 potuit,
1579 2275 1742 2324 immo
1773 2290 1953 2324 revera

52 2358 250 2408 factum
279 2368 373 2420 est,
406 2367 460 2408 ut
490 2358 614 2408 olim
646 2376 741 2424 pro
771 2367 914 2408 certa
943 2359 1201 2424 pecuniae
1229 2375 1438 2407 summa
1473 2371 1682 2407 10—20
1710 2374 1807 2423 pro
1836 2373 1951 2406 cen-

51 2449 162 2490 tum
205 2441 585 2506 acciperentur,
629 2440 791 2490 hodie
834 2440 1054 2490 fortasse
1083 2440 1173 2489 vix
1220 2450 1262 2503 5,
1308 2447 1360 2489 et
1388 2439 1730 2489 nihilominus
1760 2440 1951 2505 capita-

52 2522 201 2573 listae
240 2523 401 2573 hodie
443 2522 562 2589 plus
602 2522 795 2573 fenoris
834 2523 1098 2589 accipiant
1139 2540 1300 2589 quam
1344 2521 1496 2583 olim,
1541 2523 1662 2588 quia
1704 2538 1951 2571 numerus

53 2604 354 2672 capitalium
396 2604 681 2671 plurimum
721 2613 908 2656 auctus
950 2612 1043 2655 est.

776 2766 1045 2815 THESIS
1083 2768 1226 2814 LIX.

58 2879 202 2934 359·
286 2878 621 2926 Communis
657 2878 942 2940 possessio
980 2877 1083 2925 soli
1122 2863 1401 2925 exclusiva
1436 2877 1799 2938 impossibilis
1850 2882 1949 2923 est.

705 2979 967 3034 (Moralphil.
1002 2983 1041 3020 Π
1077 2982 1160 3031 278
1185 2980 1299 3034 sqq.)

167 3081 255 3134 St.
304 3082 378 3151 Q.
459 3086 582 3135 Non
636 3103 894 3151 negamus
946 3088 1103 3137 etiam
1158 3088 1387 3136 minores
1440 3086 1848 3137 communitates
1899 3091 1952 3134 et

56 3168 469 3232 corporationes,
513 3169 797 3235 municipia
837 3178 889 3219 et
928 3170 1069 3236 ipsas
1111 3170 1348 3239 civitates
1389 3186 1548 3235 posse
1589 3169 1639 3217 in
1682 3166 1950 3217 communi

55 3249 327 3313 possidere
374 3250 584 3300 fundos,
664 3251 836 3301 Immo
876 3251 980 3301 hoc
1021 3250 1148 3301 utile
1189 3268 1304 3301 esse
1345 3259 1550 3316 potest,
1594 3250 1716 3315 quia
1756 3246 1949 3297 stabili-

55 3331 150 3381 tati
199 3332 466 3383 societatis
507 3322 672 3395 favet;
725 3334 822 3386 sed
863 3351 1124 3400 negamus
1164 3342 1337 3387 totum
1377 3331 1551 3384 solum
1593 3329 1859 3383 exclusive
1898 3329 1949 3378 in
