2182 3682
107 166 206 195 CAP.
237 165 304 194 111.
350 165 411 193 DE
444 162 677 192 BONITATE
712 162 768 189 ΕΤ
804 161 1002 189 MALITIA
1037 160 1213 189 MORALI
1248 160 1445 188 ACTUUM
1481 160 1807 189 HUMANORUM.
1870 160 1936 213 77

44 315 201 366 quam
231 299 590 356 observamus,
635 303 688 345 et
721 295 1070 344 «maximam»
1108 294 1496 360 («Max2‘me»),
1542 295 1571 344 i.
1604 312 1646 344 e.
1679 296 1935 345 motivum

43 397 136 431 seu
165 379 481 445 principium
508 377 876 437 subiectivum,
921 393 989 426 ex
1018 392 1124 441 quo
1154 374 1330 440 legem
1359 375 1719 426 observamus.
1775 377 1938 425 Porro

43 462 166 527 quia
205 461 293 511 lex
343 459 555 509 moralis
606 467 683 508 est
735 457 1038 507 universalis
1091 464 1144 506 et
1194 457 1491 506 necessario
1544 474 1641 521 pro
1695 458 1938 506 omnibus

44 543 259 593 omnino
301 530 892 592 entibus'rationalibus
932 538 1087 598 valet,
1130 539 1364 587 maxima
1404 547 1528 587 tunc
1560 537 1733 587 solum
1762 546 1939 604 potest

42 641 156 687 esse
197 625 365 684 bona,
419 625 461 672 si
501 629 627 688 apta
667 629 773 682 est,
817 631 874 670 ut
914 621 1140 686 accipiat
1181 620 1406 669 formam
1447 618 1579 685 legis
1619 620 1936 680 universalis,

41 723 160 766 seu,
204 714 261 754 ut
302 705 531 754 Kantius
570 705 684 770 ipse
725 721 835 753 rem
877 701 1136 763 declarat,
1189 702 1241 751 si
1279 719 1374 766 ego
1416 701 1554 750 velle
1583 710 1829 766 possum,
1887 710 1943 751 πῖ

42 804 160 837 mea
201 787 448 836 maxima
472 786 586 852 fiat
624 785 716 834 lex
755 784 1097 834 universalis.

115 868 393 918 Eiusmodi
451 876 630 917 autem
692 867 926 916 maxima
990 864 1297 914 universalis
1363 874 1415 914 et
1474 865 1770 914 necessaria
1834 882 1938 913 non

41 958 222 1017 potest
273 968 340 1000 ex
393 950 722 1015 experientia
772 949 988 1009 hauriri,
1046 964 1165 997 cum
1217 947 1350 996 haec
1405 964 1513 996 non
1555 946 1807 996 exhibeat
1847 947 1942 996 nisi

41 1032 374 1100 particularia
421 1040 474 1081 et
514 1031 902 1096 contingentia;
957 1030 1052 1079 sed
1096 1037 1174 1078 est
1215 1045 1244 1078 a
1284 1028 1549 1089 materia,
1605 1028 1741 1077 circa
1782 1045 1942 1094 quam

40 1113 285 1164 voluntas
325 1121 565 1164 versatur
616 1121 669 1162 et
709 1129 867 1178 quam
922 1110 1252 1177 experientia
1303 1110 1636 1176 suppeditat,
1692 1110 1941 1176 indepen—

41 1197 188 1257 dens,
210 1205 285 1246 ¹et
324 1195 499 1246 solum
540 1195 752 1261 respicit
766 1195 1037 1258 formam,
1080 1192 1376 1242 secundum
1406 1209 1565 1258 quam
1595 1199 1719 1257 apta
1747 1200 1841 1252 est,
1885 1200 1943 1241 ut

42 1279 133 1328 fiat
173 1278 261 1328 lex
300 1277 618 1328 universalis.
698 1276 921 1342 Propter
961 1275 1098 1324 hanc
1139 1274 1612 1340 independentiam
1653 1289 1683 1323 a
1723 1274 1942 1323 materia

41 1362 172 1411 ratio
214 1361 447 1426 practica
486 1369 708 1409 vocatur
748 1375 894 1424 pura.
977 1356 1032 1407 Si
1077 1374 1205 1422 ergo
1255 1357 1372 1422 quis
1413 1356 1479 1405 ad
1522 1356 1791 1422 agendum
1834 1373 1941 1404 mo-

39 1450 190 1493 vetur
240 1460 421 1493 amore
473 1441 690 1491 alicuius
742 1441 870 1490 boni
918 1457 1013 1506 per
1053 1439 1434 1505 experientiam
1477 1438 1676 1503 cogniti
1718 1439 1940 1502 (motivo

43 1525 537 1587 eudaemonistico>‚
581 1541 688 1573 non
730 1523 841 1588 agit
881 1521 1148 1571 moraliter
1181 1521 1229 1584 (i.
1263 1538 1304 1570 e.
1338 1520 1601 1583 honeste),
1645 1520 1739 1569 sed
1769 1519 1941 1569 solum

40 1607 258 1674 quando
287 1624 355 1656 ex
384 1606 674 1656 reverentia
703 1604 834 1670 legis
862 1603 1161 1669 impellitur.
1212 1602 1296 1651 Ex
1327 1620 1432 1668 quo
1462 1601 1678 1651 ulterius
1705 1603 1942 1667 sequitur

41 1689 324 1739 moralitati
364 1687 696 1738 essentialem
740 1704 853 1736 esse
895 1685 1274 1746 ammmmiam,
1318 1685 1346 1733 i.
1380 1702 1422 1733 e.
1467 1692 1524 1733 ut
1563 1682 1810 1733 voluntas
1848 1701 1942 1733 seu

43 1772 173 1821 ratio
203 1772 450 1837 practica,
483 1787 618 1836 quae
646 1769 943 1819 secundum
969 1767 1223 1816 Kantium
1255 1783 1373 1816 cum
1403 1765 1675 1815 voluntate
1705 1764 1944 1814 rationali

42 1853 445 1913 indentificatur,
488 1870 638 1902 suam
669 1851 961 1916 propriam
992 1851 1163 1915 legem
1193 1849 1466 1909 observet;
1512 1865 1634 1897 nam
1663 1849 1713 1897 in
1743 1848 1942 1897 hetero-

41 1935 238 1997 nomia,
283 1952 388 2001 qua
428 1951 525 1984 nos
564 1934 854 1983 subicimus
895 1932 998 1997 legi
1040 1932 1280 1992 alienae,
1323 1947 1535 1996 semper
1577 1930 1844 1991 ducimur,
1888 1938 1944 1978 ut

41 2018 270 2068 Kantius
311 2025 478 2083 putat,
524 2015 786 2066 eiusmodi
826 2015 1028 2064 motivo
1070 2013 1526 2062 eudaemonistico
1558 2013 1766 2073 amoris,
1811 2012 1939 2078 spei,

44 2100 247 2150 timoris
302 2107 402 2149 etc.
499 2098 787 2164 Propterea
838 2106 1074 2146 nostram
1128 2096 1386 2144 rationem
1444 2095 1732 2160 practicam
1786 2102 1944 2143 vocat

44 2181 463 2231 nomotheticam.
521 2179 634 2230 Sibi
674 2180 772 2246 ipsi
814 2188 894 2228 est
934 2177 1022 2228 lex
1063 2187 1114 2227 et
1156 2186 1235 2227 est
1264 2176 1380 2226 finis
1409 2177 1455 2225 in
1487 2194 1557 2226 se.
1615 2176 1811 2225 Forma
1839 2176 1946 2225 uni-

44 2264 258 2314 versalis
286 2271 338 2313 et
366 2262 623 2323 absoluta,
656 2278 759 2327 qua
788 2261 977 2311 eadem
1006 2260 1181 2326 legem
1205 2258 1457 2308 moralem
1482 2258 1697 2324 profert,
1729 2266 1948 2308 vocatur

46 2346 397 2410 imperativus
437 2345 778 2410 categoricus,
822 2351 878 2393 ut
919 2343 1271 2407 distinguatur
1311 2342 1379 2391 ab
1420 2340 1740 2406 imperativis
1780 2341 1948 2406 hypo-

45 2428 280 2489 theticis,
324 2428 412 2493 qui
451 2427 627 2476 solum
668 2427 1040 2476 condicionate
1082 2423 1439 2489 praecipiunt,
1481 2440 1528 2472 v.
1573 2440 1623 2487 g.
1667 2424 1708 2471 si
1737 2440 1843 2472 non
1872 2423 1949 2472 vis

48 2511 348 2560 mendicare
389 2509 440 2559 in
480 2516 770 2569 senectute,
816 2508 984 2558 debes
1024 2506 1266 2556 laborare
1306 2506 1357 2554 in
1391 2505 1678 2554 iuventute.

398 2669 426 2724 ξ
461 2683 497 2723 3.
549 2670 857 2710 PRAECIPUI
889 2669 1157 2708 ERRORES
1190 2667 1596 2707 REFUTANTL'R.

770 2781 1040 2829 THESIS
1076 2781 1225 2827 XIII.

54 2886 154 2938 88·
234 2896 666 2952 Utilitatismus‚
720 2895 814 2957 qui
851 2894 1175 2942 felicitatem
1213 2892 1331 2939 sive
1368 2891 1645 2952 privatam
1684 2889 1802 2936 sive
1850 2902 1950 2948 pu-

52 2971 256 3018 blicam
294 2985 557 3019 normam
595 2969 860 3018 bonitatis
897 2975 953 3016 et
990 2967 1235 3015 malitiae
1287 2965 1517 3014 moralis
1567 2978 1692 3012 esse
1745 2961 1951 3017 statuit,

53 3045 369 3093 reiciendus
406 3053 504 3093 est.
1752 3042 1755 3044 ’

131 3156 296 3195 PARS
327 3157 359 3195 Ι.
419 3158 492 3195 De
525 3155 755 3195 felicitate
785 3155 978 3204 privata
1012 3154 1154 3191 huius
1190 3153 1331 3191 vitae.

130 3243 294 3290 Prob.
381 3258 421 3292 Ι.
476 3241 651 3308 Saepe
703 3242 986 3308 periurium
1028 3239 1111 3290 vel
1153 3239 1499 3289 homicidium
1540 3236 1608 3286 acl
1651 3234 1953 3285 felicitatem

57 3323 312 3395 privatam
365 3324 519 3373 huius
565 3317 705 3374 vitae
755 3323 929 3384 utilia,
984 3323 1148 3372 immo
1201 3320 1496 3370 necessaria
1548 3333 1662 3367 esse
1713 3323 1953 3382 possunt.
