2182 3682
1826 174 1853 183 ..a

466 154 550 182 Llss.
586 153 614 181 Ι.
659 152 760 181 CAP.
795 152 855 180 IV.
902 150 962 178 DE
997 150 1110 177 IURE
1145 148 1493 178 PROPRIETATis.
1827 144 1927 198 757

111 291 167 355 b)
207 289 382 357 Nemo
424 285 563 336 licite
605 285 727 351 cogi
767 292 961 349 potest,
1012 292 1067 332 ut
1108 282 1400 371 quidquam
1443 290 1625 330 contra
1667 280 1933 346 religionis

39 371 214 435 officia
265 375 561 436 per·‚pet1et
616 383 790 439 neque
831 364 1099 430 impediri,
1156 363 1436 428 quominus
1484 361 1581 410 illis
1631 361 1930 421 satisfaciat,

39 451 292 519 quamdiu
334 467 427 515 per
467 448 571 497 hoc
612 436 833 496 aliorum
875 446 985 494 iura
1025 462 1131 493 non
1172 443 1448 493 xiolantur.

113 534 160 598 c)
202 532 260 581 In
302 548 425 581 casu
468 529 627 578 falsae
681 526 948 593 religionis
987 525 1190 585 valent,
1246 541 1383 590 quae
1425 523 1492 573 de
1534 523 1774 573 libertate
1815 540 1935 572 con-

41 614 290 665 scientiae
331 628 582 661 erroneae
623 568 870 658 diximbus.

113 694 290 745 Schol.
372 691 526 757 Quae
576 690 855 755 hucusque
908 689 976 738 de
1029 687 1270 737 libertate
1324 687 1678 736 conscientiae
1731 693 1783 734 et
1830 684 1937 734 reli-

39 777 210 844 gionis
263 774 676 840 disputavimus,
732 771 998 837 pertinent
1048 770 1117 819 ad
1169 770 1247 818 ius
1299 767 1534 818 naturale
1584 766 1936 817 individuale.

39 858 164 909 Alia
203 865 282 907 est
324 856 581 922 quaestio,
626 852 903 920 quomodo
946 852 1232 901 auctoritas
1278 849 1494 915 politica
1534 866 1589 898 se
1631 866 1813 913 gerere
1855 848 1940 897 de-

39 941 164 991 beat
215 946 458 1004 respectu
510 936 666 985 huius
718 934 1002 994 libertatis,
1061 932 1369 998 praesertim
1422 932 1472 980 in
1525 931 1584 980 iis
1637 930 1793 988 locis,
1852 929 1941 977 ubi

39 1030 246 1089 praeter
274 1019 570 1069 Ecclesiam
612 1017 850 1066 diversae
891 1023 1069 1065 sectae
1110 1014 1387 1080 religiosae
1427 1013 1702 1062 exsistunt.
1767 1011 1940 1059 Huius

41 1102 369 1170 quaestionis
420 1099 663 1149 tractatio
714 1098 943 1164 pertinet
994 1097 1063 1146 ad
1116 1096 1195 1145 ius
1239 1095 1511 1161 publicum
1564 1092 1942 1143 ecclesiastico-

41 1184 317 1251 politicum
359 1182 444 1247 (cf.
489 1199 536 1231 n.
587 1190 684 1245 555
731 1187 784 1229 et
830 1179 968 1242 556).

818 1400 1045 1446 CAPUT
1081 1400 1165 1445 IV.

476 1515 591 1572 DE
638 1513 833 1571 IURE
883 1508 1511 1570 PROPRIETATIS.

48 1661 194 1713 323.
275 1649 458 1699 Homo
511 1649 669 1698 rebus
709 1649 941 1698 externis
993 1657 1265 1713 tamquam
1319 1654 1538 1712 propter
1577 1661 1633 1693 se
1682 1642 1831 1692 factis
1872 1641 1947 1689 uti

48 1732 210 1781 debet
237 1731 305 1781 ad
335 1731 495 1781 finem
524 1730 764 1780 ultimum
807 1730 1261 1796 consequendum.
1322 1728 1461 1777 Hinc
1496 1727 1658 1776 oritur
1686 1723 1943 1790 quaestio,

48 1811 201 1879 quale
242 1813 287 1862 ei
329 1812 622 1862 dominium
665 1813 715 1861 in
758 1829 839 1861 res
880 1819 1127 1861 externas
1169 1816 1457 1876 competat.
1527 1805 1949 1872 Comprehendit

47 1894 152 1945 hoc
181 1903 342 1961 caput
370 1895 603 1960 quinque
632 1893 907 1944 articulos:
961 1909 999 1943 Ι.
1033 1909 1366 1959 exponemus
1404 1892 1661 1956 quasdam
1706 1888 1950 1938 notiones

52 1977 190 2026 circa
229 1977 308 2026 ius
349 1977 715 2043 proprietatis;
773 1990 819 2026 2.
864 1975 1211 2025 refutabimus
1251 1981 1543 2039 systemata
1584 1971 1951 2022 communista-

50 2076 180 2120 rum,
224 2059 313 2124 qui
355 2059 736 2124 proprietatem
778 2059 1035 2124 privatam
1078 2065 1136 2106 ut
1164 2057 1407 2106 iniustam
1437 2054 1748 2121 reprobant;
1796 2065 1841 2115 3.
1879 2069 1950 2100 re-

50 2139 336 2190 futabimus
375 2148 669 2206 systemata
708 2158 918 2201 eorum,
975 2140 1062 2205 qui
1103 2139 1319 2204 quidem
1360 2139 1437 2186 ius
1479 2135 1814 2203 proprietatis
1855 2134 1951 2199 pri-

47 2229 202 2272 vatae
242 2222 546 2282 admittunt,
589 2222 683 2271 sed
715 2221 904 2271 falsum
946 2221 1185 2270 eiusdem
1214 2220 1619 2269 fundamentum
1652 2217 1949 2282 assignant3

49 2318 98 2367 4.
142 2321 505 2370 proponemus
544 2321 723 2353 veram
776 2304 1120 2365 sententiam;
1181 2313 1224 2365 5.
1270 2302 1501 2367 denique
1545 2302 1612 2349 cle
1659 2298 1833 2349 modis
1874 2314 1952 2346 ac-

50 2386 295 2451 quirendi
337 2386 573 2436 dominia
614 2402 851 2451 agemus.

806 2524 1134 2564 ARTICULUS
1168 2525 1198 2562 I.

257 2625 520 2671 VARIAE
559 2625 908 2671 NOTIONEs
947 2624 1156 2670 CIRCA
1194 2621 1749 2669 PROPRIETA'I‘EM.

57 2736 202 2788 324.
283 2725 375 2775 lus
402 2727 765 2792 prophetalis
804 2728 1070 2777 interdum
1110 2725 1376 2792 significat
1404 2742 1562 2774 omne
1590 2725 1684 2783 ius,
1729 2724 1813 2772 cui
1847 2740 1954 2772 cor-

55 2808 344 2872 respondet
385 2807 644 2874 obligatio
685 2810 910 2858 iustitiae
951 2807 1364 2858 commutativae
1407 2808 1476 2870 (n.
1523 2807 1662 2869 251).
1729 2804 1954 2853 Plerum-

56 2904 161 2953 que
201 2896 380 2938 tamen
422 2889 555 2939 haec
595 2908 706 2939 vox
747 2892 1075 2957 restringitur
1103 2890 1170 2939 ad
1201 2888 1593 2954 designandum
1622 2888 1699 2936 ius
1726 2886 1955 2952 proprie-

55 2969 178 3039 tatis
218 2970 268 3019 in
310 2987 392 3020 res
432 2979 688 3041 externas
727 2972 1060 3033 razateriales,
1103 2980 1156 3021 et
1196 2970 1300 3020 hoc
1341 2986 1497 3019 sensu
1534 2968 1618 3018 hic
1660 2974 1952 3032 usurpatur.

58 3049 368 3116 Praeprimis
407 3059 587 3102 tamen
620 3052 874 3104 hocloco
916 3054 1315 3104 consideramus
1355 3068 1437 3100 ms
1475 3068 1529 3099 m
1567 3068 1626 3099 ae
1654 3049 1954 3113 suffectum

58 3138 136 3203 {t
142 3133 335 3183 stabzle
387 3135 704 3198 (dominium
755 3136 1072 3202 perfectum)
1124 3133 1209 3184 vel
1262 3133 1421 3183 etiam
1468 3133 1544 3181 ius
1585 3132 1635 3180 in
1676 3148 1730 3179 re
1770 3131 1956 3194 impei-

60 3200 272 3276 fectum,
315 3232 372 3265 se
405 3216 699 3266 extendens
727 3218 795 3266 ad
825 3218 897 3267 rei
924 3216 1275 3267 substantiam
1318 3213 1631 3278 (dominium
1661 3212 1952 3275 directum)

62 3291 437 3361 Proprietarius
489 3298 629 3346 enim
668 3315 761 3348 seu
814 3300 1061 3349 dominus
1102 3299 1172 3348 rei
1226 3311 1442 3361 ploprlo
1493 3310 1648 3342 SCHSU
1689 3291 1833 3361 SOIFS
1872 3291 1956 3361 Ille

151 3388 390 3430 Cathrein,
416 3389 550 3422 Philos.
578 3390 734 3424 moralis.
777 3391 844 3423 Ed.
874 3403 904 3431 5.
1641 3391 1688 3431 17
