<?xml version="1.0" encoding="UTF-8"?>
<!DOCTYPE html PUBLIC "-//W3C//DTD XHTML 1.0 Transitional//EN"
    "http://www.w3.org/TR/xhtml1/DTD/xhtml1-transitional.dtd">
<html xmlns="http://www.w3.org/1999/xhtml" xml:lang="en" lang="en">
 <head>
  <title>
</title>
<meta http-equiv="Content-Type" content="text/html;charset=utf-8" />
  <meta name='ocr-system' content='tesseract 3.04.00' />
  <meta name='ocr-capabilities' content='ocr_page ocr_carea ocr_par ocr_line ocrx_word'/>
</head>
<body>
  <div class='ocr_page' id='page_1' title='image "./philosophiamoral00cath_0323.png"; bbox 0 0 2182 3682; ppageno 0'>
   <div class='ocr_carea' id='block_1_1' title="bbox 476 198 1938 252">
    <p class='ocr_par' dir='ltr' id='par_1_1' title="bbox 476 198 1938 252">
     <span class='ocr_line' id='line_1_1' title="bbox 476 198 1938 252; baseline 0.001 -26"><span class='ocrx_word' id='word_1_1' title='bbox 476 199 560 227; x_wconf 87' lang='lat' dir='ltr'>LIB.</span> <span class='ocrx_word' id='word_1_2' title='bbox 596 198 623 226; x_wconf 96' lang='lat'>1.</span> <span class='ocrx_word' id='word_1_3' title='bbox 671 199 771 227; x_wconf 78' lang='lat' dir='ltr'>CAP.</span> <span class='ocrx_word' id='word_1_4' title='bbox 808 198 868 226; x_wconf 79' lang='lat' dir='ltr'>IV.</span> <span class='ocrx_word' id='word_1_5' title='bbox 915 198 977 226; x_wconf 81' lang='lat' dir='ltr'>DE</span> <span class='ocrx_word' id='word_1_6' title='bbox 1012 198 1121 226; x_wconf 83' lang='lat' dir='ltr'>IURE</span> <span class='ocrx_word' id='word_1_7' title='bbox 1155 198 1501 228; x_wconf 69' lang='lat' dir='ltr'>PROPRIETA&#39;I&#39;IS.</span> <span class='ocrx_word' id='word_1_8' title='bbox 1835 203 1938 252; x_wconf 72' lang='lat'>&#39;799</span> 
     </span>
    </p>
   </div>
   <div class='ocr_carea' id='block_1_2' title="bbox 1834 228 1860 238">
    <p class='ocr_par' dir='ltr' id='par_1_2' title="bbox 1834 228 1860 238">
     <span class='ocr_line' id='line_1_2' title="bbox 1834 228 1860 238; baseline 0 0"><span class='ocrx_word' id='word_1_9' title='bbox 1834 228 1860 238; x_wconf 58' lang='grc'>4-4</span> 
     </span>
    </p>
   </div>
   <div class='ocr_carea' id='block_1_3' title="bbox 41 331 1948 1791">
    <p class='ocr_par' dir='ltr' id='par_1_3' title="bbox 43 331 1948 1446">
     <span class='ocr_line' id='line_1_3' title="bbox 48 331 1940 398; baseline 0.001 -15"><span class='ocrx_word' id='word_1_10' title='bbox 48 342 100 384; x_wconf 91' lang='lat' dir='ltr'>et</span> <span class='ocrx_word' id='word_1_11' title='bbox 141 334 282 397; x_wconf 80' lang='lat'>381).</span> <span class='ocrx_word' id='word_1_12' title='bbox 363 331 501 397; x_wconf 80' lang='lat' dir='ltr'>Quia</span> <span class='ocrx_word' id='word_1_13' title='bbox 552 333 690 382; x_wconf 88' lang='lat' dir='ltr'>enim</span> <span class='ocrx_word' id='word_1_14' title='bbox 737 333 817 381; x_wconf 91' lang='lat' dir='ltr'>ius</span> <span class='ocrx_word' id='word_1_15' title='bbox 858 332 1096 396; x_wconf 89' lang='lat' dir='ltr'>gentium</span> <span class='ocrx_word' id='word_1_16' title='bbox 1146 332 1389 381; x_wconf 91' lang='lat' dir='ltr'>absolute</span> <span class='ocrx_word' id='word_1_17' title='bbox 1436 333 1514 381; x_wconf 91' lang='lat' dir='ltr'>ius</span> <span class='ocrx_word' id='word_1_18' title='bbox 1554 334 1838 398; x_wconf 89' lang='lat' dir='ltr'>positivum</span> <span class='ocrx_word' id='word_1_19' title='bbox 1888 344 1940 384; x_wconf 90' lang='lat' dir='ltr'>et</span> 
     </span>
     <span class='ocr_line' id='line_1_4' title="bbox 47 413 1940 478; baseline 0 -13"><span class='ocrx_word' id='word_1_20' title='bbox 47 414 333 465; x_wconf 90' lang='lat' dir='ltr'>humanum</span> <span class='ocrx_word' id='word_1_21' title='bbox 375 430 490 464; x_wconf 92' lang='lat' dir='ltr'>esse</span> <span class='ocrx_word' id='word_1_22' title='bbox 529 413 946 473; x_wconf 81' lang='lat' dir='ltr'>arbitrabantur,</span> <span class='ocrx_word' id='word_1_23' title='bbox 999 429 1332 478; x_wconf 88' lang='lat' dir='ltr'>consequens</span> <span class='ocrx_word' id='word_1_24' title='bbox 1373 421 1511 474; x_wconf 80' lang='lat' dir='ltr'>erat,</span> <span class='ocrx_word' id='word_1_25' title='bbox 1566 424 1623 464; x_wconf 91' lang='lat' dir='ltr'>ut</span> <span class='ocrx_word' id='word_1_26' title='bbox 1663 416 1822 464; x_wconf 89' lang='lat' dir='ltr'>etiam</span> <span class='ocrx_word' id='word_1_27' title='bbox 1862 418 1940 465; x_wconf 91' lang='lat' dir='ltr'>ius</span> 
     </span>
     <span class='ocr_line' id='line_1_5' title="bbox 45 494 1941 564; baseline 0.001 -18"><span class='ocrx_word' id='word_1_28' title='bbox 45 496 382 564; x_wconf 79' lang='lat' dir='ltr'>proprietatis</span> <span class='ocrx_word' id='word_1_29' title='bbox 433 494 678 545; x_wconf 91' lang='lat' dir='ltr'>absolute</span> <span class='ocrx_word' id='word_1_30' title='bbox 729 494 851 544; x_wconf 91' lang='lat' dir='ltr'>iuris</span> <span class='ocrx_word' id='word_1_31' title='bbox 901 494 1117 544; x_wconf 90' lang='lat' dir='ltr'>humani</span> <span class='ocrx_word' id='word_1_32' title='bbox 1169 511 1285 544; x_wconf 90' lang='lat' dir='ltr'>esse</span> <span class='ocrx_word' id='word_1_33' title='bbox 1337 496 1573 545; x_wconf 81' lang='lat' dir='ltr'>dicerent</span> <span class='ocrx_word' id='word_1_34' title='bbox 1625 505 1677 546; x_wconf 91' lang='lat' dir='ltr'>et</span> <span class='ocrx_word' id='word_1_35' title='bbox 1718 498 1941 562; x_wconf 85' lang='lat' dir='ltr'>proinde</span> 
     </span>
     <span class='ocr_line' id='line_1_6' title="bbox 47 576 1940 642; baseline 0.001 -16"><span class='ocrx_word' id='word_1_36' title='bbox 47 578 157 628; x_wconf 89' lang='lat' dir='ltr'>eius</span> <span class='ocrx_word' id='word_1_37' title='bbox 205 578 440 627; x_wconf 89' lang='lat' dir='ltr'>strictam</span> <span class='ocrx_word' id='word_1_38' title='bbox 497 577 867 626; x_wconf 89' lang='lat' dir='ltr'>necessitatem</span> <span class='ocrx_word' id='word_1_39' title='bbox 918 583 1189 642; x_wconf 81' lang='lat' dir='ltr'>negarent.</span> <span class='ocrx_word' id='word_1_40' title='bbox 1272 576 1546 626; x_wconf 81' lang='lat' dir='ltr'>Contraria</span> <span class='ocrx_word' id='word_1_41' title='bbox 1597 586 1776 627; x_wconf 86' lang='lat' dir='ltr'>tamen</span> <span class='ocrx_word' id='word_1_42' title='bbox 1830 596 1940 628; x_wconf 91' lang='lat' dir='ltr'>sen-</span> 
     </span>
     <span class='ocr_line' id='line_1_7' title="bbox 47 658 1942 726; baseline 0.001 -17"><span class='ocrx_word' id='word_1_43' title='bbox 47 659 209 710; x_wconf 92' lang='lat' dir='ltr'>tentia</span> <span class='ocrx_word' id='word_1_44' title='bbox 236 658 396 708; x_wconf 90' lang='lat' dir='ltr'>hodie</span> <span class='ocrx_word' id='word_1_45' title='bbox 437 659 654 708; x_wconf 88' lang='lat' dir='ltr'>omnino</span> <span class='ocrx_word' id='word_1_46' title='bbox 688 658 919 708; x_wconf 88' lang='lat' dir='ltr'>tenenda</span> <span class='ocrx_word' id='word_1_47' title='bbox 959 666 1053 717; x_wconf 91' lang='lat' dir='ltr'>est,</span> <span class='ocrx_word' id='word_1_48' title='bbox 1098 676 1204 708; x_wconf 93' lang='lat' dir='ltr'>non</span> <span class='ocrx_word' id='word_1_49' title='bbox 1245 658 1417 708; x_wconf 92' lang='lat' dir='ltr'>solum</span> <span class='ocrx_word' id='word_1_50' title='bbox 1446 660 1570 725; x_wconf 91' lang='lat' dir='ltr'>quia</span> <span class='ocrx_word' id='word_1_51' title='bbox 1609 668 1690 709; x_wconf 91' lang='lat' dir='ltr'>est</span> <span class='ocrx_word' id='word_1_52' title='bbox 1730 678 1942 726; x_wconf 90' lang='lat' dir='ltr'>prorsus</span> 
     </span>
     <span class='ocr_line' id='line_1_8' title="bbox 47 739 1943 806; baseline 0.001 -16"><span class='ocrx_word' id='word_1_53' title='bbox 47 741 343 791; x_wconf 90' lang='lat' dir='ltr'>communis</span> <span class='ocrx_word' id='word_1_54' title='bbox 393 741 527 790; x_wconf 90' lang='lat' dir='ltr'>inter</span> <span class='ocrx_word' id='word_1_55' title='bbox 578 739 896 801; x_wconf 89' lang='lat' dir='ltr'>catholicos,</span> <span class='ocrx_word' id='word_1_56' title='bbox 955 739 1049 789; x_wconf 91' lang='lat' dir='ltr'>sed</span> <span class='ocrx_word' id='word_1_57' title='bbox 1103 741 1257 790; x_wconf 86' lang='lat' dir='ltr'>etiam</span> <span class='ocrx_word' id='word_1_58' title='bbox 1312 741 1434 806; x_wconf 90' lang='lat' dir='ltr'>quia</span> <span class='ocrx_word' id='word_1_59' title='bbox 1484 740 1597 791; x_wconf 91' lang='lat' dir='ltr'>sola</span> <span class='ocrx_word' id='word_1_60' title='bbox 1650 742 1943 792; x_wconf 87' lang='lat' dir='ltr'>concordat</span> 
     </span>
     <span class='ocr_line' id='line_1_9' title="bbox 46 820 1942 890; baseline 0.001 -18"><span class='ocrx_word' id='word_1_61' title='bbox 46 839 168 873; x_wconf 91' lang='lat' dir='ltr'>cum</span> <span class='ocrx_word' id='word_1_62' title='bbox 220 823 486 883; x_wconf 89' lang='lat' dir='ltr'>doctrina,</span> <span class='ocrx_word' id='word_1_63' title='bbox 541 839 701 888; x_wconf 91' lang='lat' dir='ltr'>quam</span> <span class='ocrx_word' id='word_1_64' title='bbox 740 821 848 871; x_wconf 73' lang='lat' dir='ltr'>Leo</span> <span class='ocrx_word' id='word_1_65' title='bbox 894 820 1062 871; x_wconf 73' lang='lat' dir='ltr'><em>XIII.</em></span> <span class='ocrx_word' id='word_1_66' title='bbox 1106 820 1161 871; x_wconf 74' lang='lat' dir='ltr'>S.</span> <span class='ocrx_word' id='word_1_67' title='bbox 1205 822 1262 872; x_wconf 76' lang='lat' dir='ltr'>P.</span> <span class='ocrx_word' id='word_1_68' title='bbox 1319 822 1512 888; x_wconf 92' lang='lat' dir='ltr'>pluries</span> <span class='ocrx_word' id='word_1_69' title='bbox 1563 823 1775 889; x_wconf 91' lang='lat' dir='ltr'>publice</span> <span class='ocrx_word' id='word_1_70' title='bbox 1826 841 1942 890; x_wconf 89' lang='lat' dir='ltr'>pro-</span> 
     </span>
     <span class='ocr_line' id='line_1_10' title="bbox 47 903 1944 970; baseline 0 -16"><span class='ocrx_word' id='word_1_71' title='bbox 47 904 214 954; x_wconf 89' lang='lat' dir='ltr'>fessus</span> <span class='ocrx_word' id='word_1_72' title='bbox 253 913 346 954; x_wconf 93' lang='lat' dir='ltr'>est.</span> <span class='ocrx_word' id='word_1_73' title='bbox 413 904 471 953; x_wconf 94' lang='lat' dir='ltr'>In</span> <span class='ocrx_word' id='word_1_74' title='bbox 512 903 783 969; x_wconf 83' lang='lat' dir='ltr'>encyclica</span> <span class='ocrx_word' id='word_1_75' title='bbox 823 903 873 953; x_wconf 90' lang='lat' dir='ltr'>d.</span> <span class='ocrx_word' id='word_1_76' title='bbox 918 903 968 953; x_wconf 90' lang='lat' dir='ltr'>d.</span> <span class='ocrx_word' id='word_1_77' title='bbox 1015 904 1097 952; x_wconf 82' lang='lat'>28.</span> <span class='ocrx_word' id='word_1_78' title='bbox 1131 903 1260 953; x_wconf 80' lang='lat' dir='ltr'>Dec,</span> <span class='ocrx_word' id='word_1_79' title='bbox 1314 905 1449 968; x_wconf 81' lang='grc'>1878</span> <span class='ocrx_word' id='word_1_80' title='bbox 1490 905 1567 953; x_wconf 89' lang='lat' dir='ltr'>ius</span> <span class='ocrx_word' id='word_1_81' title='bbox 1608 905 1944 970; x_wconf 81' lang='lat' dir='ltr'>proprietatis</span> 
     </span>
     <span class='ocr_line' id='line_1_11' title="bbox 52 985 1939 1052; baseline 0 -16"><span class='ocrx_word' id='word_1_82' title='bbox 52 986 200 1052; x_wconf 92' lang='lat' dir='ltr'>«lege</span> <span class='ocrx_word' id='word_1_83' title='bbox 233 985 454 1036; x_wconf 79' lang='lat' dir='ltr'>naturali</span> <span class='ocrx_word' id='word_1_84' title='bbox 493 986 783 1035; x_wconf 89' lang='lat' dir='ltr'>sancitum»</span> <span class='ocrx_word' id='word_1_85' title='bbox 819 992 873 1035; x_wconf 89' lang='lat' dir='ltr'>et</span> <span class='ocrx_word' id='word_1_86' title='bbox 911 985 1008 1035; x_wconf 86' lang='lat' dir='ltr'>«ab</span> <span class='ocrx_word' id='word_1_87' title='bbox 1036 985 1151 1051; x_wconf 85' lang='lat' dir='ltr'>ipsa</span> <span class='ocrx_word' id='word_1_88' title='bbox 1183 992 1366 1035; x_wconf 91' lang='lat' dir='ltr'>natura</span> <span class='ocrx_word' id='word_1_89' title='bbox 1395 985 1724 1052; x_wconf 71' lang='lat' dir='ltr'>profectum»</span> <span class='ocrx_word' id='word_1_90' title='bbox 1759 995 1939 1048; x_wconf 78' lang='lat' dir='ltr'>vocat;</span> 
     </span>
     <span class='ocr_line' id='line_1_12' title="bbox 44 1067 1943 1134; baseline 0 -16"><span class='ocrx_word' id='word_1_91' title='bbox 44 1069 95 1118; x_wconf 92' lang='lat' dir='ltr'>in</span> <span class='ocrx_word' id='word_1_92' title='bbox 135 1068 406 1134; x_wconf 89' lang='lat' dir='ltr'>encyclica</span> <span class='ocrx_word' id='word_1_93' title='bbox 451 1067 683 1117; x_wconf 67' lang='lat' dir='ltr'>«Reman</span> <span class='ocrx_word' id='word_1_94' title='bbox 723 1084 1020 1117; x_wconf 75' lang='lat' dir='ltr'>novarum»</span> <span class='ocrx_word' id='word_1_95' title='bbox 1067 1067 1192 1117; x_wconf 91' lang='lat' dir='ltr'>data</span> <span class='ocrx_word' id='word_1_96' title='bbox 1232 1084 1395 1133; x_wconf 89' lang='lat' dir='ltr'>opera</span> <span class='ocrx_word' id='word_1_97' title='bbox 1430 1067 1622 1133; x_wconf 90' lang='lat' dir='ltr'>placita</span> <span class='ocrx_word' id='word_1_98' title='bbox 1663 1068 1943 1118; x_wconf 90' lang='lat' dir='ltr'>socialismi</span> 
     </span>
     <span class='ocr_line' id='line_1_13' title="bbox 45 1148 1943 1216; baseline 0 -16"><span class='ocrx_word' id='word_1_99' title='bbox 45 1150 112 1200; x_wconf 92' lang='lat' dir='ltr'>de</span> <span class='ocrx_word' id='word_1_100' title='bbox 152 1150 475 1216; x_wconf 90' lang='lat' dir='ltr'>proprietate</span> <span class='ocrx_word' id='word_1_101' title='bbox 525 1148 793 1199; x_wconf 91' lang='lat' dir='ltr'>abolenda</span> <span class='ocrx_word' id='word_1_102' title='bbox 833 1148 1039 1199; x_wconf 87' lang='lat' dir='ltr'>refutat.</span> <span class='ocrx_word' id='word_1_103' title='bbox 1120 1149 1262 1198; x_wconf 92' lang='lat' dir='ltr'>Inter</span> <span class='ocrx_word' id='word_1_104' title='bbox 1308 1149 1409 1199; x_wconf 89' lang='lat' dir='ltr'>alia</span> <span class='ocrx_word' id='word_1_105' title='bbox 1448 1150 1580 1199; x_wconf 89' lang='lat' dir='ltr'>haec</span> <span class='ocrx_word' id='word_1_106' title='bbox 1633 1150 1741 1199; x_wconf 89' lang='lat' dir='ltr'>eius</span> <span class='ocrx_word' id='word_1_107' title='bbox 1781 1151 1943 1200; x_wconf 79' lang='lat' dir='ltr'>verba</span> 
     </span>
     <span class='ocr_line' id='line_1_14' title="bbox 44 1229 1945 1299; baseline 0 -17"><span class='ocrx_word' id='word_1_108' title='bbox 44 1249 436 1283; x_wconf 89' lang='lat' dir='ltr'>commemoro:</span> <span class='ocrx_word' id='word_1_109' title='bbox 486 1232 838 1281; x_wconf 87' lang='lat' dir='ltr'>«Remedium</span> <span class='ocrx_word' id='word_1_110' title='bbox 867 1240 1175 1297; x_wconf 88' lang='lat' dir='ltr'>proponunt</span> <span class='ocrx_word' id='word_1_111' title='bbox 1220 1229 1543 1299; x_wconf 75' lang='lat' dir='ltr'>[socialistae]</span> <span class='ocrx_word' id='word_1_112' title='bbox 1590 1249 1711 1281; x_wconf 91' lang='lat' dir='ltr'>cum</span> <span class='ocrx_word' id='word_1_113' title='bbox 1752 1233 1945 1282; x_wconf 90' lang='lat' dir='ltr'>iustitia</span> 
     </span>
     <span class='ocr_line' id='line_1_15' title="bbox 43 1313 1948 1380; baseline 0 -16"><span class='ocrx_word' id='word_1_114' title='bbox 43 1321 224 1380; x_wconf 91' lang='lat' dir='ltr'>aperte</span> <span class='ocrx_word' id='word_1_115' title='bbox 264 1331 534 1380; x_wconf 88' lang='lat' dir='ltr'>pugnans,</span> <span class='ocrx_word' id='word_1_116' title='bbox 584 1314 706 1380; x_wconf 92' lang='lat' dir='ltr'>quia</span> <span class='ocrx_word' id='word_1_117' title='bbox 735 1313 1018 1378; x_wconf 71' lang='lat' dir='ltr'>possidere</span> <span class='ocrx_word' id='word_1_118' title='bbox 1060 1331 1147 1363; x_wconf 76' lang='lat' dir='ltr'>res</span> <span class='ocrx_word' id='word_1_119' title='bbox 1176 1313 1448 1379; x_wconf 65' lang='lat' dir='ltr'>privaz‘im</span> <span class='ocrx_word' id='word_1_120' title='bbox 1488 1322 1545 1363; x_wconf 75' lang='lat' dir='ltr'>nt</span> <span class='ocrx_word' id='word_1_121' title='bbox 1580 1331 1707 1364; x_wconf 70' lang='lat' dir='ltr'>suas</span> <span class='ocrx_word' id='word_1_122' title='bbox 1747 1314 1830 1364; x_wconf 74' lang='lat' dir='ltr'>ius</span> <span class='ocrx_word' id='word_1_123' title='bbox 1869 1323 1948 1364; x_wconf 75' lang='lat' dir='ltr'>est</span> 
     </span>
     <span class='ocr_line' id='line_1_16' title="bbox 43 1395 833 1446; baseline -0.005 0"><span class='ocrx_word' id='word_1_124' title='bbox 43 1396 250 1446; x_wconf 72' lang='lat' dir='ltr'>homini</span> <span class='ocrx_word' id='word_1_125' title='bbox 289 1414 322 1446; x_wconf 75' lang='lat' dir='ltr'>a</span> <span class='ocrx_word' id='word_1_126' title='bbox 361 1404 560 1446; x_wconf 73' lang='lat' dir='ltr'>nalum</span> <span class='ocrx_word' id='word_1_127' title='bbox 601 1395 833 1445; x_wconf 70' lang='lat' dir='ltr'>clamne.»</span> 
     </span>
    </p>

    <p class='ocr_par' dir='ltr' id='par_1_4' title="bbox 41 1477 1942 1791">
     <span class='ocr_line' id='line_1_17' title="bbox 118 1477 1940 1544; baseline 0.001 -17"><span class='ocrx_word' id='word_1_128' title='bbox 118 1477 377 1544; x_wconf 77' lang='lat' dir='ltr'>Quamvis</span> <span class='ocrx_word' id='word_1_129' title='bbox 417 1485 596 1527; x_wconf 90' lang='lat' dir='ltr'>autem</span> <span class='ocrx_word' id='word_1_130' title='bbox 637 1478 929 1542; x_wconf 81' lang='lat' dir='ltr'>generatim</span> <span class='ocrx_word' id='word_1_131' title='bbox 972 1477 1206 1527; x_wconf 90' lang='lat' dir='ltr'>dominia</span> <span class='ocrx_word' id='word_1_132' title='bbox 1245 1478 1449 1543; x_wconf 74' lang='lat' dir='ltr'>privata</span> <span class='ocrx_word' id='word_1_133' title='bbox 1488 1479 1591 1528; x_wconf 89' lang='lat' dir='ltr'>sint</span> <span class='ocrx_word' id='word_1_134' title='bbox 1631 1479 1940 1538; x_wconf 84' lang='lat' dir='ltr'>necessaria,</span> 
     </span>
     <span class='ocr_line' id='line_1_18' title="bbox 41 1559 1940 1626; baseline 0 -16"><span class='ocrx_word' id='word_1_135' title='bbox 41 1560 165 1610; x_wconf 92' lang='lat' dir='ltr'>inde</span> <span class='ocrx_word' id='word_1_136' title='bbox 205 1578 312 1610; x_wconf 92' lang='lat' dir='ltr'>non</span> <span class='ocrx_word' id='word_1_137' title='bbox 363 1560 599 1626; x_wconf 92' lang='lat' dir='ltr'>sequitur</span> <span class='ocrx_word' id='word_1_138' title='bbox 638 1559 688 1608; x_wconf 92' lang='lat' dir='ltr'>in</span> <span class='ocrx_word' id='word_1_139' title='bbox 740 1560 1032 1609; x_wconf 84' lang='lat' dir='ltr'>minoribus</span> <span class='ocrx_word' id='word_1_140' title='bbox 1084 1560 1579 1621; x_wconf 87' lang='lat' dir='ltr'>communitatibus,</span> <span class='ocrx_word' id='word_1_141' title='bbox 1633 1561 1940 1626; x_wconf 87' lang='lat' dir='ltr'>praesertim</span> 
     </span>
     <span class='ocr_line' id='line_1_19' title="bbox 44 1640 1942 1708; baseline 0 -16"><span class='ocrx_word' id='word_1_142' title='bbox 44 1641 323 1708; x_wconf 82' lang='lat' dir='ltr'>religiosis,</span> <span class='ocrx_word' id='word_1_143' title='bbox 378 1643 429 1691; x_wconf 92' lang='lat' dir='ltr'>in</span> <span class='ocrx_word' id='word_1_144' title='bbox 470 1642 664 1708; x_wconf 93' lang='lat' dir='ltr'>quibus</span> <span class='ocrx_word' id='word_1_145' title='bbox 704 1640 1017 1707; x_wconf 88' lang='lat' dir='ltr'>perfectioni</span> <span class='ocrx_word' id='word_1_146' title='bbox 1056 1642 1324 1702; x_wconf 91' lang='lat' dir='ltr'>studetur,</span> <span class='ocrx_word' id='word_1_147' title='bbox 1380 1643 1810 1692; x_wconf 90' lang='lat' dir='ltr'>communionem</span> <span class='ocrx_word' id='word_1_148' title='bbox 1851 1643 1942 1693; x_wconf 94' lang='lat' dir='ltr'>bo-</span> 
     </span>
     <span class='ocr_line' id='line_1_20' title="bbox 43 1723 1190 1791; baseline -0.001 -17"><span class='ocrx_word' id='word_1_149' title='bbox 43 1742 231 1774; x_wconf 91' lang='lat' dir='ltr'>norum</span> <span class='ocrx_word' id='word_1_150' title='bbox 271 1723 654 1791; x_wconf 87' lang='lat' dir='ltr'>impossibilem</span> <span class='ocrx_word' id='word_1_151' title='bbox 695 1732 748 1773; x_wconf 92' lang='lat' dir='ltr'>et</span> <span class='ocrx_word' id='word_1_152' title='bbox 786 1723 1018 1773; x_wconf 89' lang='lat' dir='ltr'>illicitam</span> <span class='ocrx_word' id='word_1_153' title='bbox 1060 1741 1190 1774; x_wconf 92' lang='lat' dir='ltr'>esse.</span> 
     </span>
    </p>
   </div>
   <div class='ocr_carea' id='block_1_4' title="bbox 43 1840 1938 1985">
    <p class='ocr_par' dir='ltr' id='par_1_5' title="bbox 43 1840 1938 1985">
     <span class='ocr_line' id='line_1_21' title="bbox 44 1840 1938 1913; baseline 0 -14"><span class='ocrx_word' id='word_1_154' title='bbox 44 1840 190 1906; x_wconf 82' lang='lat'><strong>384·</strong></span> <span class='ocrx_word' id='word_1_155' title='bbox 266 1858 367 1899; x_wconf 87' lang='lat' dir='ltr'>Obi.</span> <span class='ocrx_word' id='word_1_156' title='bbox 402 1871 434 1898; x_wconf 76' lang='grc' dir='ltr'>ι.</span> <span class='ocrx_word' id='word_1_157' title='bbox 492 1850 770 1913; x_wconf 87' lang='lat' dir='ltr'>Proprietas</span> <span class='ocrx_word' id='word_1_158' title='bbox 806 1850 995 1912; x_wconf 77' lang='lat' dir='ltr'>privata</span> <span class='ocrx_word' id='word_1_159' title='bbox 1033 1851 1241 1912; x_wconf 89' lang='lat' dir='ltr'>plurima</span> <span class='ocrx_word' id='word_1_160' title='bbox 1277 1853 1407 1898; x_wconf 88' lang='lat' dir='ltr'>mala</span> <span class='ocrx_word' id='word_1_161' title='bbox 1447 1853 1587 1899; x_wconf 82' lang='lat' dir='ltr'>affert</span> <span class='ocrx_word' id='word_1_162' title='bbox 1612 1861 1713 1898; x_wconf 84' lang='lat' dir='ltr'>tum</span> <span class='ocrx_word' id='word_1_163' title='bbox 1739 1851 1938 1913; x_wconf 86' lang='lat' dir='ltr'>singulis</span> 
     </span>
     <span class='ocr_line' id='line_1_22' title="bbox 43 1925 1430 1985; baseline 0.001 -13"><span class='ocrx_word' id='word_1_164' title='bbox 43 1933 143 1972; x_wconf 90' lang='lat' dir='ltr'>turn</span> <span class='ocrx_word' id='word_1_165' title='bbox 181 1925 269 1973; x_wconf 91' lang='lat' dir='ltr'>toti</span> <span class='ocrx_word' id='word_1_166' title='bbox 306 1925 540 1973; x_wconf 88' lang='lat' dir='ltr'>societati.</span> <span class='ocrx_word' id='word_1_167' title='bbox 613 1926 751 1985; x_wconf 74' lang='lat' dir='ltr'>Ergo</span> <span class='ocrx_word' id='word_1_168' title='bbox 787 1941 889 1972; x_wconf 93' lang='lat' dir='ltr'>non</span> <span class='ocrx_word' id='word_1_169' title='bbox 926 1935 998 1973; x_wconf 86' lang='lat' dir='ltr'>est</span> <span class='ocrx_word' id='word_1_170' title='bbox 1034 1926 1147 1974; x_wconf 89' lang='lat' dir='ltr'>iuris</span> <span class='ocrx_word' id='word_1_171' title='bbox 1183 1927 1430 1974; x_wconf 88' lang='lat' dir='ltr'>naturalis.</span> 
     </span>
    </p>
   </div>
   <div class='ocr_carea' id='block_1_5' title="bbox 38 2007 1942 2295">
    <p class='ocr_par' dir='ltr' id='par_1_6' title="bbox 38 2007 1942 2295">
     <span class='ocr_line' id='line_1_23' title="bbox 124 2007 1938 2070; baseline 0 -15"><span class='ocrx_word' id='word_1_172' title='bbox 124 2017 275 2066; x_wconf 83' lang='lat' dir='ltr'>Resp.</span> <span class='ocrx_word' id='word_1_173' title='bbox 343 2009 474 2055; x_wconf 78' lang='lat' dir='ltr'>Dz&#39;st.</span> <span class='ocrx_word' id='word_1_174' title='bbox 528 2014 670 2054; x_wconf 75' lang='lat' dir='ltr'>antec.</span> <span class='ocrx_word' id='word_1_175' title='bbox 690 2026 703 2054; x_wconf 94' lang='grc'>.·</span> <span class='ocrx_word' id='word_1_176' title='bbox 754 2007 1035 2069; x_wconf 89' lang='lat' dir='ltr'>Proprietas</span> <span class='ocrx_word' id='word_1_177' title='bbox 1086 2023 1175 2070; x_wconf 89' lang='lat' dir='ltr'>per</span> <span class='ocrx_word' id='word_1_178' title='bbox 1227 2023 1278 2055; x_wconf 91' lang='lat' dir='ltr'>se</span> <span class='ocrx_word' id='word_1_179' title='bbox 1339 2009 1551 2070; x_wconf 89' lang='lat' dir='ltr'>plurima</span> <span class='ocrx_word' id='word_1_180' title='bbox 1603 2010 1733 2055; x_wconf 82' lang='lat' dir='ltr'>mala</span> <span class='ocrx_word' id='word_1_181' title='bbox 1784 2009 1938 2065; x_wconf 81' lang='lat' dir='ltr'>affert,</span> 
     </span>
     <span class='ocr_line' id='line_1_24' title="bbox 39 2082 1942 2145; baseline 0 -16"><span class='ocrx_word' id='word_1_182' title='bbox 39 2098 178 2141; x_wconf 76' lang='lat' dir='ltr'>nege,</span> <span class='ocrx_word' id='word_1_183' title='bbox 227 2098 317 2144; x_wconf 91' lang='lat' dir='ltr'>per</span> <span class='ocrx_word' id='word_1_184' title='bbox 364 2082 618 2140; x_wconf 87' lang='lat' dir='ltr'>accidens,</span> <span class='ocrx_word' id='word_1_185' title='bbox 672 2097 731 2129; x_wconf 83' lang='lat' dir='ltr'>ex</span> <span class='ocrx_word' id='word_1_186' title='bbox 767 2083 1087 2143; x_wconf 85' lang='lat' dir='ltr'>perversitate</span> <span class='ocrx_word' id='word_1_187' title='bbox 1136 2083 1418 2141; x_wconf 86' lang='lat' dir='ltr'>hominum,</span> <span class='ocrx_word' id='word_1_188' title='bbox 1466 2085 1686 2130; x_wconf 74' lang='lat' dir='ltr'>suhdist.:</span> <span class='ocrx_word' id='word_1_189' title='bbox 1732 2084 1942 2145; x_wconf 86' lang='lat' dir='ltr'>plurima</span> 
     </span>
     <span class='ocr_line' id='line_1_25' title="bbox 39 2157 1939 2219; baseline 0 -15"><span class='ocrx_word' id='word_1_190' title='bbox 39 2158 184 2216; x_wconf 87' lang='lat' dir='ltr'>mala,</span> <span class='ocrx_word' id='word_1_191' title='bbox 224 2173 352 2219; x_wconf 90' lang='lat' dir='ltr'>quae</span> <span class='ocrx_word' id='word_1_192' title='bbox 390 2166 557 2204; x_wconf 80' lang='lat' dir='ltr'>tamen</span> <span class='ocrx_word' id='word_1_193' title='bbox 594 2159 747 2204; x_wconf 88' lang='lat' dir='ltr'>multo</span> <span class='ocrx_word' id='word_1_194' title='bbox 774 2157 966 2204; x_wconf 86' lang='lat' dir='ltr'>minora</span> <span class='ocrx_word' id='word_1_195' title='bbox 992 2166 1116 2216; x_wconf 84' lang='lat' dir='ltr'>sunt,</span> <span class='ocrx_word' id='word_1_196' title='bbox 1157 2173 1306 2218; x_wconf 90' lang='lat' dir='ltr'>quam</span> <span class='ocrx_word' id='word_1_197' title='bbox 1332 2174 1459 2219; x_wconf 87' lang='lat' dir='ltr'>quae</span> <span class='ocrx_word' id='word_1_198' title='bbox 1487 2174 1545 2205; x_wconf 75' lang='lat' dir='ltr'>ex</span> <span class='ocrx_word' id='word_1_199' title='bbox 1582 2158 1939 2205; x_wconf 83' lang='lat' dir='ltr'>communisino</span> 
     </span>
     <span class='ocr_line' id='line_1_26' title="bbox 38 2227 1861 2295; baseline 0.001 -16"><span class='ocrx_word' id='word_1_200' title='bbox 38 2240 376 2294; x_wconf 88' lang='lat' dir='ltr'>sequerentur,</span> <span class='ocrx_word' id='word_1_201' title='bbox 415 2247 546 2289; x_wconf 63' lang='lat' dir='ltr'><em>conc„</em></span> <span class='ocrx_word' id='word_1_202' title='bbox 587 2247 741 2290; x_wconf 86' lang='lat' dir='ltr'>secus,</span> <span class='ocrx_word' id='word_1_203' title='bbox 795 2247 921 2291; x_wconf 76' lang='lat' dir='ltr'>nego.</span> <span class='ocrx_word' id='word_1_204' title='bbox 996 2227 1088 2293; x_wconf 85' lang='lat' dir='ltr'>(Cf.</span> <span class='ocrx_word' id='word_1_205' title='bbox 1132 2233 1344 2290; x_wconf 63' lang='lat' dir='ltr'>Aristet„</span> <span class='ocrx_word' id='word_1_206' title='bbox 1383 2233 1522 2281; x_wconf 90' lang='lat' dir='ltr'>Polit.</span> <span class='ocrx_word' id='word_1_207' title='bbox 1563 2235 1590 2280; x_wconf 93' lang='lat' dir='ltr'>l.</span> <span class='ocrx_word' id='word_1_208' title='bbox 1634 2251 1674 2291; x_wconf 89' lang='lat'>2,</span> <span class='ocrx_word' id='word_1_209' title='bbox 1716 2250 1755 2280; x_wconf 92' lang='lat' dir='ltr'>c.</span> <span class='ocrx_word' id='word_1_210' title='bbox 1799 2229 1861 2295; x_wconf 84' lang='lat'>5.)</span> 
     </span>
    </p>
   </div>
   <div class='ocr_carea' id='block_1_6' title="bbox 37 2313 1940 2720">
    <p class='ocr_par' dir='ltr' id='par_1_7' title="bbox 37 2313 1940 2673">
     <span class='ocr_line' id='line_1_27' title="bbox 118 2313 1939 2375; baseline 0.001 -15"><span class='ocrx_word' id='word_1_211' title='bbox 118 2320 219 2361; x_wconf 87' lang='lat' dir='ltr'>Obi.</span> <span class='ocrx_word' id='word_1_212' title='bbox 255 2333 298 2360; x_wconf 89' lang='lat'>2.</span> <span class='ocrx_word' id='word_1_213' title='bbox 367 2313 417 2360; x_wconf 84' lang='lat' dir='ltr'>Si</span> <span class='ocrx_word' id='word_1_214' title='bbox 475 2313 546 2360; x_wconf 88' lang='lat' dir='ltr'>ius</span> <span class='ocrx_word' id='word_1_215' title='bbox 605 2313 919 2375; x_wconf 86' lang='lat' dir='ltr'>proprietatis</span> <span class='ocrx_word' id='word_1_216' title='bbox 979 2314 1314 2375; x_wconf 86' lang='lat' dir='ltr'>acquirendae</span> <span class='ocrx_word' id='word_1_217' title='bbox 1376 2325 1504 2362; x_wconf 89' lang='lat' dir='ltr'>esset</span> <span class='ocrx_word' id='word_1_218' title='bbox 1562 2315 1634 2361; x_wconf 89' lang='lat' dir='ltr'>ius</span> <span class='ocrx_word' id='word_1_219' title='bbox 1686 2331 1714 2361; x_wconf 92' lang='lat' dir='ltr'>a</span> <span class='ocrx_word' id='word_1_220' title='bbox 1765 2324 1939 2361; x_wconf 89' lang='lat' dir='ltr'>natura</span> 
     </span>
     <span class='ocr_line' id='line_1_28' title="bbox 39 2387 1940 2451; baseline -0.001 -16"><span class='ocrx_word' id='word_1_221' title='bbox 39 2387 237 2435; x_wconf 91' lang='lat' dir='ltr'>cuilibet</span> <span class='ocrx_word' id='word_1_222' title='bbox 287 2388 549 2445; x_wconf 87' lang='lat' dir='ltr'>tributum,</span> <span class='ocrx_word' id='word_1_223' title='bbox 602 2404 631 2435; x_wconf 91' lang='lat' dir='ltr'>a</span> <span class='ocrx_word' id='word_1_224' title='bbox 680 2396 854 2434; x_wconf 87' lang='lat' dir='ltr'>natura</span> <span class='ocrx_word' id='word_1_225' title='bbox 905 2389 1124 2449; x_wconf 89' lang='lat' dir='ltr'>separari</span> <span class='ocrx_word' id='word_1_226' title='bbox 1177 2405 1277 2436; x_wconf 91' lang='lat' dir='ltr'>non</span> <span class='ocrx_word' id='word_1_227' title='bbox 1331 2398 1496 2451; x_wconf 87' lang='lat' dir='ltr'>posset</span> <span class='ocrx_word' id='word_1_228' title='bbox 1555 2406 1640 2437; x_wconf 90' lang='lat' dir='ltr'>seu</span> <span class='ocrx_word' id='word_1_229' title='bbox 1693 2398 1821 2437; x_wconf 88' lang='lat' dir='ltr'>esset</span> <span class='ocrx_word' id='word_1_230' title='bbox 1871 2389 1940 2435; x_wconf 91' lang='lat' dir='ltr'>in-</span> 
     </span>
     <span class='ocr_line' id='line_1_29' title="bbox 37 2461 1938 2524; baseline 0.001 -15"><span class='ocrx_word' id='word_1_231' title='bbox 37 2461 311 2510; x_wconf 88' lang='lat' dir='ltr'>alienabile.</span> <span class='ocrx_word' id='word_1_232' title='bbox 386 2463 536 2524; x_wconf 77' lang='lat' dir='ltr'>Atqui</span> <span class='ocrx_word' id='word_1_233' title='bbox 569 2478 671 2510; x_wconf 91' lang='lat' dir='ltr'>non</span> <span class='ocrx_word' id='word_1_234' title='bbox 707 2471 779 2510; x_wconf 88' lang='lat' dir='ltr'>est</span> <span class='ocrx_word' id='word_1_235' title='bbox 814 2462 1144 2511; x_wconf 86' lang='lat' dir='ltr'>inalienabile.</span> <span class='ocrx_word' id='word_1_236' title='bbox 1195 2464 1333 2524; x_wconf 75' lang='lat' dir='ltr'>Ergo</span> <span class='ocrx_word' id='word_1_237' title='bbox 1362 2503 1368 2511; x_wconf 94' lang='lat'>.</span> <span class='ocrx_word' id='word_1_238' title='bbox 1401 2503 1408 2511; x_wconf 90' lang='lat'>.</span> <span class='ocrx_word' id='word_1_239' title='bbox 1439 2502 1446 2511; x_wconf 92' lang='lat'>.</span> <span class='ocrx_word' id='word_1_240' title='bbox 1487 2465 1627 2512; x_wconf 71' lang='lat' dir='ltr'>Proh.</span> <span class='ocrx_word' id='word_1_241' title='bbox 1666 2465 1774 2510; x_wconf 79' lang='lat' dir='ltr'>min.</span> <span class='ocrx_word' id='word_1_242' title='bbox 1796 2483 1808 2510; x_wconf 94' lang='lat'>.·</span> <span class='ocrx_word' id='word_1_243' title='bbox 1845 2465 1938 2511; x_wconf 89' lang='lat' dir='ltr'>Re-</span> 
     </span>
     <span class='ocr_line' id='line_1_30' title="bbox 38 2536 1938 2598; baseline 0.001 -16"><span class='ocrx_word' id='word_1_244' title='bbox 38 2536 197 2598; x_wconf 88' lang='lat' dir='ltr'>ligiosi</span> <span class='ocrx_word' id='word_1_245' title='bbox 243 2537 453 2597; x_wconf 88' lang='lat' dir='ltr'>professi</span> <span class='ocrx_word' id='word_1_246' title='bbox 502 2553 607 2584; x_wconf 91' lang='lat' dir='ltr'>non</span> <span class='ocrx_word' id='word_1_247' title='bbox 656 2539 811 2584; x_wconf 86' lang='lat' dir='ltr'>solum</span> <span class='ocrx_word' id='word_1_248' title='bbox 860 2537 1085 2584; x_wconf 86' lang='lat' dir='ltr'>amittunt</span> <span class='ocrx_word' id='word_1_249' title='bbox 1122 2553 1270 2586; x_wconf 87' lang='lat' dir='ltr'>omne</span> <span class='ocrx_word' id='word_1_250' title='bbox 1319 2538 1618 2596; x_wconf 84' lang='lat' dir='ltr'>dominium,</span> <span class='ocrx_word' id='word_1_251' title='bbox 1669 2539 1756 2587; x_wconf 90' lang='lat' dir='ltr'>sed</span> <span class='ocrx_word' id='word_1_252' title='bbox 1793 2540 1938 2586; x_wconf 88' lang='lat' dir='ltr'>etiam</span> 
     </span>
     <span class='ocr_line' id='line_1_31' title="bbox 43 2611 877 2720; baseline 0.001 -62"><span class='ocrx_word' id='word_1_253' title='bbox 43 2619 335 2672; x_wconf 83' lang='lat' dir='ltr'>potestatem</span> <span class='ocrx_word' id='word_1_254' title='bbox 371 2611 533 2659; x_wconf 89' lang='lat' dir='ltr'>valide</span> <span class='ocrx_word' id='word_1_255' title='bbox 570 2611 877 2720; x_wconf 87' lang='lat' dir='ltr'>acquirendi.</span> 
     </span>
    </p>
   </div>
   <div class='ocr_carea' id='block_1_7' title="bbox 36 2693 1940 3200">
    <p class='ocr_par' dir='ltr' id='par_1_8' title="bbox 39 2693 1940 3200">
     <span class='ocr_line' id='line_1_32' title="bbox 117 2693 1939 2757; baseline 0.001 -18"><span class='ocrx_word' id='word_1_256' title='bbox 117 2701 267 2750; x_wconf 82' lang='lat' dir='ltr'>Resp.</span> <span class='ocrx_word' id='word_1_257' title='bbox 342 2693 472 2741; x_wconf 43' lang='lat' dir='ltr'>Dzssst</span> <span class='ocrx_word' id='word_1_258' title='bbox 512 2710 619 2741; x_wconf 77' lang='lat' dir='ltr'>maz.</span> <span class='ocrx_word' id='word_1_259' title='bbox 706 2694 753 2741; x_wconf 86' lang='lat' dir='ltr'>Si</span> <span class='ocrx_word' id='word_1_260' title='bbox 806 2694 877 2741; x_wconf 89' lang='lat' dir='ltr'>ius</span> <span class='ocrx_word' id='word_1_261' title='bbox 929 2694 1243 2756; x_wconf 89' lang='lat' dir='ltr'>proprietatis</span> <span class='ocrx_word' id='word_1_262' title='bbox 1295 2696 1629 2757; x_wconf 83' lang='lat' dir='ltr'>acquirendae</span> <span class='ocrx_word' id='word_1_263' title='bbox 1682 2704 1808 2743; x_wconf 89' lang='lat' dir='ltr'>esset</span> <span class='ocrx_word' id='word_1_264' title='bbox 1860 2696 1939 2741; x_wconf 88' lang='lat' dir='ltr'>ab-</span> 
     </span>
     <span class='ocr_line' id='line_1_33' title="bbox 41 2766 1938 2828; baseline 0.003 -16"><span class='ocrx_word' id='word_1_265' title='bbox 41 2766 198 2813; x_wconf 89' lang='lat' dir='ltr'>solute</span> <span class='ocrx_word' id='word_1_266' title='bbox 235 2767 424 2814; x_wconf 87' lang='lat' dir='ltr'>homini</span> <span class='ocrx_word' id='word_1_267' title='bbox 461 2768 512 2814; x_wconf 91' lang='lat' dir='ltr'>in</span> <span class='ocrx_word' id='word_1_268' title='bbox 561 2769 789 2816; x_wconf 88' lang='lat' dir='ltr'>omnibus</span> <span class='ocrx_word' id='word_1_269' title='bbox 828 2769 1207 2817; x_wconf 86' lang='lat' dir='ltr'>circumstantiis</span> <span class='ocrx_word' id='word_1_270' title='bbox 1244 2772 1607 2828; x_wconf 86' lang='lat' dir='ltr'>necessarium,</span> <span class='ocrx_word' id='word_1_271' title='bbox 1646 2770 1712 2817; x_wconf 89' lang='lat' dir='ltr'>ita</span> <span class='ocrx_word' id='word_1_272' title='bbox 1748 2779 1798 2816; x_wconf 90' lang='lat' dir='ltr'>ut</span> <span class='ocrx_word' id='word_1_273' title='bbox 1834 2769 1938 2817; x_wconf 89' lang='lat' dir='ltr'>sine</span> 
     </span>
     <span class='ocr_line' id='line_1_34' title="bbox 41 2841 1939 2905; baseline 0.002 -18"><span class='ocrx_word' id='word_1_274' title='bbox 41 2856 101 2888; x_wconf 92' lang='lat' dir='ltr'>eo</span> <span class='ocrx_word' id='word_1_275' title='bbox 138 2841 494 2890; x_wconf 89' lang='lat' dir='ltr'>convenienter</span> <span class='ocrx_word' id='word_1_276' title='bbox 545 2843 712 2891; x_wconf 87' lang='lat' dir='ltr'>vivere</span> <span class='ocrx_word' id='word_1_277' title='bbox 764 2858 866 2890; x_wconf 89' lang='lat' dir='ltr'>non</span> <span class='ocrx_word' id='word_1_278' title='bbox 919 2852 1112 2905; x_wconf 85' lang='lat' dir='ltr'>posset,</span> <span class='ocrx_word' id='word_1_279' title='bbox 1167 2853 1295 2892; x_wconf 88' lang='lat' dir='ltr'>esset</span> <span class='ocrx_word' id='word_1_280' title='bbox 1331 2845 1675 2902; x_wconf 88' lang='lat' dir='ltr'>inalienabile,</span> <span class='ocrx_word' id='word_1_281' title='bbox 1715 2860 1862 2900; x_wconf 68' lang='lat' dir='ltr'>corea,</span> <span class='ocrx_word' id='word_1_282' title='bbox 1900 2844 1939 2891; x_wconf 91' lang='lat' dir='ltr'>si</span> 
     </span>
     <span class='ocr_line' id='line_1_35' title="bbox 36 2882 1938 2980; baseline 0.003 -19.011"><span class='ocrx_word' id='word_1_283' title='bbox 36 2915 312 2975; x_wconf 87' lang='lat' dir='ltr'>generatim</span> <span class='ocrx_word' id='word_1_284' title='bbox 349 2916 551 2976; x_wconf 89' lang='lat' dir='ltr'>quidem</span> <span class='ocrx_word' id='word_1_285' title='bbox 588 2917 869 2965; x_wconf 90' lang='lat' dir='ltr'>hominibus</span> <span class='ocrx_word' id='word_1_286' title='bbox 920 2927 991 2964; x_wconf 89' lang='lat' dir='ltr'>est</span> <span class='ocrx_word' id='word_1_287' title='bbox 1039 2919 1396 2977; x_wconf 86' lang='lat' dir='ltr'>necessarium,</span> <span class='ocrx_word' id='word_1_288' title='bbox 1446 2935 1548 2967; x_wconf 93' lang='lat' dir='ltr'>non</span> <span class='ocrx_word' id='word_1_289' title='bbox 1584 2935 1702 2967; x_wconf 67' lang='lat' dir='ltr'>xero</span> <span class='ocrx_word' id='word_1_290' title='bbox 1740 2882 1938 2980; x_wconf 78' lang='lat' dir='ltr'>singi1lis</span> 
     </span>
     <span class='ocr_line' id='line_1_36' title="bbox 40 2989 1939 3055; baseline 0.002 -19"><span class='ocrx_word' id='word_1_291' title='bbox 40 2989 91 3035; x_wconf 91' lang='lat' dir='ltr'>in</span> <span class='ocrx_word' id='word_1_292' title='bbox 127 2991 355 3037; x_wconf 91' lang='lat' dir='ltr'>omnibus</span> <span class='ocrx_word' id='word_1_293' title='bbox 394 2992 787 3049; x_wconf 90' lang='lat' dir='ltr'>condicionibus,</span> <span class='ocrx_word' id='word_1_294' title='bbox 826 2993 1014 3040; x_wconf 78' lang='lat' dir='ltr'>subdist.</span> <span class='ocrx_word' id='word_1_295' title='bbox 1036 3012 1049 3038; x_wconf 92' lang='grc'>.·</span> <span class='ocrx_word' id='word_1_296' title='bbox 1084 3009 1186 3040; x_wconf 89' lang='lat' dir='ltr'>non</span> <span class='ocrx_word' id='word_1_297' title='bbox 1224 3003 1387 3055; x_wconf 88' lang='lat' dir='ltr'>potest</span> <span class='ocrx_word' id='word_1_298' title='bbox 1411 2995 1474 3042; x_wconf 91' lang='lat' dir='ltr'>ad</span> <span class='ocrx_word' id='word_1_299' title='bbox 1512 2994 1699 3041; x_wconf 89' lang='lat' dir='ltr'>libitum</span> <span class='ocrx_word' id='word_1_300' title='bbox 1736 2993 1939 3040; x_wconf 88' lang='lat' dir='ltr'>alienari</span> 
     </span>
     <span class='ocr_line' id='line_1_37' title="bbox 40 3064 1940 3129; baseline 0.002 -19"><span class='ocrx_word' id='word_1_301' title='bbox 40 3065 102 3111; x_wconf 89' lang='lat' dir='ltr'>ab</span> <span class='ocrx_word' id='word_1_302' title='bbox 137 3064 340 3112; x_wconf 87' lang='lat' dir='ltr'>homine</span> <span class='ocrx_word' id='word_1_303' title='bbox 376 3065 569 3127; x_wconf 88' lang='lat' dir='ltr'>privato</span> <span class='ocrx_word' id='word_1_304' title='bbox 606 3067 811 3129; x_wconf 88' lang='lat' dir='ltr'>propria</span> <span class='ocrx_word' id='word_1_305' title='bbox 836 3067 1140 3126; x_wconf 89' lang='lat' dir='ltr'>auctoritate,</span> <span class='ocrx_word' id='word_1_306' title='bbox 1180 3084 1314 3125; x_wconf 61' lang='lat' dir='ltr'><em>conc„</em></span> <span class='ocrx_word' id='word_1_307' title='bbox 1353 3068 1700 3116; x_wconf 81' lang='lat' dir='ltr'>intervenienti</span> <span class='ocrx_word' id='word_1_308' title='bbox 1735 3068 1940 3115; x_wconf 90' lang='lat' dir='ltr'>auctori-</span> 
     </span>
     <span class='ocr_line' id='line_1_38' title="bbox 39 3139 554 3200; baseline 0.006 -16"><span class='ocrx_word' id='word_1_309' title='bbox 39 3145 138 3185; x_wconf 88' lang='lat' dir='ltr'>tate</span> <span class='ocrx_word' id='word_1_310' title='bbox 174 3139 388 3200; x_wconf 85' lang='lat' dir='ltr'>publica,</span> <span class='ocrx_word' id='word_1_311' title='bbox 427 3157 554 3200; x_wconf 75' lang='lat' dir='ltr'>nege.</span> 
     </span>
    </p>
   </div>
   <div class='ocr_carea' id='block_1_8' title="bbox 0 3222 1942 3432">
    <p class='ocr_par' dir='ltr' id='par_1_9' title="bbox 0 3222 1942 3432">
     <span class='ocr_line' id='line_1_39' title="bbox 120 3222 1940 3286; baseline 0.003 -20"><span class='ocrx_word' id='word_1_312' title='bbox 120 3227 222 3267; x_wconf 86' lang='lat' dir='ltr'>Obi.</span> <span class='ocrx_word' id='word_1_313' title='bbox 252 3240 294 3277; x_wconf 87' lang='lat'>3·</span> <span class='ocrx_word' id='word_1_314' title='bbox 366 3223 440 3268; x_wconf 80' lang='lat' dir='ltr'>Ex</span> <span class='ocrx_word' id='word_1_315' title='bbox 490 3222 593 3270; x_wconf 90' lang='lat' dir='ltr'>iure</span> <span class='ocrx_word' id='word_1_316' title='bbox 646 3224 790 3270; x_wconf 90' lang='lat' dir='ltr'>rebus</span> <span class='ocrx_word' id='word_1_317' title='bbox 845 3224 1015 3270; x_wconf 91' lang='lat' dir='ltr'>utendi</span> <span class='ocrx_word' id='word_1_318' title='bbox 1067 3239 1170 3271; x_wconf 90' lang='lat' dir='ltr'>non</span> <span class='ocrx_word' id='word_1_319' title='bbox 1218 3232 1382 3286; x_wconf 87' lang='lat' dir='ltr'>potest</span> <span class='ocrx_word' id='word_1_320' title='bbox 1435 3224 1647 3272; x_wconf 79' lang='lat' dir='ltr'>derivari</span> <span class='ocrx_word' id='word_1_321' title='bbox 1707 3226 1777 3272; x_wconf 90' lang='lat' dir='ltr'>ius</span> <span class='ocrx_word' id='word_1_322' title='bbox 1830 3240 1940 3286; x_wconf 91' lang='lat' dir='ltr'>pro-</span> 
     </span>
     <span class='ocr_line' id='line_1_40' title="bbox 0 3293 1942 3360; baseline 0.003 -21"><span class='ocrx_word' id='word_1_323' title='bbox 0 3298 3 3301; x_wconf 83' lang='grc'><strong>’</strong></span> <span class='ocrx_word' id='word_1_324' title='bbox 39 3293 272 3353; x_wconf 85' lang='lat' dir='ltr'>prietatis,</span> <span class='ocrx_word' id='word_1_325' title='bbox 310 3296 348 3342; x_wconf 90' lang='lat' dir='ltr'>si</span> <span class='ocrx_word' id='word_1_326' title='bbox 385 3296 505 3343; x_wconf 89' lang='lat' dir='ltr'>illud</span> <span class='ocrx_word' id='word_1_327' title='bbox 540 3298 613 3345; x_wconf 88' lang='lat' dir='ltr'>ius</span> <span class='ocrx_word' id='word_1_328' title='bbox 651 3297 821 3344; x_wconf 88' lang='lat' dir='ltr'>utendi</span> <span class='ocrx_word' id='word_1_329' title='bbox 857 3314 948 3359; x_wconf 91' lang='lat' dir='ltr'>per</span> <span class='ocrx_word' id='word_1_330' title='bbox 984 3298 1055 3346; x_wconf 90' lang='lat' dir='ltr'>ius</span> <span class='ocrx_word' id='word_1_331' title='bbox 1093 3299 1407 3360; x_wconf 87' lang='lat' dir='ltr'>proprietatis</span> <span class='ocrx_word' id='word_1_332' title='bbox 1444 3299 1717 3346; x_wconf 86' lang='lat' dir='ltr'>destruitur.</span> <span class='ocrx_word' id='word_1_333' title='bbox 1790 3299 1942 3359; x_wconf 66' lang='lat' dir='ltr'><em>Atqui</em></span> 
     </span>
     <span class='ocr_line' id='line_1_41' title="bbox 40 3367 828 3432; baseline 0.005 -19"><span class='ocrx_word' id='word_1_334' title='bbox 40 3367 104 3413; x_wconf 87' lang='lat' dir='ltr'>ita</span> <span class='ocrx_word' id='word_1_335' title='bbox 141 3382 216 3415; x_wconf 89' lang='lat' dir='ltr'>res</span> <span class='ocrx_word' id='word_1_336' title='bbox 254 3384 305 3416; x_wconf 90' lang='lat' dir='ltr'>se</span> <span class='ocrx_word' id='word_1_337' title='bbox 340 3371 504 3418; x_wconf 88' lang='lat' dir='ltr'>habet.</span> <span class='ocrx_word' id='word_1_338' title='bbox 576 3373 713 3432; x_wconf 74' lang='lat' dir='ltr'>Ergo</span> <span class='ocrx_word' id='word_1_339' title='bbox 742 3409 750 3417; x_wconf 95' lang='lat'>.</span> <span class='ocrx_word' id='word_1_340' title='bbox 782 3409 789 3417; x_wconf 94' lang='lat'>.</span> <span class='ocrx_word' id='word_1_341' title='bbox 820 3410 828 3418; x_wconf 86' lang='lat'>.</span> 
     </span>
    </p>
   </div>
  </div>
 </body>
</html>
