2182 3682
551 184 703 213 CAPUT
738 184 835 213 VIrI.
886 184 948 213 DE
981 184 1095 212 IURE
1127 184 1177 212 IN
1213 184 1412 213 GENERE.
1828 188 1922 239 193

36 320 316 370 societatis.
385 320 622 386 Ideoque
664 320 922 370 utendum
962 319 1061 368 illis
1089 327 1169 368 est
1195 318 1277 368 vel
1307 336 1410 368 non
1455 320 1727 381 utendum,
1772 330 1928 386 prout

35 400 272 467 postulat
310 401 511 450 bonum
554 401 963 451 communitatis.

113 496 157 546 3.
213 482 355 532 Finis
419 483 542 532 iuris
608 483 831 532 iustitiae
898 481 1275 531 distributivae
1343 489 1423 531 est
1488 482 1620 531 tueri
1691 484 1930 533 membra

36 563 430 614 communitatis
469 565 520 613 in
560 564 667 613 suis
708 564 863 613 bonis
904 572 1090 613 contra
1130 563 1301 628 ipsam
1344 563 1782 613 communitatem
1824 565 1929 614 effi-

37 645 254 704 ciendo,
297 653 357 695 ut
395 645 577 694 habita
624 645 971 710 proportione
1012 662 1119 694 non
1160 644 1296 694 ultra
1334 645 1470 693 vires
1510 654 1818 706 onerentur,
1864 647 1930 696 de

37 727 193 776 bonis
232 744 359 775 vero
402 727 776 776 communibus
817 726 1080 792 accipiant
1120 743 1216 792 pro
1258 726 1459 775 ratione
1499 726 1667 776 meriti
1708 728 1801 777 sui.

111 806 368 873 Quamvis
409 808 831 874 unumquodque
873 826 941 858 ex
981 808 1268 874 praedictis
1307 808 1507 857 iuribus
1548 808 1744 858 habeat
1771 809 1931 858 finem

34 890 398 939 immediatum
438 889 536 939 sibi
576 890 877 955 proprium,
923 898 1101 939 tamen
1144 890 1320 938 omnia
1360 890 1494 939 inter
1531 906 1588 939 se
1630 891 1935 956 conspirant

35 971 104 1021 ad
145 971 305 1021 finem
346 970 575 1037 aliquem
619 979 876 1021 remotum
921 988 1260 1032 communem,
1303 972 1392 1037 qui
1434 971 1564 1020 alius
1604 988 1710 1021 non
1752 981 1833 1022 est
1872 989 1934 1022 ac

35 1053 342 1103 constitutio
395 1062 449 1103 et
500 1053 832 1103 conservatio
886 1054 1083 1102 ordinis
1135 1052 1365 1113 socialis,
1420 1051 1588 1118 qualis
1640 1054 1797 1103 decet
1844 1054 1933 1103 ho-

34 1134 203 1184 mines
245 1134 528 1184 rationales
556 1135 607 1184 in
637 1136 821 1185 ordine
850 1135 917 1184 ad
947 1135 1108 1184 finem
1137 1152 1321 1184 eorum
1351 1133 1607 1196 ultimum,
1653 1135 1933 1185 efficiendo

33 1215 143 1277 scl.‚
187 1225 246 1267 ut
283 1225 396 1266 tum
436 1217 676 1266 membra
718 1217 1112 1267 communitatis
1153 1217 1203 1266 in
1244 1233 1339 1266 sua
1380 1215 1634 1266 relatione
1672 1226 1855 1267 mutua
1884 1226 1936 1267 et

34 1299 86 1348 in
138 1315 233 1348 sua
274 1298 526 1349 relatione
567 1300 634 1348 ad
678 1300 1144 1360 communitatem,
1200 1307 1312 1348 tum
1355 1299 1710 1348 communitas
1749 1300 1800 1348 in
1841 1317 1937 1350 sua

35 1379 290 1430 relatione
330 1381 399 1430 ad
442 1380 682 1430 membra
724 1389 1104 1431 conserventur
1144 1381 1194 1430 in
1236 1398 1316 1441 eo,
1361 1381 1509 1446 quod
1549 1398 1705 1429 suum
1745 1398 1936 1431 vocare

33 1461 117 1511 vel
158 1470 217 1512 ut
256 1479 412 1511 suum
453 1461 723 1527 postulare
752 1471 992 1529 possunt.
1070 1461 1457 1528 «Operationes
1485 1463 1710 1512 iustitiae
1739 1464 1806 1512 ad
1836 1480 1936 1512 ser-

33 1544 263 1594 vandam
305 1560 494 1609 pacem
535 1545 669 1593 inter
709 1544 951 1593 homines
984 1544 1307 1605 ordinantur,
1352 1561 1445 1609 per
1473 1543 1577 1593 hoc
1606 1544 1753 1609 quod
1783 1562 1936 1594 unus-

35 1626 260 1691 quisque
299 1625 475 1691 quiete
509 1626 656 1691 quod
694 1643 845 1675 suum
885 1635 965 1675 est
1000 1626 1269 1692 possidet»
1307 1625 1386 1689 (C.
1420 1635 1561 1691 gent.
1600 1625 1629 1675 l.
1667 1640 1711 1689 3,
1750 1643 1792 1676 c.
1829 1627 1934 1690 34).

116 1706 312 1757 Omnia
352 1707 463 1757 iura
502 1724 662 1773 supra
714 1708 856 1757 dicta
909 1725 1031 1757 cum
1080 1707 1289 1773 legibus
1341 1717 1394 1757 et
1446 1708 1633 1757 officiis
1689 1708 1786 1757 sibi
1829 1725 1938 1757 cor-

39 1789 490 1856 respondentibus
531 1789 863 1839 constituunt
903 1790 1144 1839 ordinem
1187 1789 1490 1839 iurl'dl'cmll.

705 1943 974 1992 THESIs
1011 1944 1263 1991 XXXIX.

40 2050 186 2102 232.
263 2049 357 2095 Ius
394 2048 703 2109 generatim
743 2048 1059 2096 coactivum
1108 2055 1218 2104 est3
1270 2048 1592 2096 coactivitas
1639 2056 1833 2096 tamen
1886 2057 1940 2097 et

37 2136 69 2169 a
103 2122 314 2170 fortiori
351 2122 583 2169 actualis
621 2122 855 2183 cogendi
892 2122 1233 2183 possibilitas
1272 2137 1385 2170 non
1424 2123 1713 2170 constituit
1750 2138 1938 2171 essen-

35 2196 172 2243 tiam
221 2196 383 2252 iuris3
433 2211 602 2257 porro
651 2211 876 2253 norma,
927 2198 1245 2244 secundum
1289 2212 1459 2258 quam
1499 2197 1938 2246 discernendum

38 2276 149 2327 est,
188 2277 380 2317 utrum
418 2270 505 2317 ius
542 2271 766 2332 aliquod
803 2271 874 2318 sit
910 2271 1226 2318 coactivum
1266 2286 1471 2329 necne,
1512 2279 1596 2319 est
1634 2273 1940 2320 necessitas

39 2344 402 2392 coactivitatis
439 2346 508 2392 ad
545 2345 762 2392 bonum
801 2345 1083 2393 societatis
1120 2347 1422 2393 humanae.

120 2441 287 2481 PARS
319 2442 352 2481 I.
415 2442 498 2480 Ius
533 2471 541 2480 .
578 2472 586 2481 .
622 2472 630 2480 .
667 2442 939 2481 coactivum
975 2445 1064 2481 est.

119 2518 285 2566 Prob.
351 2518 502 2568 Haec
554 2535 677 2584 pars
728 2519 796 2568 ab
840 2519 1090 2568 omnibus
1143 2519 1451 2569 admittitur.
1533 2519 1615 2570 Eo
1670 2521 1809 2570 enim
1861 2522 1940 2571 ius

38 2607 263 2665 spectat,
306 2608 365 2650 ut
404 2599 626 2666 quilibet
666 2600 799 2650 intra
838 2600 1151 2650 societatem
1192 2601 1258 2652 sit
1298 2600 1431 2651 liber
1471 2610 1524 2651 et
1570 2602 1941 2668 independens

39 2680 90 2730 in
129 2681 285 2731 bonis
323 2682 454 2744 suis,
509 2690 563 2732 et
602 2691 661 2732 ut
712 2683 826 2748 ipsa
878 2683 1107 2733 societas
1147 2682 1366 2745 habeat,
1423 2701 1561 2750 quae
1613 2685 1661 2734 ei
1710 2694 1833 2735 sunt
1872 2686 1940 2735 ad

39 2752 199 2813 finem
255 2764 563 2815 necessaria.
662 2764 834 2830 Atqui
884 2773 1128 2831 spectata
1183 2765 1461 2815 hominum
1518 2766 1810 2833 cupiditate
1864 2767 1941 2817 ius

39 2843 183 2895 hunc
233 2845 394 2896 finem
445 2863 552 2896 non
609 2855 1028 2912 consequeretur
1076 2847 1188 2896 sine
1241 2847 1606 2909 coactivitate,
1660 2849 1689 2898 i.
1735 2865 1779 2898 e.
1829 2849 1940 2899 sine

40 2934 307 2992 potestate
349 2926 550 2987 morali,
594 2928 886 2978 adhibendi
928 2929 1033 2978 vim
1075 2928 1352 2995 physicam
1396 2930 1464 2979 ad
1505 2931 1939 2996 extorquendum

40 3007 281 3058 officium
321 3010 767 3076 correspondenS,
810 3011 854 3060 si
894 3027 1030 3076 opus
1070 3010 1152 3060 sit.

43 3129 190 3181 233.
271 3129 437 3171 PARS
468 3131 522 3168 II.
570 3129 872 3169 Coactivitas
907 3133 1068 3169 tamen
1102 3142 1200 3169 non
1236 3131 1488 3170 constituit
1520 3131 1790 3170 essentiam
1823 3132 1941 3170 iuris

44 3192 233 3242 (contra
264 3196 530 3245 Kantium).

118 3268 281 3316 Prob.
356 3269 408 3333 a)
449 3268 505 3320 si
555 3269 634 3319 ius
682 3271 936 3336 accipitur
964 3278 1073 3334 pro
1114 3270 1257 3335 lege,
1301 3271 1608 3320 coactivitas
1651 3279 1792 3320 certe
1833 3287 1940 3321 non

44 3356 124 3397 est
164 3349 232 3398 de
273 3350 500 3400 essentia
541 3351 678 3401 iuris.
748 3351 866 3401 Lex
907 3353 1046 3401 enim
1088 3361 1167 3401 est
1209 3368 1394 3401 norma
1435 3351 1679 3417 obligans
1720 3368 1749 3400 a
1789 3369 1940 3418 supe-

133 3439 373 3483 Caffirein,
400 3442 533 3476 Philos.
561 3443 715 3476 moralis.
759 3444 825 3477 Ed.
854 3455 884 3483 5.
1625 3451 1672 3491 13
