2182 3682
109 180 208 209 CAP.
243 179 308 209 111.
355 179 417 208 DE
449 178 684 207 BONITATE
716 177 774 206 ET
808 176 1006 205 MALITIA
1039 176 1217 204 MORALI
1251 175 1451 206 ACTUUM
1487 176 1810 206 HUMANORUM.
1876 174 1938 228 57

48 314 376 365 advertentia
416 321 469 363 et
508 311 751 362 libertate
791 311 863 360 ita
903 311 1069 376 ponit,
1113 317 1171 359 ut
1207 310 1365 359 etiam
1395 328 1594 376 ponere
1623 329 1728 361 non
1758 313 1940 377 possit.

48 397 334 462 Propterea
376 393 427 444 S.
483 393 719 443 Thomas
759 392 837 456 (In
889 405 947 452 2,
992 391 1110 441 dist.
1157 404 1251 452 24,
1295 408 1345 456 q.
1394 405 1449 454 3,
1493 409 1536 441 a.
1584 393 1661 456 2):
1724 393 1944 443 «Nullus

49 485 226 527 motus
266 476 480 542 ponitur
518 475 568 524 in
611 490 806 540 genere
846 473 1033 533 moris,
1078 472 1172 521 nisi
1213 471 1396 521 habita
1437 474 1836 538 comparatione
1876 476 1944 524 ad

48 558 405 618 voluntatem,
458 573 597 622 quae
637 563 717 605 est
757 554 1071 621 principium
1111 553 1404 603 moralium.
1440 595 1448 604 .
1483 595 1491 604 .
1526 594 1534 602 .
1603 554 1673 603 Et
1712 555 1834 604 ideo
1875 556 1947 605 ibi

48 641 229 706 incipit
257 656 427 705 genus
455 638 630 698 moris,
674 637 765 686 ubi
793 636 966 702 primo
995 636 1288 685 dominium
1318 634 1607 685 voluntatis
1634 636 1945 698 invenitur»,

49 731 101 772 et
141 724 212 786 (Ι,
258 734 305 782 2,
348 737 399 786 q.
434 734 516 780 21,
561 737 605 769 a.
641 720 719 778 2):
770 718 955 767 «Tunc
996 726 1147 767 actus
1175 718 1466 783 imputatur
1492 717 1687 783 agenti,
1731 719 1948 783 quando

49 812 129 853 est
178 804 230 852 in
284 809 553 869 potestate
605 801 792 867 ipsius,
847 801 919 849 ita
970 800 1118 865 quod
1160 799 1357 848 habeat
1398 799 1690 849 dominium
1732 799 1948 864 ipsius».

52 885 192 935 Hinc
244 885 482 954 sequitur
540 898 580 933 Ι.
635 881 789 955 simul
844 898 967 931 cum
1019 880 1315 930 moralitate
1367 897 1603 930 crescere
1654 880 1739 930 vel
1791 881 1953 930 minui

290 953 317 960 x
353 943 438 961 ”Ns-⁷
451 944 513 955 '‘u-c-.
557 943 599 949 ·-—⁷

53 961 547 1033 imputabilitatem3
610 978 656 1015 2.
707 956 941 1029 ‘aliquam
998 963 1263 1012 actionem
1319 962 1615 1012 secundum
1669 980 1833 1011 unum
1886 981 1958 1013 re-

51 1056 294 1115 spectum
324 1065 439 1097 esse
467 1064 627 1113 posse
654 1044 1040 1111 inmutabilem,
1066 1053 1118 1094 et
1140 1061 1247 1094 non
1270 1043 1638 1110 imputabilem
1661 1045 1956 1094 secundum

49 1130 240 1191 alium,
302 1130 354 1180 in
413 1147 520 1195 qua
574 1129 795 1178 veritate
854 1127 1106 1176 fundatur
1162 1126 1431 1176 distinctio
1487 1126 1621 1175 inter
1676 1133 1958 1192 peccatum

51 1211 320 1262 materiale
365 1220 418 1262 et
459 1210 695 1261 formale.
778 1210 915 1259 Fieri
955 1210 1095 1259 enim
1136 1216 1342 1274 potest,
1398 1216 1456 1257 ut
1496 1209 1719 1258 actionis
1760 1207 1956 1257 malitia

55 1294 257 1344 homini
296 1294 545 1360 imputari
586 1310 693 1342 non
734 1293 918 1358 possit,
964 1291 1085 1357 quia
1127 1308 1195 1340 ex
1236 1299 1352 1340 toto
1394 1299 1483 1340 aut
1524 1308 1593 1339 ex
1633 1299 1782 1356 parte
1810 1291 1957 1356 igno-

53 1385 206 1426 ratur.
277 1375 364 1427 Sic
407 1375 486 1425 fur
525 1374 688 1425 libere
728 1373 968 1424 auferens
1011 1390 1120 1423 rem
1161 1372 1402 1433 alienam,
1446 1389 1608 1438 quam
1637 1373 1804 1423 nescit
1840 1390 1954 1422 esse

52 1475 272 1519 sacram,
318 1457 601 1507 committit
643 1457 859 1523 quidem
897 1454 1184 1505 formaliter
1212 1454 1423 1515 furtum,
1466 1454 1801 1520 sacrilegium
1829 1472 1954 1504 vero

57 1539 230 1589 solum
271 1537 622 1599 materialiter,
667 1556 774 1588 non
816 1537 1118 1587 formaliter.

58 1668 158 1720 60-
243 1687 402 1727 Obi.1.
456 1680 531 1726 Ibi
569 1687 640 1726 est
676 1694 792 1725 vera
827 1678 1091 1733 moralitas,
1130 1678 1212 1724 ubi
1251 1686 1322 1725 est
1356 1692 1472 1724 vera
1508 1678 1670 1724 virtus.
1723 1677 1876 1739 Atqui
1909 1678 1958 1724 in

54 1753 271 1815 appetitu
309 1754 539 1801 sensitivo
578 1762 649 1801 est
686 1769 802 1800 vera
839 1754 1001 1800 virtus.
1073 1753 1211 1812 Ergo
1248 1752 1394 1799 etiam
1431 1768 1548 1798 vera
1583 1752 1845 1799 moralitas.

130 1845 280 1893 Resp.
355 1836 487 1883 Com.
525 1838 634 1883 mai.
706 1836 837 1882 Dz'st.
876 1837 1018 1882 mim:
1068 1837 1126 1881 In
1178 1834 1399 1896 appetitu
1446 1834 1677 1881 sensitivo
1726 1843 1798 1881 est
1844 1850 1961 1881 vera

50 1911 225 1966 virtus,
275 1910 326 1957 in
364 1920 599 1972 quantum
639 1920 708 1958 est
745 1919 904 1957 motus
941 1927 968 1956 a
1005 1911 1253 1956 voluntate
1292 1918 1340 1956 et
1375 1925 1487 1956 cum
1526 1909 1862 1970 dependentia
1899 1911 1960 1956 ab

53 1986 253 2043 eadem,
304 2002 448 2043 conc„
498 1986 896 2047 independenter
945 2002 971 2031 a
1018 1985 1294 2041 voluntate,
1344 2000 1470 2043 wega.
1542 1985 1673 2030 Dz‘st.
1713 2000 1861 2031 cens:
1904 1987 1961 2031 In

53 2060 272 2121 appetitu
309 2060 542 2108 sensitivo
581 2070 653 2108 est
687 2076 805 2107 vera
841 2059 1090 2106 moralitas
1127 2076 1239 2106 cum
1276 2058 1612 2120 dependentia
1649 2076 1676 2105 a
1712 2060 1961 2106 voluntate

55 2143 102 2182 et
147 2150 237 2196 per
284 2135 744 2182 denominationem
792 2135 853 2182 ab
902 2135 1103 2191 eadem,
1155 2149 1297 2191 cena,
1348 2133 1745 2195 independenter
1789 2135 1851 2180 ab
1889 2148 1960 2190 ea,

53 2226 178 2269 nego.
251 2209 369 2256 Non
415 2225 652 2271 negamus
699 2218 862 2256 actum
911 2209 1206 2256 exteriorem
1243 2223 1358 2255 vere
1408 2223 1513 2255 esse
1559 2209 1824 2265 moralem,
1875 2208 1962 2255 sed

53 2284 351 2331 affirmamus
403 2300 515 2331 eum
565 2285 750 2332 habere
803 2283 1131 2330 moralitatem
1184 2284 1340 2330 solum
1394 2299 1504 2329 cum
1553 2282 1890 2344 dependentia
1937 2299 1964 2328 a

53 2360 303 2406 voluntate
353 2366 401 2405 et
436 2374 527 2420 per
563 2358 1025 2406 denominationem
1063 2359 1124 2405 ab
1163 2358 1353 2404 eadem.
1429 2357 1581 2416 Quod
1618 2368 1780 2404 autem
1817 2358 1966 2404 virtus

53 2433 104 2479 in
152 2433 372 2495 appetitu
416 2434 647 2481 sensitivo
694 2449 796 2480 non
835 2433 894 2480 sit
929 2432 1022 2479 nisi
1060 2432 1405 2493 dependenter
1442 2449 1470 2478 a
1505 2433 1780 2490 voluntate,
1832 2441 1967 2493 patet

54 2525 96 2554 v.
135 2523 180 2568 g.
220 2507 269 2553 in
317 2508 486 2555 habitu
533 2507 916 2569 temperantiae,
970 2508 1052 2568 qui
1104 2516 1261 2554 cessat
1297 2522 1403 2553 esse
1441 2522 1556 2554 vera
1593 2507 1767 2564 virtus,
1818 2523 1964 2568 quam

55 2581 267 2644 primum
314 2584 537 2629 voluntas
589 2598 649 2629 eo
702 2582 765 2629 ad
813 2583 1020 2640 malum,
1072 2600 1114 2629 v.
1154 2597 1198 2643 g.
1238 2582 1302 2628 ad
1350 2582 1646 2643 explendam
1696 2581 1963 2639 avaritiam,

56 2665 219 2704 utitur.

137 2753 238 2794 Obi.
273 2766 315 2793 2.
367 2748 416 2793 Si
452 2746 704 2793 moralitas
741 2747 963 2794 consistit
999 2747 1049 2793 in
1087 2746 1423 2807 dependentia
1459 2753 1595 2792 actus
1633 2762 1660 2792 a
1696 2744 1849 2792 libera
1886 2760 1966 2791 vo-

53 2821 237 2867 luntate
275 2829 322 2868 et
357 2821 549 2868 ratione
587 2821 889 2880 advertente,
927 2837 1050 2883 pura
1088 2820 1288 2868 omissio
1325 2837 1425 2868 non
1465 2828 1535 2867 est
1573 2820 1798 2879 moralis,
1850 2835 1965 2865 nam

56 2910 179 2957 pura
216 2895 414 2943 omissio
450 2912 555 2943 non
591 2896 845 2957 dependet
881 2912 909 2942 a
945 2897 1196 2943 voluntate
1233 2904 1281 2942 et
1316 2895 1520 2942 ratione.

134 2985 286 3034 Resp.
345 2976 484 3037 Nego
519 2983 683 3024 assert.
743 2977 830 3022 Ad
857 2983 950 3023 rat.
990 2977 1134 3023 addit.
1174 2978 1310 3024 (list..-
1346 2978 1472 3022 Pura
1510 2975 1708 3023 omissio
1746 2990 1849 3021 non
1888 2975 1967 3021 de-

55 3051 242 3112 pendet
277 3067 306 3097 a
341 3052 590 3106 voluntate
629 3060 676 3099 et
711 3051 902 3099 ratione
939 3053 1108 3098 directe
1143 3058 1189 3098 et
1212 3053 1435 3113 positive,
1485 3066 1629 3105 conc„
1671 3050 1890 3095 indirecte
1925 3055 1971 3095 et

56 3126 281 3184 negative,
320 3141 448 3184 nego.
500 3128 628 3172 Pura
664 3125 862 3173 omissio
890 3151 952 3155 —
979 3125 1018 3172 si
1054 3134 1222 3172 tamen
1259 3125 1505 3187 possibilis
1544 3133 1614 3171 est
1641 3149 1702 3153 —
1728 3137 1788 3169 eo
1814 3124 1967 3170 modo

57 3207 286 3246 censetur
332 3200 556 3258 moralis,
607 3215 706 3261 quo
756 3209 827 3254 est
862 3200 1138 3246 voluntaria
1177 3209 1225 3247 et
1264 3200 1445 3256 libera,
1495 3200 1577 3246 scl.
1617 3196 1844 3258 negative
1882 3213 1967 3244 seu

57 3273 312 3321 indirecte.
374 3276 449 3321 Eo
485 3275 593 3337 ipso
631 3274 778 3332 enim,
819 3275 954 3335 quod
989 3276 1213 3322 voluntas
1250 3283 1406 3321 stante
1432 3272 1740 3320 advertentia
1766 3272 1966 3319 rationis

60 3347 124 3394 ad
169 3349 478 3396 honestatem
526 3350 604 3397 vel
652 3349 1005 3411 turpitudinem
1053 3348 1236 3398 obiecti
1283 3349 1333 3395 in
1380 3347 1497 3394 illud
1538 3347 1742 3394 tendere
1779 3355 1827 3394 et
1861 3363 1964 3394 non
