2182 3682
578 151 730 181 CAPUT
764 151 863 180 VIII.
914 151 976 180 DE
1010 151 1122 180 IURE
1156 151 1204 180 IN
1240 152 1440 182 GENERE.
1852 153 1948 206 197

56 288 169 355 1¹3&
206 316 277 322 -—-
331 287 387 350 b)
437 285 677 336 Societas
733 285 892 337 civilis
947 294 1027 336 est
1079 286 1308 336 societas
1364 286 1636 347 naturaliS,
1696 303 1830 353 quae
1882 305 1951 338 ex

54 355 328 418 {soluntate
379 368 553 417 divina
605 368 824 418 exsistit.
905 368 1054 417 Deus
1104 375 1282 417 autem
1322 384 1430 416 non
1477 369 1651 433 potuit
1691 369 1824 419 velle
1865 387 1951 419 ex-

54 449 347 500 sistentiam
396 450 664 499 societatis
703 448 892 509 civilis,
951 448 1075 514 quin
1124 449 1171 498 ei
1221 448 1483 499 conferret
1534 450 1708 498 media
1756 451 1823 499 ad
1865 469 1951 500 ex-

53 532 344 582 sistentiam
373 539 426 580 et
465 530 626 580 finem
654 531 960 580 necessaria.
1018 530 1179 580 Porro
1218 530 1350 580 haec
1378 531 1554 580 media
1582 548 1687 580 non
1730 541 1951 596 possunt

53 614 340 663 consistere
391 613 486 662 nisi
542 613 592 661 in
648 613 757 661 iure
797 612 1066 662 societatis
1117 611 1423 678 postulandi
1474 629 1503 660 a
1553 613 1660 661 suis
1701 614 1951 663 membris

52 711 141 756 ea,
195 711 332 760 quae
370 694 470 744 sibi
521 702 644 743 sunt
683 694 978 743 necessaria
1018 694 1086 743 ad
1139 693 1299 743 finem
1338 710 1506 744 suum.
1590 693 1770 743 Habet
1821 712 1949 760 ergo

51 777 279 827 societas
330 775 433 825 hoc
474 776 553 825 ius
605 774 915 841 postulandi
955 793 985 825 a
1023 775 1247 824 subditis
1288 776 1606 836 necessaria,
1663 784 1715 824 et
1754 776 1951 826 subditi

51 857 250 908 habent
291 857 673 922 obligationem
703 857 1213 923 correspondentem
1253 857 1476 906 iustitiae
1506 856 1687 922 legalis
1715 859 1765 907 vi
1791 858 1951 924 ipsius

49 938 182 1006 legis
222 939 471 990 naturalis
512 947 564 988 et
604 939 1026 1005 independenter
1067 956 1096 988 a
1146 956 1485 1005 quacumque
1536 937 1655 1005 lege
1707 940 1947 1005 positiva.

127 1087 291 1134 Prob.
330 1101 374 1134 2.
428 1086 515 1135 Ex
555 1086 851 1136 necessario
893 1103 1035 1136 nexu
1075 1087 1196 1136 iuris
1239 1104 1358 1136 cum
1388 1086 1582 1137 officio.
1640 1085 1748 1151 Qui
1786 1086 1950 1136 habet

48 1168 264 1234 aliquod
306 1167 565 1229 officium,
615 1186 679 1218 eo
721 1169 838 1234 ipso
881 1169 1039 1218 etiam
1080 1168 1243 1218 habet
1283 1169 1361 1218 ius
1402 1168 1636 1218 officium
1677 1168 1947 1234 implendi.

49 1250 218 1316 Atqui
254 1250 419 1300 homo
462 1267 556 1316 per
596 1249 772 1317 legem
801 1249 1095 1300 naturalem
1124 1268 1153 1299 a
1180 1250 1301 1300 Deo
1330 1251 1537 1316 accepit
1566 1250 1730 1300 multa
1758 1250 1946 1301 officia.

49 1333 202 1398 Ergo
231 1333 390 1382 etiam
418 1333 486 1382 ab
516 1333 711 1382 eodem
740 1333 947 1398 accepit
974 1333 1051 1382 ius
1091 1332 1223 1382 haec
1253 1332 1427 1382 officia
1455 1332 1725 1399 implendi.
1782 1332 1950 1383 Secus

52 1414 200 1464 Deus
240 1414 494 1465 voluisset
534 1414 693 1464 finem
722 1416 834 1464 sine
875 1415 1062 1465 mediis
1090 1415 1158 1464 ad
1200 1432 1322 1465 eum
1350 1416 1671 1465 necessariis.
1727 1415 1950 1464 Possent

46 1496 290 1547 homines
330 1497 442 1546 sine
481 1497 665 1546 iniuria
705 1496 976 1547 hominem
1020 1498 1280 1557 occidere,
1325 1514 1419 1547 sua
1461 1497 1703 1547 libertate
1745 1498 1948 1563 privare

44 1577 127 1628 vel
169 1577 272 1627 alio
315 1579 480 1628 modo
521 1579 572 1628 in
613 1578 896 1644 implendis
937 1579 1124 1629 officiis
1164 1579 1436 1645 impedire.

121 1669 286 1716 Prob.
325 1683 369 1729 3.
434 1667 521 1716 Ex
561 1668 877 1718 necessitate
917 1668 1041 1717 iuris
1070 1667 1319 1718 naturalis
1358 1677 1414 1717 ut
1456 1667 1787 1718 fundamenti
1825 1668 1948 1717 iuris

46 1750 271 1816 positivi.
327 1748 382 1800 Si
423 1748 626 1799 nullum
667 1758 747 1799 est
785 1750 866 1799 ius
906 1749 1158 1811 naturale,
1202 1767 1374 1816 neque
1415 1750 1491 1799 ius
1532 1750 1820 1816 positivum
1861 1768 1946 1799 ex-

45 1832 193 1882 sistit.
250 1832 389 1881 Nam
419 1840 560 1882 certe
589 1832 875 1882 auctoritas
904 1831 1082 1893 civilis,
1128 1849 1249 1881 cum
1290 1833 1515 1898 primam
1556 1832 1732 1898 legem
1773 1832 1944 1893 ferret,

44 1914 147 1963 iam
189 1914 374 1963 debuit
414 1914 612 1964 habere
651 1914 729 1964 ius
768 1914 1144 1980 praecipiendi,
1188 1921 1240 1964 et
1279 1914 1478 1964 subditi
1519 1914 1792 1964 debebant
1832 1931 1947 1964 esse

44 1995 266 2062 obligati
305 1996 374 2045 ad
416 1996 830 2046 oboediendum.
888 1996 997 2045 Iam
1028 2014 1252 2062 quaero:
1298 1997 1563 2046 undenam
1594 1997 1802 2062 accepit
1842 1996 1945 2047 hoc

41 2077 152 2128 ius?
215 2076 270 2128 Si
311 2079 524 2128 dicitur:
569 2096 638 2128 ex
679 2087 837 2144 pacto
879 2077 961 2128 vel
1003 2080 1372 2139 conventione,
1417 2095 1632 2144 quaero,
1678 2078 1943 2128 undenam

42 2158 146 2210 hoc
186 2168 404 2226 pactum
431 2160 675 2210 habuerit
701 2176 850 2210 suam
879 2160 1015 2211 vim?
1068 2159 1171 2210 Cur
1199 2169 1384 2210 teneor
1422 2161 1525 2210 hoc
1567 2169 1742 2226 pacto,
1786 2162 1944 2210 etiam

42 2242 85 2291 si
135 2242 320 2291 initum
373 2241 735 2308 supponatur?
824 2241 879 2292 Si
932 2260 1038 2292 non
1094 2243 1387 2292 admittitur
1442 2243 1754 2308 principium
1812 2242 1944 2309 legis

43 2323 318 2374 naturalis:
364 2331 522 2389 pacta
548 2324 809 2374 servanda
838 2342 969 2385 esse,
1013 2342 1302 2391 numquam
1331 2343 1513 2374 verum
1557 2334 1772 2391 pactum
1813 2325 1945 2375 inter

41 2404 284 2456 homines
335 2406 448 2455 iniri
500 2413 696 2472 potest.
777 2405 832 2457 Si
873 2423 998 2456 vero
1041 2407 1233 2457 dicitur
1273 2406 1415 2456 illam
1467 2406 1641 2472 legem
1695 2407 1943 2457 habuisse

40 2488 147 2537 vim
174 2505 242 2538 ex
272 2489 655 2538 consuetudine
683 2487 765 2538 vel
805 2489 1143 2554 persuasione
1173 2488 1371 2555 populi,
1417 2506 1630 2555 quaero,
1675 2489 1942 2539 undenam

40 2568 172 2619 haec
232 2570 566 2619 consuetudo
625 2569 707 2619 vel
772 2571 1042 2636 persuasio
1105 2571 1302 2621 habeat
1360 2571 1440 2620 ius
1502 2589 1587 2620 me
1647 2571 1938 2637 obligandi.

39 2651 284 2701 Tandem
325 2651 614 2718 aliquando
656 2653 723 2702 ad
765 2653 844 2702 ius
885 2652 1120 2702 naturale
1162 2654 1552 2703 deveniendum
1594 2660 1689 2703 est.

114 2742 278 2788 Prob.
315 2756 360 2802 4.
428 2741 511 2790 Ex
553 2741 796 2791 absurdis
832 2742 1238 2807 consequentiis.
1309 2742 1365 2793 Si
1405 2760 1512 2792 non
1554 2743 1710 2792 datur
1749 2743 1826 2792 ius
1855 2760 1939 2792 na-

38 2821 218 2884 turale,
261 2824 311 2888 a)
350 2822 492 2873 nulla
520 2822 608 2872 lex
637 2825 862 2890 positiva
889 2823 972 2873 vel
1001 2824 1188 2873 saltem
1220 2824 1364 2874 nulla
1392 2825 1726 2875 consuetudo
1756 2833 1939 2890 posset

38 2921 152 2954 esse
192 2904 406 2967 iniusta,
460 2906 607 2971 quod
649 2922 776 2955 sane
817 2906 1109 2956 absurdum
1151 2915 1245 2956 est.
1315 2906 1414 2971 (Cf.
1464 2905 1664 2968 Cicero,
1707 2907 1792 2956 De
1832 2906 1935 2972 leg.

38 2985 69 3037 l.
108 3000 148 3048 1,
192 3004 233 3036 c.
276 2997 331 3051 15
371 2996 423 3037 et
459 2988 561 3051 16.)
628 2986 761 3038 Sunt
802 2988 943 3037 enim
983 2988 1179 3038 multae
1219 2990 1457 3038 actiones
1498 3006 1604 3038 non
1644 2989 1712 3038 ab
1747 2989 1936 3038 extrin-

37 3084 179 3130 seco,
209 3069 303 3118 sed
326 3070 439 3135 ipsa
468 3077 655 3119 natura
681 3087 774 3120 sua
795 3071 1032 3129 iniustae,
1057 3088 1103 3121 v.
1130 3087 1178 3135 g.
1205 3070 1568 3131 homicidium,
1601 3070 1933 3131 adulterium,

37 3151 268 3215 proditio
322 3152 521 3217 patriae
573 3161 703 3213 etc.;
758 3152 814 3217 b)
863 3160 1048 3218 posset
1088 3153 1204 3218 quis
1243 3154 1355 3202 sine
1395 3152 1578 3201 iniuria
1619 3152 1686 3201 ad
1728 3151 1935 3202 libitum

36 3231 180 3281 velut
218 3233 436 3282 brutum
475 3234 702 3294 tractari,
747 3235 936 3295 occidi,
979 3234 1231 3295 mutilari,
1276 3235 1318 3284 si
1359 3234 1446 3283 lex
1474 3234 1557 3282 vel
1599 3235 1934 3283 consuetudo

37 3311 139 3363 hoc
179 3314 533 3380 permitteret;
590 3316 638 3380 c)
679 3315 880 3365 nullum
921 3316 1000 3366 ius
1039 3315 1443 3366 internationale
1484 3324 1624 3365 esset
1665 3314 1931 3381 possibile.
