2182 3682
486 158 572 188 LIB.
608 159 655 188 11.
701 159 797 188 cAP.
832 159 891 188 IV.
940 159 1001 187 DE
1036 158 1147 187 IURE
1180 159 1608 191 INTERNATIONALI.
1887 164 1996 217 479

99 309 194 342 seu
236 292 407 343 nullus
436 302 576 342 esset
615 292 732 342 finis
772 292 1020 343 bellandi.
1084 292 1403 359 Plerumque
1432 296 1571 344 enim
1607 305 1828 363 utraque
1856 299 1999 347 natio

100 373 419 440 belligerans
458 392 515 424 se
562 374 752 424 iniuste
803 374 999 424 laesam
1053 374 1344 436 existimat,
1401 384 1453 424 et
1505 394 1624 426 cum
1675 380 2000 444 superiorem

99 473 208 505 non
247 456 494 517 habeant,
538 457 605 505 ad
635 473 796 521 quem
824 455 886 505 lis
922 455 1113 505 deferri
1148 457 1330 522 possit,
1374 456 1547 507 nullus
1576 468 1714 509 esset
1742 459 2002 510 bellorum

100 537 234 598 finis,
277 538 374 587 nisi
413 546 572 603 pacta
612 537 698 586 illa
736 545 1084 588 servarentur.

173 619 422 669 Fortasse
463 620 730 669 distinctio
771 619 1011 669 adhiberi
1045 628 1238 685 potest.
1302 619 1453 670 Side
1494 620 1742 671 iniustitia
1776 622 2003 673 foederis

98 718 207 756 non
250 701 468 750 omnino
511 710 656 751 certo
700 710 925 762 constat,
970 701 1144 751 eidem
1185 701 1374 767 procul
1417 703 1582 751 dubio
1624 705 1873 754 standum
1904 713 1998 755 est.

97 783 158 833 Id
199 783 395 849 probat
435 784 567 833 ratio
609 782 781 833 allata.
851 782 907 834 Si
935 801 1062 833 vero
1103 784 1352 833 iniustitia
1395 784 1623 834 foederis
1664 785 1819 851 plane
1860 797 2003 837 certa

98 874 194 926 est,
239 882 360 931 pars
399 865 538 915 victa
578 883 686 914 non
726 865 784 914 vi
806 865 1061 930 foederis
1100 866 1298 930 ipsius,
1346 867 1439 915 sed
1482 865 1695 916 aliunde
1737 867 2003 934 obligatur

97 947 166 997 ad
217 947 467 996 standum
517 947 624 996 suis
675 947 961 1013 promissis
1043 948 1307 997 Nimirum
1359 948 1492 998 haec
1545 948 1761 998 foedera
1811 951 2002 1001 iniusta

98 1029 422 1094 aggressorz'
445 1029 638 1079 iniusto
667 1046 848 1078 verum
877 1029 977 1090 ius,
1006 1048 1051 1079 v.
1085 1047 1135 1095 g.
1168 1031 1217 1079 in
1249 1031 1575 1096 provinciam
1605 1040 1811 1097 raptam
1840 1032 1921 1082 vel
1948 1034 2000 1083 in

97 1111 310 1172 tributa,
356 1127 492 1176 quae
532 1111 631 1160 sibi
671 1111 859 1161 iniuste
899 1112 1265 1177 promittenda
1293 1113 1507 1174 curavit,
1553 1130 1659 1162 non
1695 1114 1999 1177 conferunt;

95 1193 259 1242 immo
312 1201 521 1243 tenetur
560 1192 645 1243 ille
693 1210 763 1242 ex
802 1211 859 1243 se
900 1194 1056 1244 etiam
1112 1203 1236 1260 post
1290 1194 1478 1244 foedus
1529 1195 1715 1244 initum
1766 1197 2003 1246 iniuriam

97 1292 356 1340 reparare.
419 1275 560 1325 Hinc
602 1276 761 1325 etiam
803 1292 925 1342 pars
966 1276 1104 1325 victa
1145 1294 1252 1326 non
1294 1284 1503 1326 tenetur
1543 1295 1613 1327 ex
1652 1278 1845 1328 iustitia
1877 1296 2003 1345 erga

96 1357 348 1406 iniustum
400 1374 791 1423 oppressorem.
872 1359 932 1407 Id
986 1358 1264 1408 indubium
1314 1377 1530 1425 prorsus
1585 1360 1806 1411 videtur.
1886 1361 2002 1411 Nec

97 1446 279 1504 potest
319 1439 460 1489 obici
500 1440 702 1489 bonum
745 1457 1043 1491 commune.
1127 1441 1267 1490 Nam
1309 1441 1433 1490 nihil
1475 1443 1645 1508 magis
1685 1443 1754 1492 ad
1796 1443 2000 1492 bonnm

98 1538 381 1570 commune
422 1523 776 1572 necessarium
809 1531 902 1583 est,
948 1540 1106 1588 quam
1149 1531 1206 1573 ut
1248 1524 1486 1573 omnium
1526 1526 1637 1575 iura
1676 1534 1816 1575 sarta
1856 1534 1998 1576 tecta

98 1610 384 1654 serventur.

172 1684 296 1734 Pars
335 1693 512 1734 autem
540 1686 680 1735 victa
721 1694 773 1735 et
813 1686 1001 1736 iniuste
1042 1686 1184 1737 laesa
1224 1696 1433 1738 tenetur
1474 1689 1675 1739 foederi
1715 1697 1852 1740 stare
1892 1708 1999 1740 non

99 1783 166 1815 ex
199 1767 324 1828 iure,
368 1768 516 1833 quod
555 1768 725 1818 victor
763 1770 863 1818 sibi
904 1769 1202 1835 acquisivit,
1246 1771 1341 1820 sed
1372 1780 1602 1836 propter
1640 1773 1998 1822 necessilatem

54 1898 61 1904 ,
96 1847 220 1898 boni
257 1849 560 1899 communis.
644 1849 785 1900 Hinc
827 1851 1085 1917 obligatio
1126 1854 1372 1903 servandi
1413 1854 1604 1904 foedus
1644 1871 1751 1904 non
1792 1855 2001 1905 videtur

98 1947 213 1980 esse
253 1931 511 1996 obligatio
563 1932 788 1982 iustitiae
836 1935 1275 1996 commutativae,
1331 1937 1426 1985 sed
1469 1936 1679 2002 legalis,
1736 1946 1787 1987 et
1827 1938 2000 2003 ipsum

98 2012 287 2063 foedus
339 2022 584 2080 respectu
626 2014 780 2065 huius
834 2016 1178 2082 obligationis
1230 2035 1336 2068 non
1389 2028 1497 2068 tam
1539 2019 1703 2069 habet
1744 2020 2002 2070 rationem

98 2111 291 2144 causae
332 2112 493 2161 quam
535 2098 880 2159 condicionis,
926 2116 1030 2165 qua
1071 2101 1244 2166 posita
1284 2099 1417 2166 legis
1454 2101 1702 2151 naturalis
1744 2101 2001 2168 obligatio

100 2176 262 2226 oritur
303 2177 373 2226 ob
415 2177 617 2227 bonum
662 2196 961 2231 commune.

171 2258 448 2309 Praeterea
499 2260 734 2327 populus
784 2262 975 2312 iniuste
1027 2262 1199 2314 laesus
1252 2264 1518 2331 obligatur
1563 2266 1631 2315 ad
1673 2265 1862 2316 foedus
1902 2283 2002 2316 ser-

96 2341 332 2390 vandum
360 2359 467 2391 non
495 2342 756 2405 absolute,
788 2345 883 2394 sed
912 2346 1010 2395 sub
1041 2347 1358 2397 condicione
1388 2348 1572 2398 tacita:
1608 2349 1718 2398 nisi
1743 2358 2007 2414 exsurgat

86 2430 278 2488 postea
330 2424 449 2474 alia
503 2425 642 2475 iussa
694 2443 856 2476 causa
909 2427 1067 2490 belli,
1121 2446 1227 2495 qua
1278 2431 1614 2480 nanciscatur
1665 2432 2001 2482 occasionem

98 2521 208 2554 rem
249 2522 401 2555 suam
443 2508 808 2573 recuperandi.

171 2585 348 2638 Sclzol.
431 2586 627 2652 Quoad
668 2590 795 2640 iura
839 2591 1142 2657 legatorum
1190 2610 1259 2643 ex
1298 2593 1413 2644 sola
1453 2594 1573 2661 lege
1614 2595 1836 2646 naturali
1877 2596 2002 2646 nihil

97 2678 444 2735 praeceptum
483 2672 719 2733 videtur,
775 2690 935 2739 quam
975 2682 1033 2724 ut
1072 2675 1131 2724 iis
1173 2675 1329 2741 plena
1386 2675 1600 2727 libertas
1652 2687 1702 2728 et
1750 2679 2003 2729 securitas

97 2751 149 2799 in
203 2751 281 2800 sui
337 2754 565 2803 muneris
620 2756 874 2805 exercitio
932 2757 1272 2807 concedatur.
1364 2758 1609 2809 Mutuum
1665 2760 1804 2810 enim
1862 2777 2001 2810 com-

98 2833 353 2883 mercium
407 2852 501 2900 per
551 2835 760 2901 legatos
801 2846 890 2887 aut
930 2839 1281 2890 internuntios
1328 2842 1619 2905 generatim
1662 2859 1877 2908 prorsus
1918 2860 2002 2892 ne-

99 2916 383 2965 cessarium
424 2926 531 2977 est,
586 2919 818 2985 ideoque
859 2920 947 2970 lex
988 2922 1240 2972 naturalis
1291 2923 1478 2972 iisdem
1526 2925 1637 2973 iura
1677 2925 1744 2973 ad
1785 2941 2003 2975 munere

101 2997 198 3046 rite
251 2996 549 3064 fugendum
601 3002 895 3051 necessaria
947 3003 1174 3053 tribuere
1227 3005 1455 3055 dicenda
1506 3014 1599 3056 est.
1681 3006 1847 3072 Igitur
1897 3024 2003 3056 non

99 3079 426 3130 subiciuntur
478 3082 824 3133 iurisdictioni
876 3085 986 3134 eius
1039 3087 1239 3151 gentis,
1298 3087 1443 3152 apud
1499 3104 1660 3153 quam
1711 3097 2001 3150 versantur,

99 3177 273 3227 neque
326 3163 570 3229 impediri
620 3173 873 3230 possunt,
930 3169 1213 3233 quominus
1254 3186 1376 3218 cum
1417 3169 1501 3230 iis,
1557 3186 1585 3219 a
1628 3171 1820 3236 quibus
1859 3171 2004 3220 missi

97 3250 236 3304 sunt,
279 3253 524 3295 mutuum
565 3246 910 3312 epistularum
951 3256 1004 3298 et
1044 3250 1349 3300 nuntiorum
1391 3268 1542 3300 usum
1571 3250 1817 3302 habeant.
1884 3253 2002 3302 Iure

100 3340 314 3391 quoque
355 3326 617 3390 fruuntur,
667 3337 723 3379 ut
764 3347 828 3380 eo
868 3331 920 3380 in
962 3331 1166 3382 honore
1208 3332 1519 3394 habeantur,
1564 3350 1725 3399 quem
1764 3335 2001 3400 ipsorum
