2182 3682
491 174 576 202 Lllz.
615 174 658 201 11.
708 173 806 201 (ΕΑΓ.
843 171 908 199 ΙΙΙ.
956 171 1017 198 DE
1052 170 1305 198 SOCIETATE
1342 169 1495 196 CIVILI.
1825 166 1930 219 417

41 327 175 377 quos
217 310 406 359 eadem
448 310 557 358 iura
598 326 846 358 exercere
888 315 1094 373 queat.»
1181 305 1341 354 Thes.
1388 318 1481 353 20:
1533 302 1936 352 «Ecclesiastica

41 399 278 460 potestas
312 408 460 440 suam
497 392 867 440 auctoritatem
908 405 1157 439 exercere
1194 405 1298 436 non
1342 386 1505 435 debet
1546 385 1747 449 absque
1777 384 1937 433 civilis

43 472 284 539 gubernii
338 473 490 521 venia
546 481 598 521 et
652 488 918 521 assensu.»
1010 470 1170 519 Thes.
1226 483 1327 530 44:
1394 465 1599 516 «Civilis
1654 466 1939 515 auctoritas

44 562 223 622 potest
273 571 329 603 se
382 554 675 603 immiscere
728 554 910 613 rebus,
970 569 1106 618 quae
1158 552 1225 600 ad
1279 549 1614 614 religionem,
1674 564 1848 596 mores
1889 555 1941 596 et

43 637 277 701 regimen
319 635 589 702 spirituale
631 636 908 702 pertinent.
992 633 1133 682 Hinc
1181 640 1360 698 potest
1401 631 1468 680 de
1508 629 1942 679 instructionibus

41 718 300 778 iudicare,
345 735 476 784 quas
515 716 787 766 Ecclesiae
828 725 1068 782 pastores
1109 714 1176 763 ad
1219 713 1658 763 conscientiarum
1701 727 1942 760 normam

45 817 141 866 pro
181 817 277 849 suo
318 817 534 848 munere
575 799 756 859 edunt,
801 799 924 864 quin
959 797 1117 846 etiam
1146 803 1326 861 potest
1355 794 1421 844 de
1451 794 1749 843 divinorum
1776 809 1941 842 sacra-

46 890 345 931 mentorum
384 881 836 930 administratione
865 888 918 928 et
946 878 1382 944 dispositionibus
1418 877 1484 925 ad
1515 893 1577 925 ea
1607 874 1945 940 suscipienda

45 964 351 1013 necessariis
379 963 712 1013 decernere.»
763 961 839 1011 Cf.
865 969 1138 1027 praeterea
1162 959 1364 1010 Concil.
1387 959 1558 1008 Vatic.
1585 956 1723 1007 Sess.
1748 970 1798 1018 4,
1824 973 1867 1006 C.
1895 969 1941 1019 3.

47 1101 192 1165 562.
273 1111 439 1150 PARS
470 1112 546 1149 ΙΙΙ.
610 1111 787 1148 Earum
836 1122 951 1148 vero
995 1121 1177 1156 rerum,
1225 1120 1347 1157 quae
1394 1108 1456 1145 acl
1501 1110 1746 1154 utrumque
1792 1104 1944 1143 sorum

40 1179 290 1228 pertinent
321 1178 633 1226 (mixtarum),
669 1208 677 1216 .
704 1208 712 1216 .
739 1208 746 1216 .
771 1178 994 1216 iudicium
1031 1188 1310 1226 supremum
1348 1178 1427 1213 est
1453 1186 1618 1224 penes
1651 1173 1945 1211 Ecclesiam.

121 1271 471 1322 Defendimus
530 1273 615 1323 hic
674 1280 997 1338 potestatem
1053 1270 1325 1321 Ecclesiae
1381 1270 1431 1319 in
1488 1287 1568 1319 res
1627 1267 1949 1334 temporales

47 1354 365 1404 indirectam
417 1372 577 1421 quam
617 1364 826 1405 vocant.
908 1354 1010 1404 Sel.
1056 1353 1328 1403 Ecclesiae
1381 1361 1460 1402 est
1508 1352 1766 1412 iudicare,
1822 1368 1949 1399 num

46 1435 220 1502 aliqua
261 1435 348 1486 lex
388 1436 469 1486 vel
513 1437 775 1486 ordinatio
817 1438 867 1485 in
910 1454 963 1486 re
1015 1434 1295 1501 temporali
1336 1435 1401 1484 sit
1453 1433 1828 1500 peccaminosa
1867 1431 1949 1481 vel

44 1517 148 1568 alio
190 1535 531 1584 quocumque
573 1519 738 1568 modo
781 1519 927 1568 bono
969 1517 1223 1584 spirituali
1265 1516 1599 1566 subditorum
1642 1516 1856 1575 nociva,
1900 1523 1951 1563 et

47 1617 141 1666 per
181 1617 517 1666 consequens
557 1602 666 1650 iure
708 1600 875 1666 pollet
915 1600 1283 1650 auctoritatem
1326 1597 1530 1647 civilem
1569 1597 1843 1662 obligandi
1884 1596 1952 1645 ad

49 1681 211 1731 talem
267 1681 443 1748 legem
494 1700 585 1732 seu
639 1683 1031 1732 ordinationem
1081 1680 1450 1746 abrogandam
1503 1679 1585 1728 vel
1643 1678 1953 1728 mutandam

49 1763 133 1814 vel
174 1765 333 1813 etiam
381 1764 541 1814 talem
593 1764 767 1830 legem
820 1765 869 1813 in
913 1781 1035 1814 casu
1077 1762 1404 1813 necessitatis
1446 1762 1643 1811 directe
1683 1760 1951 1810 abolendi.

51 1845 203 1895 Haec
244 1855 483 1911 potestas
517 1864 623 1896 non
653 1855 732 1896 est
773 1847 985 1912 proprie
1027 1844 1349 1911 temporaliS,
1394 1845 1516 1909 quia
1546 1844 1815 1893 obiectum
1858 1842 1954 1891 sor-

49 1927 186 1977 male
215 1928 453 1978 eiusdem
482 1936 562 1978 est
589 1928 872 1994 spirituale,
915 1928 1006 1978 scl.
1039 1927 1483 1994 peccaminositas
1511 1925 1593 1975 vel
1629 1925 1956 1976 damnositas

48 2009 333 2076 spiritualis
373 2009 589 2060 alicuius
630 2010 762 2076 legis
803 2010 1125 2076 temporalis.

124 2093 290 2140 Prob.
344 2107 383 2140 1.
463 2092 574 2142 Iam
629 2093 960 2142 ostendimus
1015 2091 1282 2142 Christum
1336 2108 1433 2156 pro
1486 2089 1686 2139 infinita
1736 2107 1831 2139 sua
1881 2105 1956 2139 sa-

52 2175 249 2240 pientia
289 2174 539 2224 debuisse
592 2174 903 2225 relationem
956 2183 1194 2224 mutuam
1236 2175 1371 2223 inter
1410 2172 1707 2222 Ecclesiam
1749 2181 1801 2221 et
1842 2171 1957 2221 civi-

53 2264 218 2306 tatem
259 2258 414 2306 certis
455 2256 706 2306 limitibus
746 2257 977 2306 iuridicis
1019 2256 1237 2306 definire
1272 2264 1323 2305 et
1365 2254 1811 2305 circumscribere.
1868 2254 1958 2304 At-

54 2339 146 2403 qui
196 2338 327 2388 haec
370 2337 553 2388 relatio
606 2339 823 2389 iuridice
865 2339 1081 2389 definita
1122 2356 1229 2388 non
1281 2345 1461 2404 potest
1502 2354 1617 2387 esse
1658 2336 1757 2386 alia
1798 2353 1959 2402 quam

55 2429 294 2486 potestas
334 2421 590 2472 indirecta
619 2421 889 2472 Ecclesiae
931 2423 980 2471 in
1024 2422 1182 2471 rebus
1223 2419 1620 2486 temporalibus.
1678 2419 1831 2485 Ergo
1863 2460 1870 2468 .
1906 2461 1913 2468 .
1949 2460 1956 2469 .

126 2516 284 2567 Prob.
340 2518 463 2567 auin.
557 2518 884 2568 Potestatem
940 2518 1202 2567 directam
1255 2516 1528 2566 Ecclesiae
1584 2517 1636 2566 in
1693 2517 1960 2566 civitatem

55 2597 138 2648 vel
202 2599 423 2649 civitatis
485 2601 533 2649 in
594 2600 891 2650 Ecclesiam
954 2601 1058 2650 iam
1122 2600 1427 2660 reiecimus;
1496 2600 1623 2648 item
1687 2599 1961 2648 reiecimus

57 2683 270 2746 plenam
310 2683 699 2747 separationem
740 2683 873 2732 inter
914 2691 1193 2748 utramque
1233 2682 1561 2731 societatem.
1630 2681 1821 2746 Neque
1861 2680 1961 2730 suf-

57 2761 165 2812 ficit
205 2780 350 2813 mera
389 2764 736 2830 iuxtapositio
775 2782 898 2815 cum
938 2764 1095 2831 plena
1123 2763 1469 2830 aequalitate,
1513 2780 1651 2829 quae
1692 2763 1962 2829 perpetuis

57 2844 473 2895 dissensionibus
524 2863 706 2896 ansam
759 2847 934 2908 daret,
990 2847 1101 2896 sine
1154 2845 1392 2896 remedio
1434 2845 1652 2894 easdem
1693 2844 1961 2894 definitive

58 2934 109 2975 et
149 2926 364 2978 iuridice
405 2928 781 2994 componendi.
864 2929 1055 2994 Neque
1097 2928 1328 2993 denique
1368 2926 1561 2976 sufficit
1614 2935 1852 2992 potestas
1892 2927 1961 2977 in-

61 3007 260 3058 directa
299 3027 442 3060 mere
482 3010 744 3059 directt'va
786 3011 939 3060 unius
979 3027 1137 3076 supra
1177 3009 1331 3059 aliam
1372 3010 1484 3058 sine
1536 3016 1804 3074 potestate
1844 3025 1963 3059 eam

61 3089 336 3156 obligandi
374 3091 457 3142 vel
509 3093 696 3158 poenis
748 3092 1005 3157 cogendi;
1061 3092 1182 3158 quia
1233 3091 1365 3141 haec
1421 3099 1623 3140 careret
1670 3091 1964 3141 necessaria

61 3171 312 3223 efficacia.
393 3174 582 3224 Restat
622 3191 752 3240 ergo
793 3174 967 3224 solum
1007 3174 1265 3224 indirecta
1314 3181 1553 3239 potestas
1593 3172 1964 3222 iurisdictionis

62 3260 152 3303 aut
191 3255 412 3305 civitatis
464 3255 516 3305 in
557 3255 851 3306 Ecclesiam
900 3264 991 3306 aut
1030 3254 1303 3306 Ecclesiae
1343 3255 1394 3304 in
1437 3255 1716 3304 civitatem.
1797 3253 1967 3320 Atqui

59 3334 313 3386 indirecta
340 3346 577 3403 potestas
606 3338 829 3388 civitatis
856 3339 905 3387 in
929 3337 1223 3388 Ecclesiam
1253 3336 1517 3386 reicienda
1545 3342 1638 3384 est.
1689 3334 1843 3399 Ergo
1876 3378 1884 3385 .
1915 3377 1922 3385 .
1951 3377 1959 3385 .

154 3429 398 3470 Cathrein‚
426 3429 560 3462 Philos.
588 3430 744 3463 moralis.
787 3430 853 3462 Ed.
882 3441 913 3469 5.
1645 3432 1696 3473 27
