2182 3682
532 176 620 206 LIB.
654 177 701 205 ΙΙ.
748 176 848 206 CAP.
884 176 949 205 ΙΙΙ.
997 177 1058 204 DE
1095 176 1352 206 SOCIETATE
1387 179 1546 208 CIVILI.
1865 182 1974 233 439

79 319 353 375 tamquam
393 308 567 373 legem
609 306 1061 357 fundamentalem
1094 307 1145 355 in
1175 307 1484 371 quaestione
1512 307 1692 358 sociali
1720 308 1977 358 solvenda

80 392 298 442 assumit
350 391 673 450 doctrinam,
728 405 889 455 quam
930 387 981 438 S.
1026 388 1079 438 P.
1125 388 1239 437 Leo
1282 388 1409 437 XIII
1461 390 1511 438 in
1553 390 1706 439 variis
1746 391 1851 439 suis
1892 407 1977 439 en-

80 473 312 539 cyclicis,
358 473 666 539 praesertim
706 472 757 520 in
791 486 868 531 ea,
913 487 1048 536 quae
1088 470 1198 534 agit
1239 470 1307 519 de
1349 470 1664 520 condicione
1706 471 1974 537 opificum,

80 555 370 621 profitetur.
452 555 636 604 Potest
678 553 810 602 haec
851 553 1114 602 sententia
1155 552 1220 600 ad
1264 551 1395 601 haec
1439 552 1613 617 capita
1654 554 1858 602 reduci:

154 637 203 700 a)
255 637 458 686 Primae
510 645 688 702 partes
727 635 778 684 in
820 634 1132 700 quaestione
1185 633 1366 683 sociali
1417 633 1675 683 solvenda
1720 635 1982 683 debentur

79 718 369 768 Ecclesiae.
452 718 710 784 Quamvis
753 717 893 766 enim
934 714 1072 764 mala
1123 714 1338 765 socialia
1378 715 1636 765 hodierna
1676 716 1982 765 immediate

81 800 361 867 respiciant
412 801 654 850 ordinem
705 798 1114 848 oeconomicum
1165 814 1259 846 seu
1308 797 1732 847 distributionem
1787 797 1983 846 divitia-

81 900 211 943 rum,
255 891 432 932 tamen
474 898 662 932 causae
702 881 1018 947 praecipuae
1059 880 1249 928 horum
1291 879 1552 929 malorum
1593 887 1716 929 sunt
1756 878 1984 929 morales

82 972 135 1013 et
183 964 459 1030 religiosae
510 964 741 1028 ideoque
795 962 1046 1011 radicitus
1096 960 1210 1010 tolli
1250 978 1358 1011 non
1399 970 1624 1027 possunt
1676 961 1787 1011 sine
1828 961 1984 1011 refor-

82 1046 314 1096 matione
356 1045 601 1112 religiosa
641 1054 693 1094 et
734 1043 934 1094 morali.
1004 1043 1160 1093 Hanc
1202 1052 1379 1093 autem
1421 1043 1631 1093 efficere
1660 1042 1847 1093 saltem
1889 1044 1984 1109 pri-

83 1128 247 1177 mario
278 1127 516 1177 Ecclesia
557 1126 669 1177 sola
711 1133 763 1176 et
792 1126 955 1175 debet
988 1132 1040 1174 et
1068 1134 1261 1191 potest.
1318 1124 1511 1191 Neque
1539 1134 1717 1175 tamen
1746 1124 1987 1175 Ecclesia

80 1209 255 1259 solum
310 1210 565 1259 indirecte
618 1214 937 1274 cooperatur
989 1207 1057 1257 ad
1098 1207 1333 1257 curanda
1374 1207 1514 1256 mala
1554 1207 1838 1268 hodierna,
1894 1224 1988 1256 sua

82 1292 172 1342 scl.
218 1292 476 1353 doctrina,
519 1291 626 1341 suis
666 1290 871 1355 gratiis,
922 1288 1192 1339 similibus.
1274 1289 1398 1338 Non
1441 1296 1582 1339 totas
1630 1290 1710 1339 «in
1751 1289 1990 1339 colendis

83 1375 268 1424 animis
308 1391 457 1423 curas
497 1374 569 1423 ita
610 1373 816 1422 defixas
853 1371 1032 1430 habet,
1077 1380 1132 1421 ut
1162 1387 1223 1421 ea
1252 1371 1520 1437 neglegat,
1565 1388 1702 1437 quae
1731 1372 1799 1421 ad
1826 1372 1989 1421 vitam

83 1457 348 1522 pertinent
399 1454 679 1505 mortalem
732 1470 792 1503 ac
834 1462 1110 1504 terrenam.
1193 1454 1279 1503 De
1332 1453 1626 1520 proletariis
1678 1454 1990 1504 nominatim

82 1537 193 1588 vult
234 1545 287 1587 et
324 1538 616 1598 contendit,
661 1545 719 1586 ut
760 1544 1035 1601 emergant
1070 1553 1098 1585 e
1126 1537 1419 1585 miserrimo
1448 1545 1586 1585 statu
1617 1536 1991 1602 fortunamque

85 1619 358 1669 meliorem
399 1620 772 1685 adipiscantur.
835 1618 1022 1684 Atque
1050 1619 1099 1667 in
1129 1618 1180 1667 id
1225 1617 1429 1667 confert
1469 1618 1574 1668 hoc
1610 1619 1727 1683 ipso
1769 1634 1990 1684 operam

85 1719 192 1752 non
216 1703 557 1762 mediocrem,
590 1701 736 1767 quod
761 1709 919 1750 vocat
942 1709 994 1750 et
1016 1701 1237 1750 instituit
1266 1700 1510 1750 homines
1533 1701 1600 1749 a'd
1622 1701 1887 1750 virtutem.
1914 1743 1920 1750 .
1947 1743 1954 1750 .
1980 1743 1988 1751 .

86 1783 193 1834 Sed
237 1793 535 1850 praeterea,
580 1792 637 1832 ut
678 1783 816 1832 bene
857 1800 913 1832 se
954 1782 1188 1832 habeant
1229 1782 1517 1848 proletarii,
1563 1790 1706 1832 recta
1745 1783 1993 1848 providet

85 1866 420 1915 instituendis
474 1865 825 1930 fovendisque
868 1864 1047 1925 rebus,
1103 1882 1234 1930 quas
1276 1865 1343 1914 ad
1385 1865 1767 1914 sublevandam
1810 1882 1993 1914 eorum

85 1948 320 2014 inopiam
361 1946 621 2012 intellegit
663 1946 1056 1996 conducibiles»
1109 1946 1332 2012 (encycl.
1386 1946 1617 1996 <Rerum
1658 1948 1989 2011 novarumz).

160 2030 215 2094 b)
272 2030 484 2079 Praeter
524 2029 822 2079 Ecclesiam
875 2029 1033 2078 etiam
1087 2029 1279 2078 ciz'l'lcrs
1329 2047 1480 2078 suam
1532 2038 1736 2094 partem
1790 2030 1840 2078 in
1892 2028 1990 2078 sol-

85 2113 260 2162 venda
301 2112 613 2177 quaestione
655 2111 843 2172 habet,
888 2128 1023 2176 quae
1064 2129 1171 2160 non
1211 2112 1262 2160 in
1305 2129 1369 2161 eo
1410 2110 1583 2160 solum
1625 2111 1890 2171 consistit,
1936 2120 1994 2161 ut

85 2195 194 2243 iura
244 2194 469 2244 iustitiae
522 2193 935 2244 commutativae
987 2200 1220 2254 tueatur,
1279 2194 1375 2243 sed
1427 2201 1485 2243 ut
1537 2194 1831 2259 generatim
1882 2210 1992 2243 6072-

86 2276 318 2326 dz'cimles
358 2276 692 2325 mnnivlodac
720 2275 1109 2340 prcmpcriz‘asis
1151 2276 1382 2325 Omnium
1413 2284 1602 2340 ponat,
1644 2284 1801 2341 prout
1835 2292 1994 2341 supra

89 2362 158 2422 (n.
195 2359 297 2421 516
325 2359 447 2424 sqq)
483 2357 808 2424 explicatum
851 2365 981 2407 est..
1017 2399 1024 2407 .
1063 2400 1070 2407 .
1145 2357 1268 2407 «Ad
1309 2358 1447 2407 bene
1489 2359 1834 2407 constitutam
1877 2358 1994 2407 civi-

86 2447 251 2489 tatem
292 2441 655 2507 suppeditatio
699 2457 917 2506 quoque
970 2440 1197 2505 pertinet
1239 2440 1505 2489 bonorum
1558 2440 1794 2505 corporis
1836 2448 1995 2505 atque

88 2529 458 2584 externorum,
515 2539 742 2588 quorum
798 2539 923 2571 usus
964 2530 1044 2571 est
1085 2522 1412 2571 necessarius
1465 2522 1533 2571 ad
1574 2530 1754 2571 actum
1794 2521 1996 2571 virtutis

89 2603 163 2668 (S.
215 2604 432 2665 leom„
487 2605 571 2654 De
625 2621 732 2670 reg.
779 2604 940 2670 princ.
986 2603 1016 2654 l.
1070 2619 1120 2665 Ι,
1178 2621 1221 2654 c.
1274 2605 1372 2669 15).
1455 2604 1566 2653 Iam
1608 2621 1733 2653 vero
1787 2603 1867 2653 his
1908 2620 1995 2669 pa-

88 2686 282 2736 riendis
309 2687 464 2737 bonis
493 2695 572 2737 est
613 2686 1019 2752 proletariorum
1060 2686 1292 2735 maxime
1335 2685 1528 2735 efficax
1568 2703 1630 2735 ac
1671 2686 1996 2736 necessarius

89 2767 266 2828 labor,
323 2769 431 2818 sive
483 2769 535 2818 in
589 2769 728 2835 agris
784 2777 949 2818 artem
1009 2777 1170 2834 atque
1227 2785 1444 2817 manum
1499 2768 1609 2817 sive
1664 2769 1716 2817 in
1773 2767 1995 2816 officinis

90 2859 390 2911 exerceant.
470 2851 642 2900 Immo
696 2868 880 2900 eorum
932 2852 983 2900 in
1024 2851 1130 2900 hoc
1182 2867 1379 2915 genere
1418 2851 1495 2900 vis
1547 2859 1627 2900 est
1678 2858 1838 2915 atque
1891 2848 1996 2898 effi-

90 2933 280 2983 cientia
322 2941 493 2993 tanta,
549 2941 607 2982 ut
647 2932 775 2982 illud
816 2934 1146 2982 verissimum
1187 2933 1279 2993 sit,
1325 2950 1431 2982 non
1473 2932 1686 2982 aliunde
1727 2947 1887 2997 quam
1928 2948 1996 2979 ex

92 3014 346 3080 opificum
388 3014 570 3065 labore
607 3015 753 3080 gigni
789 3015 997 3064 divitias
1033 3015 1320 3065 civitatum.
1378 3015 1532 3064 Iubet
1570 3014 1726 3079 igitur
1759 3013 1996 3078 aequitas

91 3113 277 3146 curam
319 3097 383 3146 de
411 3096 723 3161 proletario
765 3096 977 3161 publice
1009 3097 1167 3162 geri,
1219 3105 1277 3146 ut
1317 3114 1386 3145 ex
1426 3113 1517 3157 eo,
1575 3096 1723 3161 quod
1763 3096 1814 3144 in
1856 3111 1995 3144 com-

92 3195 309 3228 munem
348 3179 500 3229 affert
540 3178 848 3238 utilitatem,
899 3179 1155 3244 percipiat
1197 3179 1310 3244 ipse
1350 3177 1566 3243 aliquid,
1611 3184 1668 3226 ut
1706 3183 1895 3235 tectus,
1939 3183 1998 3225 ut

91 3261 327 3321 vestitus,
373 3269 429 3310 ut
469 3260 647 3310 salvus
685 3261 848 3310 vitam
890 3259 1116 3310 tolerare
1157 3261 1330 3310 minus
1371 3276 1530 3325 aegre
1571 3259 1753 3324 possit.
1836 3257 1996 3308 Unde

94 3343 433 3409 consequitur
485 3342 772 3392 favendum
814 3343 972 3393 rebus
1024 3343 1274 3393 omnibus
1311 3359 1459 3404 resse,
1519 3357 1654 3407 quae
1695 3339 1997 3400 condicioni
