2182 3682
202 147 272 184 20
609 143 721 172 PARS
755 143 785 172 1.
835 142 1151 172 PHILOSOPHIA
1184 142 1387 172 MORALIS
1423 142 1702 173 GENERALIS.

276 293 323 330 2.
374 279 510 329 bona
563 280 821 344 corpeus.
913 280 1065 329 Haec
1125 279 1264 329 enim
1324 286 1450 328 sunt
1508 277 1683 328 solum
1738 278 1887 346 bona
1945 278 2125 352 utilia,⁴

198 379 336 428 quae
376 347 534 411 bonis
573 362 781 411 animae
820 362 1265 423 subordinantur3
1307 361 1529 428 insuper
1551 368 1675 410 sunt
1702 359 1859 410 valde
1893 347 2118 439 defectls

197 444 320 494 bilia
372 453 425 494 et
464 444 787 511 imperfecta
838 444 1074 510 ideoque
1125 444 1429 533 appetitum
1479 442 1710 493 hominis
1762 442 2014 509 explere
2018 460 2107 508 ιι6-

196 535 414 592 queunt
495 527 766 593 Voluptas
818 534 899 576 est
952 527 1104 592 quies
1143 525 1194 574 in
1236 525 1382 574 bono
1425 526 1679 587 obtento,
1736 533 1791 575 et
1829 525 1954 575 hinc
1994 543 2106 592 per-

194 610 326 659 tinet
377 617 434 658 ut
486 609 786 675 proprietas
827 608 893 657 ad
937 607 1324 658 beatitudinem
1364 567 1715 657 subiectivain
1757 616 1810 658 et
1849 609 2108 686 supponit

194 692 298 740 iam
351 691 693 758 adeptionem
748 691 876 740 boni
926 691 1036 740 sive
1085 689 1380 756 perfectam
1419 691 1530 739 sive
1570 690 1954 756 imperfectam.
2026 682 2109 740 Ε1

195 774 299 823 1106
340 773 482 823 valet
534 774 694 822 etiam
743 773 811 822 de
850 772 1127 840 voluptate
1167 772 1250 822 vel
1305 772 1550 822 fruitione
1589 772 1860 839 spirituali.
1942 771 2106 839 Quod

193 856 468 921 speciatim
511 854 847 925 voluptatem
889 854 1226 921 corporalem
1269 856 1471 915 attinet,
1516 855 1650 905 11366
1687 855 1791 905 13111
1820 865 2107 922 propterea

194 955 302 993 non
342 945 524 1004 potest
564 955 681 988 esse
722 938 993 988 obiectum
1035 938 1379 987 beatitudinis
1420 937 1702 998 humanae,
1747 938 1870 1004 quia
1905 938 2106 988 homini

194 1037 314 1071 cum
368 1021 534 1070 brutis
586 1029 665 1070 est
717 1021 1030 1070 communis.
1114 1020 1327 1070 Deinde
1379 1037 1592 1086 semper
1644 1020 1808 1070 oritur
1847 1039 1916 1071 ex
1957 1021 2104 1071 bono

194 1103 449 1153 materiali
490 1112 543 1153 et
582 1103 900 1170 particulari,
945 1103 1095 1169 quod
1136 1104 1343 1153 animae
1383 1103 1641 1169 spirituali
1669 1112 1722 1153 et
1751 1104 2105 1170 cognoscenti

193 1185 486 1236 universale
527 1187 760 1236 maxime
803 1194 883 1236 est
923 1187 1466 1252 improportionatum
1510 1185 1596 1250 (cf.
1630 1185 1683 1236 S.
1726 1186 1911 1236 leom.
1965 1202 2006 1248 1,
2053 1200 2101 1249 2,

193 1287 243 1336 q.
291 1283 337 1330 2,
383 1287 425 1319 a.
472 1269 552 1333 6),

269 1365 314 1415 3.
341 1352 494 1426 {mna
548 1369 779 1401 ammae.
864 1351 1015 1400 Haec
1068 1358 1192 1401 sunt
1243 1360 1334 1400 aut
1386 1352 1501 1417 ipsa
1552 1352 1760 1424 animae
1810 1352 2105 1426 substantia

187 1452 312 1498 cum
354 1435 459 1484 51115
502 1434 856 1494 facultatibus
899 1443 991 1483 aut
1032 1442 1155 1483 sunt
1200 1434 1342 1484 bona
1384 1433 1641 1499 acquisita
1668 1451 1764 1500 per
1791 1421 2103 1485 exercitium

193 1496 520 1577 facultatum,
564 1516 654 1567 scl.
698 1518 877 1577 virtuS‚
921 1533 1004 1566 ars
1045 1524 1145 1566 616.

266 1599 378 1649 Iam
418 1617 571 1650 xero:
617 1600 668 1663 a)
710 1600 885 1665 ipsam
928 1617 1172 1649 ammam
1215 1617 1270 1648 m
1309 1617 1366 1648 se
1394 1599 1740 1649 condiciones
1768 1600 2104 1667 supladictas

192 1682 390 1733 habere
456 1700 563 1732 non
625 1700 785 1748 posse
845 1690 994 1748 patet
1054 1700 1124 1731 ex
1183 1682 1309 1747 ipsis
1369 1682 1480 1731 eius
1540 1674 1910 1744 facultatibus,
1966 1700 2102 1750 quae

193 1765 484 1815 ostendunt
526 1765 755 1814 animam
798 1765 866 1814 ab
909 1764 1211 1814 extrinseco
1255 1763 1636 1830 complendam
1677 1781 1823 1827 esse;

265 1849 321 1911 b)
353 1856 628 1913 polentam
677 1857 799 1897 511111
851 1855 1071 1914 propter
1121 1856 1299 1909 actus,
1354 1847 1591 1896 similiter
1641 1847 1802 1897 etiam
1854 1847 2096 1911 habitus,

267 1931 316 1994 6)
357 1931 456 1997 ipsi
509 1922 743 1996 denique
793 1939 940 1980 actus
990 1929 1292 1980 intellectus
1344 1938 1396 1979 et
1447 1929 1737 1980 voluntatis
1791 1930 2100 1996 dependent

191 2031 221 2063 a
260 2014 367 2063 suis
409 2013 634 2063 obiectis
675 2022 727 2062 et
768 1998 939 2062 solum
979 2019 1206 2079 possunt
1235 2029 1350 2062 esse
1379 2012 1616 2078 perfecti,
1660 2014 1703 2062 si
1731 2013 1869 2063 circa
1896 2013 2100 2063 bonum

191 2104 244 2146 et
283 2113 467 2145 verum
509 2095 807 2161 perfectum
848 2102 1148 2155 v·;e1santu1

264 2193 314 2241 4.
358 2178 611 2228 bonorum
643 2178 1055 2243 praedictorum
1097 2177 1386 2243 congeries
1470 2177 1635 2227 Nam:

265 2262 314 2325 3)
355 2260 658 2310 inhabilitas
698 2260 910 2311 illorum
951 2261 1219 2310 bonorum
1262 2261 1330 2310 ad
1372 2260 1640 2310 beandum
1675 2259 1949 2310 hominem
1977 2277 2101 2310 cum

191 2360 298 2393 non
340 2360 409 2392 ex
451 2342 665 2393 defectu
708 2344 1034 2409 quantitatis,
1078 2344 1175 2392 sed
1217 2360 1286 2392 ex
1323 2360 1504 2392 eorum
1535 2343 1819 2392 intrinseca
1847 2342 2100 2409 qualitate

191 2425 613 2489 (defectibilitate
654 2427 778 2491 etc.)
820 2425 1038 2487 oriatur,
1082 2443 1177 2491 per
1217 2424 1387 2474 solam
1427 2423 1947 2491 agglomerationem
1985 2423 2101 2474 tolli

191 2525 298 2557 non
340 2516 545 2574 potest,
2028 2500 2035 2501 ἶ

265 2591 321 2655 b)
364 2591 691 2656 experientia
745 2599 881 2640 teste
930 2598 1202 2640 crescente
1251 2589 1443 2638 horum
1489 2589 1753 2639 bonorum
1803 2589 2099 2657 quantitate

191 2682 415 2739 augetur
469 2674 707 2738 ipsorum
758 2673 1042 2739 appetitus.
1124 2673 1271 2738 Ergo
1326 2671 1649 2722 concludere
1691 2671 1838 2733 licet,
1893 2672 2100 2722 etiamsi

192 2756 306 2821 quis
359 2756 537 2804 omnia
588 2755 837 2816 haberet,
893 2773 1013 2804 eum
1065 2755 1190 2804 inde
1242 2755 1459 2804 minime
1511 2754 1730 2817 beatum
1779 2753 1916 2817 fore;
1971 2753 2098 2803 alias

191 2838 346 2898 enim,
391 2855 498 2902 quo
538 2836 656 2903 plus
697 2838 826 2887 boni
867 2839 983 2904 quis
1023 2837 1327 2903 possideret
1367 2845 1420 2886 et
1461 2854 1569 2902 quo
1598 2836 1769 2901 magis
1797 2836 1864 2885 ad
1906 2835 2098 2886 limites

191 2918 381 2984 plenae
438 2919 696 2969 satietatis
755 2920 1063 2980 accederet,
1136 2936 1201 2968 eo
1258 2919 1429 2984 magis
1497 2918 1807 2967 decrescere
1875 2917 2098 2968 deberet

191 3001 486 3067 appetitus,

267 3083 316 3146 6)
355 3100 517 3145 nemo
571 3100 826 3149 umquam
882 3083 1016 3134 haec
1069 3084 1248 3133 omnia
1302 3083 1447 3133 bona
1501 3081 1657 3132 simul
1713 3081 1797 3131 vel
1851 3081 2096 3148 possedit

191 3164 275 3214 vel
315 3166 592 3231 possidere
632 3167 843 3231 poterit.
2045 3155 2058 3158 ᾖ

268 3249 433 3295 Prob.
495 3262 538 3295 2.
635 3246 776 3311 Illud
844 3256 924 3297 est
989 3248 1345 3297 necessarium
1413 3246 1684 3296 obiectum
1750 3245 2095 3296 beatitudinis

192 3328 473 3391 humanae,
516 3330 628 3379 sine
668 3346 777 3395 quo
819 3328 1084 3379 humanae
1126 3328 1404 3379 facultates
1444 3329 1779 3395 praecipuae,
1822 3327 1913 3378 scl.
1948 3326 2094 3377 intel-
