2182 3682
486 172 573 200 LIB.
609 171 655 198 11.
703 170 803 199 CAP.
840 169 906 197 111.
955 169 1017 196 DE
1053 167 1310 196 SOCIETATE
1345 167 1502 197 CIVILI.
1820 167 1927 219 447

32 306 330 357 violaretur.
409 306 464 370 4)
506 302 717 368 Quodsi
757 312 934 352 tamen
977 302 1237 351 eiusmodi
1281 310 1439 367 pacta
1478 319 1586 350 non
1626 302 1827 362 adsint,
1884 311 1936 351 et

35 389 103 438 ad
144 387 438 453 principem
480 386 739 452 pertineat
778 385 876 434 sibi
916 400 1281 433 successorem
1324 382 1629 447 designare,
1679 383 1804 432 nihil
1846 384 1937 432 ob-

34 478 154 530 stat,
198 469 482 534 quominus
523 468 682 517 etiam
710 467 874 516 invito
916 465 1119 531 populo
1155 472 1480 530 potestatem
1508 464 1559 512 in
1587 463 1747 513 alium
1775 473 1936 513 trans-

36 551 195 610 ferat,
250 550 415 599 modo
458 550 542 599 hic
583 550 649 598 sit
700 549 890 598 eadem
942 548 1149 611 dignus.
1231 546 1372 595 Nam
1424 545 1666 611 quamvis
1717 546 1940 611 principi

35 640 274 699 potestas
301 632 351 681 in
380 631 583 681 bonum
623 647 909 681 commune
950 627 1144 678 collata
1171 628 1253 687 sit,
1296 636 1474 677 tamen
1502 644 1624 676 vere
1657 626 1820 676 habet
1860 627 1940 676 ius

35 714 260 764 iustitiae
301 713 715 763 commutativae
756 728 873 761 eam
915 709 1242 776 possidendi,
1286 717 1339 758 et
1367 709 1472 758 hoc
1510 709 1561 758 in
1590 707 1750 758 alium
1779 717 1940 758 trans-

38 795 169 845 ferre
208 803 401 862 potest,
446 795 487 844 si
515 794 615 844 hac
645 795 846 844 ratione
875 793 990 842 finis
1032 791 1311 858 potestatis
1339 790 1472 840 illius
1501 807 1607 839 non
1636 791 1938 856 impeditur.

83 962 110 1016 §
146 975 183 1003 2.
233 965 313 1003 DE
345 963 562 1003 TITULO
596 962 1115 1001 PRAESCRIPTIONIS
1151 961 1228 999 EX
1262 961 1451 999 PARTE
1485 959 1897 999 USL'RPATORIS.

41 1065 186 1117 606.
275 1082 314 1116 Ι.
358 1067 435 1117 Ut
486 1066 853 1132 quaestionem
907 1065 974 1113 de
1026 1063 1444 1130 praescriptione
1496 1061 1743 1128 publicae
1796 1069 1944 1127 pote-

39 1149 187 1199 statis
240 1149 571 1209 dirimamus,
628 1147 893 1214 quaedam
942 1147 1009 1196 de
1060 1153 1380 1210 usurpatore
1432 1145 1624 1194 iniusto
1664 1152 1948 1208 supremae

28 1230 337 1295 potestaliS,
397 1231 486 1296 qui
536 1246 567 1279 a
618 1229 883 1280 veteribus
939 1228 1098 1278 etiam
1155 1236 1408 1292 tyrannus
1465 1226 1807 1292 usurpatione
1862 1224 1947 1275 vel

39 1321 295 1377 tyrannus
335 1311 470 1361 tituli
509 1320 745 1372 vocatur,
789 1310 1180 1376 praemittenda
1218 1317 1356 1359 sunt.

122 1407 163 1444 Ι.
206 1394 265 1442 In
293 1395 409 1459 ipso
452 1401 568 1442 actii
607 1392 995 1458 aggressionis,
1041 1392 1259 1457 quando
1289 1390 1380 1440 scl.
1412 1389 1598 1456 aliquis
1626 1406 1721 1456 per
1748 1389 1947 1439 bellum

41 1476 334 1542 principem
387 1474 681 1541 legitimum
736 1475 925 1524 iniuste
980 1490 1075 1523 sua
1126 1482 1396 1539 potestate
1448 1473 1651 1538 privare
1708 1480 1946 1531 conatur,

43 1557 342 1623 respublica
392 1557 556 1606 habet
598 1558 677 1606 ius
716 1557 820 1605 vim
861 1557 910 1605 vi
952 1555 1257 1621 repellendi.
1340 1553 1396 1604 Si
1437 1555 1574 1604 enim
1624 1554 1817 1620 singuli
1858 1553 1948 1603 ho-

43 1640 211 1688 mines
250 1640 360 1688 iure
401 1638 722 1688 defensionis
775 1639 999 1704 praediti
1039 1646 1187 1698 sunt,
1244 1637 1297 1686 id
1338 1654 1368 1686 a
1409 1636 1610 1686 fortiori
1659 1636 1948 1685 dicendum

45 1721 113 1770 de
153 1729 267 1771 tota
317 1719 604 1786 republica.
687 1720 826 1769 Hinc
867 1720 919 1769 in
959 1721 1075 1786 ipso
1127 1719 1269 1769 bello
1325 1719 1639 1768 auctoritate
1681 1718 1946 1784 principis,

44 1801 127 1853 vel
179 1819 432 1868 expressa
471 1801 555 1851 vel
603 1803 789 1862 tacita,
844 1801 1063 1868 quilibet
1114 1801 1360 1851 subditus
1413 1810 1693 1866 tyrannum
1736 1816 1946 1866 aggres-

42 1901 218 1934 sorem
251 1885 302 1934 vi
342 1883 597 1950 repellere
639 1884 833 1950 poterit
874 1883 948 1947 (S.
990 1883 1197 1944 Tliom„
1239 1883 1297 1932 In
1330 1897 1357 1932 2
1389 1884 1505 1933 dist.
1537 1897 1624 1945 44,
1658 1900 1706 1949 q.
1742 1896 1787 1943 2,
1820 1900 1863 1932 a.
1898 1895 1944 1931 2.

46 1965 269 2028 Suarez,
312 1965 432 2016 Des.
478 1965 601 2016 fidei
641 1965 670 2016 l.
717 1966 764 2026 6,
810 1983 853 2015 c.
899 1980 947 2028 4,
991 1983 1039 2015 n.
1093 1966 1191 2028 ΙΙ).

119 2061 166 2098 2.
220 2047 398 2098 Etiam
438 2056 726 2114 postquam
766 2056 1050 2114 usurpator
1090 2064 1261 2096 rerum
1303 2048 1502 2113 potitus
1541 2056 1635 2108 est,
1680 2046 1948 2112 legitimus

45 2131 292 2196 princeps
331 2130 412 2179 ius
444 2130 608 2179 habet
648 2147 770 2179 eum
811 2129 1118 2196 expellendi
1158 2138 1211 2180 et
1238 2131 1290 2179 in
1320 2129 1463 2180 hunc
1505 2130 1665 2179 finem
1706 2129 1952 2179 subditos

47 2212 114 2261 ad
156 2229 302 2262 arma
340 2212 584 2273 vocandi,
630 2212 885 2278 quamdiu
918 2229 1040 2278 spes
1081 2211 1374 2278 probabilis
1414 2211 1636 2277 affulget
1675 2229 1954 2262 successus

47 2311 146 2344 nec
188 2294 496 2360 gravissima
538 2294 677 2344 mala
730 2294 1053 2360 reipublicae
1104 2302 1226 2345 sunt
1279 2294 1530 2344 timenda.
1611 2294 1708 2343 Per
1755 2310 1954 2343 meram

47 2377 187 2425 enim
227 2377 626 2442 usurpationem
667 2385 950 2442 usurpator
989 2378 1068 2427 ius
1109 2376 1313 2426 nullum
1355 2377 1646 2442 acquisivit.

125 2472 171 2522 3.
227 2456 497 2523 Quamdiu
550 2467 729 2508 tamen
783 2469 1062 2525 usurpator
1116 2476 1290 2508 rerum
1332 2459 1557 2525 potitur,
1613 2466 1665 2508 et
1712 2459 1960 2524 princeps

48 2540 314 2606 legitimus
365 2557 485 2590 cum
539 2539 742 2606 populo
785 2541 830 2590 ei
872 2542 1115 2591 resistere
1167 2541 1373 2607 nequit,
1431 2557 1618 2590 omnes
1665 2541 1774 2590 eius
1815 2549 1961 2590 actus

50 2622 331 2673 iudiciales
369 2630 492 2672 sunt
527 2622 735 2684 validi,
786 2631 839 2672 et
878 2624 1077 2673 subditi
1119 2623 1358 2673 ommibus
1397 2623 1511 2673 eius
1538 2624 1848 2688 praeceplis
1889 2622 1968 2671 cm'

50 2703 239 2753 bonnm
279 2721 548 2754 commune
599 2705 923 2755 necessariis
963 2713 1013 2755 et
1050 2705 1105 2755 2'72
1145 2723 1201 2754 se
1241 2723 1343 2755 72072
1384 2704 1678 2754 inhonestis
1719 2704 1962 2754 oboedire

51 2793 306 2835 tenentur.
367 2786 447 2835 Ita
486 2786 729 2852 theologi
770 2788 1124 2837 communiter
1165 2787 1249 2852 (de
1278 2786 1448 2852 Lago,
1490 2787 1575 2836 De
1616 2788 1724 2836 iure
1753 2795 1806 2836 et
1843 2787 1958 2836 iust.

52 2867 186 2932 disp.
221 2879 304 2931 37,
347 2885 396 2917 n.
430 2879 495 2932 27
526 2869 664 2934 sqq).
720 2869 879 2919 Ratio
910 2879 1005 2931 est,
1051 2870 1173 2935 quia
1202 2869 1436 2936 alioquin
1478 2869 1787 2934 gravissima
1825 2867 1964 2917 mala

53 2958 326 2999 orerentur
365 2967 462 3016 pro
502 2958 617 3000 tota
658 2951 943 3017 republica.
1013 2951 1218 3001 Actum
1247 2952 1386 3001 enim
1417 2960 1556 3001 esset
1586 2952 1653 3001 de
1681 2951 1962 3000 securitate

55 3031 261 3092 civium,
306 3031 373 3081 de
414 3049 548 3098 pace
588 3039 641 3082 et
683 3033 881 3084 ordine.
956 3034 1059 3083 Hic
1100 3033 1242 3084 valet
1283 3034 1523 3084 axioma:
1567 3032 1707 3083 salus
1749 3032 1962 3099 publica

54 3130 302 3179 suprema
343 3113 447 3164 lex.

0 3319 1 3323 Ἰ
61 3249 206 3315 607.
286 3266 336 3315 4.
381 3253 575 3304 Utrum
602 3271 728 3303 vero
758 3255 809 3303 in
839 3255 1117 3320 praedicto
1159 3271 1284 3305 casu
1313 3262 1594 3319 usurpator
1620 3253 1789 3319 ipsam
1820 3261 1965 3320 pote-

57 3342 251 3384 statem
306 3351 400 3384 seu
454 3336 533 3385 ius
589 3336 852 3402 dirigendi
907 3337 1220 3387 societatem
1278 3336 1634 3386 habitualiter
1683 3336 1748 3385 de
1787 3336 1962 3400 sacto,
