2182 3682
296 156 380 184 Lm.
418 156 444 184 I.
492 154 591 184 CAP.
626 154 673 183 11.
720 154 781 181 DF.
813 154 1011 182 OFFICIIS
1048 154 1245 182 HOMINIS
1281 154 1403 183 ERGA
1440 155 1491 183 SE
1528 156 1679 184 IPSUM.
1831 156 1930 207 227
1967 164 1974 171 ·

184 260 199 277 .

44 290 275 358 pericula
323 290 608 356 spiritualia
658 290 970 349 avertenda,
1025 305 1361 355 praesumere
1402 289 1662 339 licentiam
1706 291 1935 340 divinam

42 390 100 423 se
138 373 311 439 ipsum
350 372 700 421 interimendi.
754 371 908 435 Κεφ.
943 387 1005 420 I:
1046 371 1325 419 Eiusmodi
1365 370 1573 420 licentia
1612 380 1736 422 tunc
1763 371 1935 421 solum

44 443 422 504 rationabiliter
475 453 835 519 praesupponi
894 460 1103 517 posset,
1167 452 1208 500 si
1267 452 1467 500 homini
1522 469 1776 518 umquam
1820 453 1937 518 pri-

43 534 441 605 marius-finis,
494 526 565 598 ob
608 552 769 600 quem
809 534 860 583 in
900 533 1000 583 hac
1042 542 1178 582 terra
1219 550 1249 582 a
1291 532 1411 582 Deo
1453 535 1658 598 positus
1699 543 1805 595 est,
1849 535 1937 583 im-

34 608 308 687 possibilis
347 616 509 666 fieret.
590 616 759 682 Atqui
797 615 913 665 finis
959 615 1234 681 primarius
1274 631 1564 680 numquam
1605 615 1663 664 fit
1703 616 1939 681 impossi-

44 699 174 749 bilis.
230 698 383 763 Ergo
415 739 423 748 .
459 740 467 748 .
503 740 511 748 .
566 697 747 747 Potest
787 698 924 747 enim
967 697 1131 746 homo
1172 697 1223 746 in
1265 697 1511 746 omnibus
1540 697 1941 746 circumstantiis

45 781 147 830 Dei
173 779 500 830 voluntatem
543 779 714 829 facere
754 788 806 829 et
845 779 1107 845 patienter
1145 778 1281 827 mala
1319 778 1470 827 huius
1497 779 1634 827 vitae
1664 778 1942 829 tolerando

43 863 142 913 sibi
181 862 470 928 promereri
508 862 670 910 vitam
711 867 994 911 aeternam.
1077 860 1231 924 Resp.
1277 874 1340 909 2:
1394 857 1636 924 Quaero,
1681 877 1942 925 quaenam

45 952 183 994 esset
224 944 353 993 ratio
394 942 685 1003 sufficiens,
731 943 800 992 ob
843 959 1005 1008 quam
1046 941 1226 991 liceret
1265 959 1568 1007 supponere
1608 941 1751 991 illam
1790 941 1943 991 licen-

44 1026 201 1077 tiam?
277 1024 334 1075 Si
388 1026 439 1074 in
503 1042 610 1074 uno
675 1041 798 1074 casu
854 1023 1052 1074 licitum
1110 1032 1214 1084 est,
1284 1024 1336 1072 in
1390 1023 1636 1072 omnibus
1688 1023 1945 1073 similibus

45 1108 242 1158 licitum
283 1124 398 1156 esse
452 1107 688 1157 deberet.
768 1106 838 1156 Et
879 1106 994 1172 quis
1045 1106 1302 1155 iudicaret
1343 1106 1410 1154 de
1462 1105 1562 1154 hac
1603 1106 1807 1155 ratione
1845 1106 1944 1155 suf-

45 1187 268 1262 figienti?
345 1186 485 1239 Sane
536 1188 621 1238 ille
671 1189 810 1254 ipse,
868 1188 934 1237 de
987 1188 1135 1236 cuius
1180 1188 1287 1236 vita
1338 1187 1509 1252 agitur
1561 1196 1614 1236 et
1660 1204 1822 1252 quem
1874 1187 1944 1237 ob

46 1271 224 1338 gravia
252 1270 390 1321 mala
430 1270 582 1320 huius
609 1271 748 1320 vitae
788 1270 983 1320 taedet.
1041 1269 1164 1319 Hoc
1194 1269 1359 1318 modo
1389 1269 1569 1318 evitari
1597 1286 1704 1318 non
1745 1277 1943 1334 posset,

46 1354 170 1420 quin
225 1352 434 1419 plurimi
485 1353 663 1402 taedio
716 1351 853 1402 vitae
904 1352 1029 1401 victi
1080 1360 1415 1417 praematura
1467 1360 1638 1400 morte
1689 1368 1746 1400 se
1797 1351 1947 1400 malis

45 1435 198 1485 huius
256 1436 394 1485 vitae
452 1435 823 1485 subtraherent
882 1435 932 1483 in
993 1451 1155 1499 grave
1211 1434 1466 1483 damnum
1528 1432 1837 1482 familiarum
1895 1443 1947 1482 et

46 1518 315 1568 societatis
355 1517 620 1567 humanae
661 1518 949 1566 universae.

121 1605 329 1672 Quodsi
357 1613 610 1676 ‚mortem
650 1606 748 1655 sibi
798 1605 895 1671 ipsi
937 1604 1266 1654 consciscere
1313 1604 1561 1653 iustitiam
1602 1620 1728 1669 erga
1769 1604 1946 1653 Deum

47 1687 234 1749 laedit,
283 1688 424 1737 idem
467 1688 624 1737 etiam
667 1687 974 1753 gravissime
1015 1695 1279 1752 repugnat
1321 1686 1538 1746 caritati,
1583 1702 1742 1751 quam
1782 1685 1946 1735 homo

44 1771 145 1820 sibi
186 1770 364 1820 debet.
446 1769 672 1835 Reliqua
713 1770 852 1819 enim
899 1777 1123 1835 peccata
1164 1767 1462 1834 relinquunt
1500 1768 1731 1834 spatium
1771 1768 1947 1833 poeni-

47 1853 267 1914 tentiae,
328 1869 470 1902 mors
519 1851 814 1902 voluntaria
864 1868 990 1901 vero
1047 1850 1176 1900 illud
1228 1849 1538 1917 praecludit.
1593 1880 1663 1884 —
1715 1849 1947 1899 Accedit

49 1923 168 1985 dein
211 1935 481 1996 damnum,
526 1934 671 2000 quod
712 1934 1062 1999 interemptor
1088 1934 1165 1982 sui
1194 1933 1433 1982 societati
1474 1931 1738 1981 humanae
1778 1931 1944 1992 infert,

50 2017 194 2067 cuius
235 2016 533 2066 membrum
576 2016 765 2066 iniuste
807 2016 1042 2066 destruit.

52 2153 196 2218 283.
282 2154 482 2206 Coroll.
529 2172 574 2205 I.
658 2156 875 2205 Directa
927 2156 1125 2221 proprii
1173 2156 1410 2221 corporis
1463 2154 1729 2203 mutilatio
1770 2153 1946 2220 aliquo

48 2238 213 2288 modo
242 2237 495 2288 malitiam
522 2238 725 2288 suicidii
766 2238 1049 2303 participat
1078 2236 1152 2301 (S.
1194 2236 1377 2287 Yllom.
1412 2251 1458 2297 2,
1505 2251 1550 2297 2,
1588 2254 1637 2302 q.
1670 2237 1755 2300 65,
1800 2253 1842 2286 a.
1884 2237 1945 2302 1).

48 2319 186 2389 Nam
229 2320 388 2370 etiam
429 2320 564 2370 circa
606 2320 842 2386 corporis
889 2319 1130 2369 membra
1171 2319 1465 2368 dominium
1506 2319 1605 2368 soli
1645 2318 1765 2367 Deo
1808 2335 1947 2368 com-

49 2391 194 2468 petit.
287 2403 471 2452 Homo
524 2402 662 2452 enim
716 2402 1051 2452 constituitur
1102 2419 1196 2468 per
1246 2408 1425 2467 partes
1474 2400 1628 2450 simul
1680 2409 1944 2466 sumptas;

48 2485 90 2534 si
136 2501 264 2551 ergo
318 2485 566 2534 dominus
617 2501 829 2534 suarum
883 2485 1109 2550 partium
1153 2493 1318 2544 esset,
1373 2483 1595 2533 haberet
1648 2483 1802 2532 etiam
1858 2483 1947 2532 do-

50 2567 265 2616 minium
307 2568 400 2618 sui.
482 2567 757 2617 Praeterea
797 2565 1006 2632 singula
1047 2566 1286 2616 membra
1328 2583 1357 2614 a
1397 2565 1518 2614 Deo
1562 2582 1682 2615 cum
1724 2582 1949 2630 corpore

49 2649 352 2699 naturaliter
389 2649 533 2699 unita
573 2649 721 2698 etad
764 2648 1140 2698 determinatas
1183 2647 1481 2698 functiones
1510 2648 1787 2713 organicas
1816 2647 1948 2696 ordi-

50 2739 172 2781 nata
222 2740 371 2793 sunt,
427 2732 659 2797 ideoque
710 2730 858 2781 nefas
910 2740 989 2780 est
1041 2747 1102 2780 ea
1155 2731 1223 2780 ad
1275 2729 1370 2779 has
1423 2728 1721 2779 functiones
1772 2730 1950 2795 inepta

52 2813 274 2863 reddere
325 2820 415 2863 aut
454 2830 486 2863 a
526 2831 751 2880 corpore
802 2829 1074 2879 separare,
1129 2813 1225 2862 nisi
1276 2812 1329 2861 id
1382 2811 1737 2861 necessarium
1777 2811 1842 2860 sit
1882 2811 1947 2860 ad

52 2896 472 2946 conservandam
524 2897 702 2946 vitam.
783 2895 938 2945 Licet
990 2896 1130 2944 enim
1186 2895 1351 2944 homo
1409 2910 1515 2943 non
1566 2894 1633 2942 sit
1685 2892 1947 2952 dominUS,

52 2985 348 3047 {Qsssmess
389 2978 807 3028 administrator
837 2977 925 3027 sui
949 2977 1133 3042 dusius,
1176 2984 1229 3027 et
1268 2977 1406 3037 ideo,
1451 2975 1667 3041 quando
1696 2975 1949 3024 abscissio

51 3057 269 3109 alicuius
307 3060 533 3110 membri
559 3061 628 3110 ad
655 3061 815 3110 vitam
856 3060 1020 3109 totius
1049 3060 1286 3125 corporis
1314 3057 1630 3108 servandam
1658 3056 1951 3106 necessaria

53 3139 126 3202 fit,
168 3139 309 3192 licita
348 3150 443 3204 est,
487 3142 610 3208 quia
649 3159 771 3209 pars
811 3141 1186 3192 subordinatur
1226 3141 1372 3190 bono
1415 3139 1591 3189 totius.

119 3216 330 3288 ζονοίί.
376 3254 423 3289 2.
479 3239 626 3305 Ergo
668 3238 871 3305 duplex
898 3239 1001 3288 Dei
1042 3238 1333 3287 dominium
1369 3234 1802 3301 distinguendum
1842 3244 1946 3285 est:

54 3319 380 3370 exclusivum
410 3329 462 3370 et
488 3339 592 3371 nou
619 3321 945 3371 exclusivum
974 3336 1067 3369 seu
1108 3319 1382 3385 generale3
1425 3316 1756 3366 exclusivum
1780 3315 1951 3371 habet

1603 3416 1617 3442 1
1631 3414 1650 3456 5
1669 3405 1692 3430 ¹*
