2182 3682
252 177 352 212 110
648 175 762 204 PARS
797 176 824 205 Ῐ.
876 176 1190 205 PHILOSOPHIA
1226 177 1434 205 MORALYS
1470 178 1748 208 GENERALIS.

242 311 443 361 bonum
485 311 759 362 honestum
795 346 867 350 ——
895 315 1005 363 sive
1047 315 1300 365 directive
1340 314 1460 365 sive
1491 316 1770 366 executive
1798 347 1884 379 ——,
1926 327 2148 370 vocatur

243 394 416 443 virtus
438 395 684 444 moralis.
749 393 946 459 Quoad
971 414 1079 446 rem
1104 397 1238 447 haec
1261 397 1449 448 divisio
1472 398 1726 448 coincidit
1747 415 1867 449 cum
1891 399 2148 450 divisione

242 476 447 525 virtutis
487 477 537 525 in
572 478 817 527 virtutem
859 479 1158 528 secundum
1199 480 1329 546 quid
1370 488 1423 530 et
1461 481 1710 531 virtutem
1750 480 2070 547 simpliciter.

317 557 559 608 Virtutes
631 559 1017 611 intellectuales
1090 561 1222 612 aliae
1288 571 1412 612 sunt
1476 562 1865 629 speculativae:
1944 564 2148 630 sapien—

242 641 339 701 tia,
397 641 644 702 scientia,
702 641 1032 705 intellectus3
1091 643 1224 694 aliae
1277 645 1571 710 practicae:
1626 662 1710 696 ars
1762 654 1815 695 et
1866 646 2148 712 prudentia

243 721 319 785 (S.
373 722 556 772 Tliom.
621 738 672 785 1,
731 738 788 785 2,
844 743 893 790 q.
955 736 1037 789 57,
1091 742 1136 776 a.
1195 727 1263 790 2).
1344 727 1631 777 Prudentia
1682 728 1734 778 in
1785 745 1851 777 eo
1900 729 2150 779 convenit

244 821 366 854 cum
432 804 644 872 reliquis
707 807 989 858 virtutibus
1054 808 1527 872 intellectualibus,
1598 811 1746 876 quod
1811 809 2151 861 infallibiliter

241 887 412 936 tendit
463 888 515 937 in
566 906 751 938 verum
805 899 1050 956 respectu
1103 891 1402 958 agibilium3
1465 892 1618 942 simul
1672 901 1851 942 tamen
1904 909 2149 943 conume-

243 977 384 1019 ratur
442 970 725 1021 virtutibus
791 972 1082 1023 moralibus
1141 991 1233 1024 seu
1293 973 1631 1041 simpliciter,
1701 976 1825 1041 quia
1884 992 2004 1025 cum
2071 975 2148 1024 iis-

242 1051 368 1101 dem
420 1054 671 1103 convenit
722 1055 772 1104 in
826 1058 1045 1106 materia
1098 1065 1150 1106 et
1201 1058 1313 1106 sine
1353 1058 1412 1106 iis
1454 1057 1689 1124 perfecta
1730 1074 1846 1107 esse
1886 1075 1994 1107 non
2035 1065 2149 1123 pot-

242 1142 337 1184 est.
407 1135 570 1186 Unde
611 1137 773 1187 etiam
814 1137 1089 1188 hominem
1130 1139 1454 1205 simpliciter,
1499 1140 1528 1189 i.
1561 1157 1604 1189 e.
1636 1140 1688 1188 in
1729 1140 1916 1189 ordine
1945 1140 2162 1202 morali,

242 1217 447 1267 bonum
489 1218 681 1269 reddit.

250 1364 273 1402 1
290 1350 388 1404 26.
469 1353 559 1404 ΙΠ.
605 1355 789 1406 Virtus
814 1357 1137 1422 simpliciter
1165 1356 1438 1423 (moralis),
1475 1357 1543 1408 de
1571 1374 1678 1424 qua
1705 1356 1820 1408 sola
1847 1357 1898 1407 in
1926 1374 2148 1424 sequen-

241 1435 381 1485 tibus
421 1452 661 1502 agemus,
706 1439 982 1490 definitur:

325 1539 364 1574 1.
429 1526 643 1577 liabitas
709 1530 1019 1593 operativils
1083 1530 1257 1580 bonus.
1359 1531 1592 1580 Nomine
1657 1530 1788 1580 boni
1852 1529 1938 1579 hic
2003 1528 2149 1579 intel-

242 1605 532 1673 legendum
573 1618 654 1659 est
693 1611 899 1661 bonum
940 1612 1242 1663 honestum.
1320 1611 1531 1678 Quodsi
1560 1630 1757 1662 nomen
1785 1612 1913 1662 boni
1941 1629 2049 1662 non
2077 1629 2150 1661 re-

242 1690 513 1756 stringitur
553 1693 621 1742 ad
663 1693 867 1743 bonum
908 1694 1125 1756 morale,
1169 1696 1265 1745 sed
1307 1695 1614 1745 extenditur
1652 1695 1722 1745 ad
1753 1695 1956 1745 bonum
1987 1695 2149 1760 ipsius

241 1774 514 1837 potentiae
556 1776 839 1838 rationalis,
883 1777 1016 1827 haec
1059 1777 1296 1828 definitio
1338 1778 1498 1827 etiam
1538 1777 1792 1844 applicari
1832 1784 2014 1843 potest
2053 1778 2147 1826 vir-

241 1855 444 1906 tutibus
483 1859 776 1908 secundum
822 1860 964 1925 quid.

319 1958 364 1995 2.
411 1945 593 1996 Potest
645 1949 804 1998 etiam
858 1949 1063 1999 definiri
1105 1968 1226 2000 cum
1268 1949 1566 1999 Aristotele
1607 1948 1749 2013 (Eth.
1794 1947 1823 1998 l.
1872 1962 1929 2010 2,
1974 1965 2016 1998 c.
2062 1949 2143 2012 6):

239 2026 468 2089 liabitas.
513 2030 606 2094 qui
642 2031 830 2081 bonum
858 2032 1011 2096 facit
1048 2032 1327 2082 habentem
1357 2040 1407 2081 et
1434 2041 1561 2097 Opus
1589 2032 1702 2080 eius
1730 2030 1918 2081 benum
1949 2030 2144 2080 reddit.

237 2108 471 2160 Dicitur:
532 2114 655 2178 «qui
707 2114 911 2163 bonum
967 2114 1091 2164 facit
1142 2115 1496 2175 habentem»,
1551 2115 1580 2164 i.
1626 2130 1670 2164 e.
1723 2114 1815 2179 qui
1854 2112 2145 2164 habentem

234 2192 544 2258 simpliciter
597 2213 691 2245 seu
746 2197 797 2245 in
855 2197 1041 2246 ordine
1100 2197 1287 2247 morali
1343 2197 1546 2246 bonum
1602 2196 1741 2246 facit.
1823 2195 1947 2245 Non
2005 2196 2142 2246 enim

237 2274 426 2325 dicitur
480 2277 645 2327 homo
702 2278 1010 2345 simpliciter
1065 2280 1238 2329 bonus
1294 2288 1607 2346 propterea,
1665 2279 1788 2344 quia
1842 2286 1922 2327 est
1972 2278 2145 2328 sciens

234 2356 318 2406 vel
371 2359 588 2421 artifex,
645 2362 740 2410 sed
794 2369 1105 2428 propterea,
1162 2363 1284 2428 quia
1337 2369 1417 2411 est
1467 2362 1634 2411 iustus
1684 2359 1769 2410 vel
1821 2368 2142 2426 temperans.

235 2438 498 2492 Additur:
549 2452 633 2492 «et
675 2461 812 2510 opus
852 2445 962 2494 eius
991 2445 1194 2494 bonum
1225 2444 1452 2505 reddit»,
1498 2444 1621 2509 quia
1647 2443 1811 2492 virtus
1838 2441 2145 2509 simpliciter

236 2539 344 2572 non
391 2524 566 2574 solum
608 2525 701 2575 dat
741 2534 1068 2592 potestatem
1109 2527 1247 2576 bene
1290 2526 1573 2592 operandi,
1629 2524 1726 2574 sed
1767 2525 1927 2574 etiam
1968 2541 2138 2575 usum.

236 2605 322 2654 Ex
373 2605 474 2656 hac
529 2607 838 2658 definitione
891 2617 1039 2675 patet
1091 2609 1338 2658 virtutem
1390 2607 1648 2658 moralem
1698 2623 1729 2656 a
1769 2605 1992 2657 Socrate
2032 2623 2143 2673 per-

235 2704 419 2753 peram
472 2689 726 2739 confundi
780 2707 900 2740 cum
952 2690 1196 2752 scientia,
1253 2708 1390 2756 quae
1443 2707 1550 2739 non
1604 2689 1732 2739 dicit
1783 2688 2024 2738 ordinem
2072 2688 2141 2738 ad

237 2771 611 2821 rectitudinem
650 2771 953 2823 voluntatis.

311 2873 356 2924 3.
403 2860 554 2910 Idem
594 2861 919 2911 Aristoteles
960 2861 1010 2926 (l.
1059 2863 1126 2926 c.)
1168 2863 1242 2912 sic
1285 2861 1469 2911 definit
1509 2860 1613 2911 alio
1655 2860 1821 2910 modo
1861 2860 2137 2910 virtutem:

238 2941 373 2992 «Est
397 2942 611 2993 liabitas
639 2944 888 2994 electivns
916 2944 971 2994 iii
994 2944 1363 2994 mediocritate
1386 2943 1569 3009 quoad
1583 2961 1678 2992 πω
1699 2941 1975 3004 exsistens,
2007 2958 2142 3007 quae

232 3025 445 3090 quidem
474 3026 822 3076 mediocritas
863 3028 1073 3077 ratione
1112 3028 1184 3077 sit
1220 3027 1455 3094 definita,
1498 3033 1657 3091 atque
1691 3025 1785 3086 ita,
1827 3032 1885 3073 iit
1896 3023 2141 3089 prudens

232 3107 675 3157 determinaret».
743 3109 896 3160 Haec
937 3109 1177 3159 definitio
1217 3108 1392 3158 solum
1433 3106 1576 3157 valet
1616 3108 1683 3157 de
1722 3107 1914 3156 virtute
1952 3103 2138 3155 morali

232 3205 391 3239 sensu
430 3191 693 3240 strictiore
732 3208 827 3240 seu
867 3192 936 3240 de
977 3192 1184 3252 virtute,
1229 3208 1367 3257 quae
1408 3197 1489 3240 est
1528 3190 1577 3239 in
1619 3189 1875 3255 appetitu,

308 3271 541 3321 Dicitur:
595 3273 645 3336 a)
686 3272 902 3322 habitus
942 3273 1010 3322 ad
1050 3273 1396 3323 indicandum
1437 3288 1606 3337 genus
1645 3270 1878 3331 virtutis;
1920 3267 2135 3334 reliqua,

236 3368 373 3418 quae
400 3362 706 3418 sequuntur,
739 3354 1089 3404 differentiam
1119 3354 1426 3420 specificam
1455 3354 1757 3413 continent;
1787 3352 1843 3416 b)
1872 3350 2137 3411 eleclivus,
