2182 3682
203 155 267 203 15
594 163 708 193 PARS
745 165 772 194 1.
824 165 1143 194 PHILOSOPHIA
1178 165 1381 195 MORALIS
1417 166 1697 197 GENERALIS.

271 298 448 349 schol.
514 315 561 349 I.
645 299 902 365 Quamvis
967 310 1284 368 argumenta
1347 319 1445 368 per
1507 320 1565 353 se
1628 302 1803 353 solum
1869 305 2102 370 probent

194 381 469 431 hominem
508 398 539 432 a
574 382 696 432 Deo
738 384 807 432 ad
848 383 1141 449 perfectam
1182 383 1571 434 beatitudinem
1613 386 1880 447 destinari,
1922 395 2103 436 tamen

193 463 334 513 hanc
373 464 760 514 beatitudinem
802 483 900 531 pro
943 465 1159 515 homine
1199 464 1355 515 simul
1396 465 1595 517 habere
1635 468 1896 518 rationem
1922 468 2108 536 uhjz'mz'

178 546 463 612 fim'srper
512 563 570 596 se
617 545 797 613 liquet.
879 547 1024 596 Finis
1065 548 1203 596 enim
1246 547 1463 597 ultimus
1504 550 1680 614 operis
1719 550 1957 600 internus
1996 533 2146 600 non*

194 636 376 694 potest
404 645 519 678 esse
547 629 644 678 nisi
672 630 875 679 bonum
906 638 1354 691 consummatum,
1387 630 1634 697 quod‘ad
1662 631 1878 682 ulterius
1899 632 2105 682 bonum

195 728 303 760 non
344 710 579 772 refertur,
622 719 674 760 et
713 711 765 760 in
794 729 902 777 quo
930 712 1201 778 appetitus
1229 711 1509 762 ultimatim
1538 714 1884 779 conquiescit.
1949 714 2106 764 Hanc

196 802 374 842 autem
427 793 813 843 beatitudinem
867 810 983 843 esse
1024 793 1186 843 finem
1228 793 1472 844 ultimum
1511 782 1889 846 secundarium
1931 813 2002 846 ex
2041 813 2106 846 eo

195 875 446 941 sequitur,
491 876 639 941 quod
682 875 886 925 bonum
927 884 1200 926 creaturae
1240 876 1389 926 bono
1431 878 1683 927 creatoris
1711 886 1987 944 tamquam
2018 878 2109 928 fini

197 956 385 1007 ultimo
426 957 762 1008 subordinari
803 958 983 1008 debet.

273 1060 449 1111 Schol.
476 1076 524 1111 2.
571 1061 874 1126 Assertioni
895 1071 1107 1113 nostrae
1130 1063 1265 1114 inter
1287 1063 1418 1113 alios
1439 1063 1678 1114 Kantius
1699 1065 1745 1129 (Ι
1759 1076 1969 1129 724—1
1983 1065 2111 1130 804>

199 1145 507 1194 adversatur
559 1143 775 1208 (Critica
828 1146 1043 1195 rationis
1096 1146 1390 1212 practicae,
1448 1145 1590 1213 Opp.
1651 1144 1790 1214 [edit.
1835 1147 2110 1198 Hartenst.

208 1223 359 1294 1838]
393 1226 470 1276 IV
502 1240 603 1291 243
636 1228 759 1293 sqq)
801 1228 1004 1277 docens
1044 1227 1332 1278 voluntatis
1372 1237 1581 1278 creatae
1622 1230 1981 1279 necessarium
2022 1229 2113 1279 ob-

198 1310 396 1359 iectum
447 1318 501 1359 et
552 1309 712 1359 finem
766 1327 881 1360 esse
923 1310 1136 1376 qffioere
1174 1327 1437 1360 summum
1467 1311 1693 1379 bonum.
1759 1311 1884 1362 Hoc
1935 1312 2113 1361 autern

200 1392 404 1442 bonum
464 1392 924 1458 comprehendere
984 1392 1188 1458 duplex
1245 1392 1596 1444 elementum:
1659 1410 1964 1460 supremam
2021 1392 2113 1443 561.

200 1474 538 1539 sanctitatem
581 1491 675 1524 seu
705 1474 1138 1525 conformitatem
1178 1475 1480 1525 absolutam
1524 1493 1645 1526 cum
1679 1475 1800 1542 lege
1839 1475 2026 1526 morali
2065 1484 2118 1525 et

203 1566 624 1623 consequentem
652 1557 776 1607 inde
806 1557 1095 1624 perfectam
1128 1558 1530 1609 beatitudinem.
1574 1558 1685 1608 Iam
1712 1576 1840 1608 vero
1866 1559 2119 1609 sanctitas

201 1639 287 1689 illa
327 1656 358 1690 a
398 1638 541 1689 nulla
581 1657 837 1706 umquam
890 1649 1129 1690 creatura
1181 1641 1371 1706 attingi
1422 1650 1603 1707 potest
1653 1641 1887 1707 ideoque
1942 1635 2154 1706 neque*

203 1722 484 1772 beatitudo
526 1739 595 1771 ex
636 1740 698 1771 ea
739 1722 1015 1784 resultanS‚
1060 1730 1113 1772 et
1141 1722 1262 1772 hinc
1292 1722 1566 1772 concludit
1592 1722 1882 1773 voluntatis
1910 1730 2120 1773 creatae

207 1803 617 1854 destinationem
658 1805 709 1854 in
752 1822 817 1854 eo
860 1806 1166 1865 consistere,
1210 1814 1266 1854 ut
1306 1806 1413 1871 iugi
1455 1812 1509 1855 et
1540 1812 1805 1871 perpetuo
1833 1821 2121 1871 progressu

206 1903 387 1936 versus
427 1886 683 1937 infinitam
725 1888 1063 1937 sanctitatem
1094 1896 1146 1937 et
1173 1886 1468 1953 perfectam
1497 1887 1885 1937 beatitudinem
1916 1887 2118 1937 tendat.

208 1969 311 2019 Hic
353 1978 531 2019 autem
572 1987 887 2036 progressus
927 1969 1103 2020 solum
1144 1968 1410 2035 possibilis
1451 1977 1532 2019 est
1578 1970 1861 2036 supposita
1911 1969 2122 2019 immor—

207 2051 411 2102 talitate
453 2052 684 2115 animae;
730 2069 861 2118 ergo
902 2053 1035 2102 haec
1077 2059 1158 2102 est
1198 2051 1528 2118 po‘stulatum
1570 2052 1803 2103 rationis,

286 2147 397 2199 Sed
437 2149 571 2200 haec
613 2149 931 2216 hypothesis
950 2166 959 2200 :

287 2246 338 2310 a)
379 2247 625 2312 procedit
665 2262 694 2296 a
734 2247 996 2296 sententia
1031 2246 1194 2312 gratis
1223 2255 1437 2306 asserta,
1481 2242 1646 2295 immo
1675 2244 1950 2294 evidenter
1977 2242 2122 2319 falsa,

213 2327 305 2377 561.
361 2328 571 2378 efficere
634 2346 904 2378 summum
967 2329 1170 2378 bonum
1225 2327 1548 2393 (absolutam
1595 2320 1955 2390 sanctitatem)
2008 2318 2126 2376 esse

217 2412 574 2460 necessarium
616 2411 888 2461 obiectum
929 2410 1220 2461 voluntatis
1262 2418 1487 2460 creatae.

292 2509 348 2573 b)
391 2509 694 2559 excluditur
748 2519 933 2559 nostro
994 2516 1313 2579 argumento
1373 2507 1537 2573 idque
1593 2524 1659 2556 eo
1717 2506 1914 2572 magis,
1977 2506 2127 2572 quod

218 2592 335 2658 ipso
388 2591 594 2641 Kcmtio
649 2591 700 2655 (l.
758 2609 802 2642 6.
859 2610 908 2657 p.
972 2605 1105 2654 244,
1162 2591 1309 2654 nota>
1369 2589 1568 2639 fatente
1624 2588 1790 2638 homo
1846 2605 2023 2660 neque
2077 2587 2130 2637 in

220 2665 320 2723 hac
372 2674 477 2723 vita
533 2691 709 2739 neque
765 2674 817 2723 in
872 2673 1037 2723 altera
1093 2689 1351 2739 umquam
1406 2671 1565 2738 plane
1618 2678 1793 2720 certus
1847 2687 1963 2720 esse
2014 2677 2131 2735 pot-

223 2756 319 2805 erit
358 2772 415 2805 se
456 2757 507 2805 in
547 2756 638 2806 illo
678 2773 968 2822 progressu
1009 2756 1077 2805 ad
1120 2755 1376 2805 maiorem
1417 2753 1803 2820 perfectionem
1831 2767 2131 2818 persevera-

224 2846 399 2887 turum
441 2855 582 2900 esse3

301 2936 349 2999 c)
395 2935 583 2997 {tatuit
639 2936 827 2984 seriem
884 2934 1080 2984 realem
1137 2934 1405 2984 bonorum
1462 2931 1900 2998 participatorum
1956 2937 2010 2979 et
2061 2946 2133 2978 re-

225 3015 505 3085 lativorum
547 3017 658 3066 sine
700 3017 847 3066 bono
888 3016 1071 3085 aliquo
1113 3015 1253 3084 reali,
1297 3015 1444 3080 quod
1485 3013 1683 3063 habeat
1725 3012 1984 3062 rationem
2012 3010 2138 3060 boni

217 3106 326 3162 per
363 3117 434 3159 se,
478 3115 571 3148 seu
612 3099 760 3163 quod
801 3098 945 3148 idem
981 3085 1076 3159 est,
1121 3098 1310 3147 seriem
1352 3095 1547 3146 realem
1589 3094 1926 3165 finiujmsine
1967 3093 2134 3142 deter-

231 3181 432 3229 minato
485 3187 539 3230 et
591 3180 715 3230 reali
767 3180 872 3230 fine
900 3180 1114 3240 ultim0‚
1171 3180 1316 3246 quod
1358 3194 1528 3244 aeque
1569 3191 1868 3242 repugnare
1908 3174 2133 3233 videtur,

232 3279 293 3310 ac
333 3263 376 3310 si
407 3270 669 3311 statuatur
696 3263 856 3311 series
884 3263 1181 3311 motionum
1210 3261 1321 3310 sine
1349 3260 1522 3326 primo
1550 3266 1801 3307 movente
1831 3255 1905 3320 (S.
1945 3255 2132 3306 sltem.

242 3356 283 3402 Ι,
329 3356 385 3403 2,
431 3360 479 3409 q.
533 3358 587 3404 Ι,
631 3360 676 3393 a.
721 3343 791 3406 6).
836 3373 905 3377 —-
947 3342 1112 3404 Dices
1164 3343 1215 3391 in
1256 3341 1346 3390 illo
1387 3355 1675 3407 progressu
1716 3339 1889 3404 ipsum
1929 3336 2133 3386 bonum
