2182 3682
205 130 271 179 88
607 137 722 166 PARS
757 137 785 166 1.
838 136 1152 166 PHILOSOPHIA
1186 136 1388 166 MORALIS
1424 137 1704 166 GENERALIS.

201 293 293 327 seu
347 275 530 342 quoad
586 274 954 334 honestatem,
1012 274 1109 324 sed
1166 274 1327 323 etiam
1379 273 1434 323 in
1483 291 1687 339 genere
1738 281 1971 324 naturae
2019 291 2111 325 seu

201 358 381 424 quoad
409 374 522 407 esse
537 356 821 422 physicum
845 356 1162 421 (bonitatem
1185 354 1517 420 naturalem).
1550 385 1619 391 --
1651 356 2111 422 Respondendum

202 449 283 490 est
334 440 675 489 honestatem
727 448 877 489 actus
928 437 1190 488 interioris
1231 454 1301 487 ex
1341 438 1557 488 obiecto
1600 455 1717 489 esse
1758 438 2115 489 differentiam

200 520 536 572 essentialem
587 521 750 586 ipsius
803 527 953 570 actus
1000 520 1159 569 etiam
1202 520 1384 585 quoad
1425 536 1576 570 suam
1628 520 1911 587 physicam
1951 528 2005 572 et
2043 521 2114 571 in-

200 605 485 654 trinsecam
527 603 805 653 entitatem
849 602 933 668 (cf.
978 603 1256 663 Becanns,
1309 602 1395 652 De
1437 609 1537 653 act.
1583 603 1728 653 hum.
1774 621 1817 654 c.
1863 617 1923 666 4,
1967 621 2017 669 q.
2063 617 2110 666 2,

201 704 249 736 n.
297 687 365 751 7).
447 685 587 735 Nam
628 684 761 735 haec
803 686 995 734 entitas
1036 684 1286 751 physica,
1331 702 1454 735 cum
1495 693 1619 735 actu
1660 686 1906 746 exsistat,
1950 686 2114 736 debet

199 770 250 818 in
293 776 438 818 certa
488 767 668 834 specie
721 767 1003 829 exsistere;
1060 774 1113 817 et
1164 766 1303 817 hanc
1350 785 1458 817 non
1513 775 1696 834 potest
1733 768 1977 834 accipere
2017 767 2113 818 nisi

199 852 266 901 ab
309 851 525 900 obiecto
580 848 801 900 formali.
883 849 1054 915 Atque·
1097 850 1140 899 si
1180 858 1330 899 actus
1371 850 1656 900 voluntatis
1694 859 1937 900 versatur
1977 851 2114 900 circa

199 933 472 983 obiectum
531 931 818 981 honestum
880 941 938 981 ut
997 931 1184 993 finem,
1251 950 1358 982 non
1419 933 1573 983 adest
1630 932 1775 983 aliud
1837 933 2110 983 obiectum

199 1014 421 1065 formale
474 1032 635 1080 quam
692 1015 806 1080 ipsa
862 1014 1131 1064 honestas.
1220 1015 1374 1081 Ergo
1427 1016 1495 1065 ab
1551 1015 1653 1066 hac
1705 1016 1864 1066 etiam
1920 1016 2113 1065 entitas

196 1097 421 1164 physica
482 1103 634 1146 actus
689 1097 1040 1163 specificatur.
1102 1129 1172 1133 —
1228 1096 1364 1147 Aliis
1419 1099 1622 1149 verbis:
1686 1098 1905 1164 quando
1961 1105 2112 1148 actus

196 1179 485 1229 voluntatis
525 1186 764 1230 versatur
805 1179 942 1230 circa
995 1179 1283 1229 honestum
1324 1182 1424 1231 sub
1468 1182 1670 1231 ratione
1711 1181 1950 1240 honesti,
2004 1198 2111 1230 non

197 1261 459 1312 habemus
501 1262 634 1311 duas
686 1262 936 1312 entitates
989 1261 1182 1323 reales,
1239 1280 1460 1328 quarum
1514 1280 1619 1313 una
1660 1263 1949 1313 constituat
1995 1279 2112 1313 esse

196 1343 398 1394 morale
439 1344 800 1409 (honestatem
855 1344 1153 1409 formalem)
1196 1353 1248 1394 et
1289 1344 1454 1396 altera
1496 1363 1612 1396 esse
1665 1344 1903 1396 naturale
1943 1354 2108 1406 actus,

195 1427 288 1477 sed
343 1443 500 1476 unam
546 1428 884 1492 eandemque
925 1426 1219 1492 simplicem
1264 1429 1569 1489 entitatem,
1626 1444 1762 1494 quae
1815 1445 1910 1495 per
1949 1427 2110 1477 hone-

194 1518 388 1560 statem
441 1509 639 1559 obiecti
693 1509 744 1558 in
799 1516 943 1559 certa
998 1510 1176 1575 specie
1229 1511 1435 1560 virtutis
1489 1511 1838 1560 constituitur.
1933 1509 2110 1576 Quam

197 1592 497 1642 doctrinam
550 1591 603 1641 S.
658 1590 897 1642 Thomas
949 1592 1144 1642 diserte
1198 1593 1358 1643 tradit
1419 1607 1470 1655 Ι,
1529 1607 1589 1655 2,
1646 1611 1696 1659 q.
1750 1607 1838 1656 19,
1894 1610 1939 1642 a.
1992 1606 2008 1641 Ι
2058 1601 2110 1642 et

193 1674 506 1740 praesertim
547 1673 605 1723 In
651 1687 698 1735 2,
743 1674 861 1724 dist.
908 1689 993 1737 40,
1039 1693 1088 1740 q.
1142 1689 1182 1735 Ι,
1227 1692 1272 1725 a.
1320 1690 1361 1736 I,
1405 1676 1495 1725 ubi
1537 1676 1699 1726 docet
1740 1683 1890 1725 actus
1930 1675 2109 1725 volun-

193 1757 323 1807 tatis
373 1757 548 1806 bonos
589 1766 641 1806 et
682 1756 853 1806 malos
905 1774 999 1822 per
1040 1750 1109 1807 se*
1138 1766 1190 1807 et
1238 1758 1359 1807 ideo
1402 1758 1766 1808 csscnll'alz'ler
1806 1757 2017 1808 differre
2056 1759 2107 1807 in

194 1856 390 1905 genere
451 1839 638 1900 moris,
701 1848 854 1889 actus
913 1857 1039 1889 vero
1099 1841 1397 1905 impcl‘az‘os
1452 1840 1625 1890 solum
1686 1858 1781 1907 per
1840 1841 2105 1901 accidens,

191 1912 493 1972 secundum
535 1922 683 1987 quod
727 1921 1037 1987 dependent
1079 1923 1147 1971 ab
1189 1933 1310 1972 actu
1352 1923 1656 1981 voluntatis.
1738 1923 1923 1972 Potest
1975 1922 2107 1972 haec

194 2004 438 2054 doctrina
471 2004 542 2054 ita
569 2004 870 2054 confirmari
900 2022 969 2053 ex
998 2013 1176 2055 mente
1206 2005 1458 2071 Angelici
1489 2006 1567 2069 (In
1598 2019 1646 2066 2,
1690 2006 1808 2055 dist.
1841 2018 1928 2067 40,
1973 2004 2002 2054 l.
2036 2022 2105 2056 c.:

193 2085 302 2137 Sed
332 2087 565 2150 contra):
617 2085 960 2136 «Secundum
999 2087 1352 2137 differentiam
1393 2088 1674 2138 habituum
1703 2096 1783 2137 est
1812 2087 2108 2137 differentia

194 2169 467 2219 actionum
519 2186 589 2218 ex
641 2168 913 2219 habitibus
966 2170 1405 2235 procedentium,
1465 2187 1589 2220 cum
1641 2169 1837 2220 similes
1892 2166 2107 2219 habitus

191 2250 386 2301 similes
427 2260 578 2300 actus
620 2251 895 2301 reddant.»
957 2252 1129 2318 Alqm‘
1167 2252 1378 2302 habitus
1420 2252 1546 2302 boni
1576 2260 1628 2302 et
1657 2251 1780 2302 mali
1807 2252 2105 2302 secundum

189 2334 542 2384 substantiam
596 2350 746 2383 suam
799 2334 933 2383 inter
984 2351 1040 2384 se
1094 2334 1369 2397 differunt,
1423 2353 1470 2385 v.
1527 2352 1576 2401 g.
1633 2334 1848 2384 habitus
1902 2333 2105 2383 humili-

189 2416 327 2476 tatis,
371 2415 628 2477 caritatis,
672 2416 922 2477 iustitiae,
968 2415 1237 2482 religionis
1278 2426 1409 2477 eto,
1458 2426 1514 2466 ut
1556 2416 1717 2466 docet
1758 2415 1810 2466 S.
1867 2416 2105 2466 Thomas

199 2512 252 2558 Ι,
299 2511 355 2559 2,
410 2515 460 2564 q.
511 2508 602 2562 54,
657 2515 701 2548 a.
759 2511 806 2561 3.
887 2498 1041 2563 Ergo
1095 2499 1257 2548 etiam
1307 2507 1459 2549 actus
1509 2499 1581 2548 ita
1631 2499 1766 2548 inter
1815 2515 1873 2548 se
1925 2498 2101 2548 distin-

191 2589 440 2646 guuntur.

199 2753 339 2793 101.
421 2741 597 2793 Sclcol.
654 2760 702 2794 2.
782 2745 870 2795 Ex
922 2745 1164 2796 doctrina
1217 2746 1587 2812 praecedentis
1643 2744 1831 2795 scholii
1884 2744 2101 2794 infertur

190 2825 422 2874 eundem
475 2842 697 2876 numero
739 2836 916 2877 actum
966 2828 1276 2878 interiorem
1322 2845 1429 2878 non
1482 2844 1642 2893 posse
1693 2826 1849 2876 simul
1901 2826 2100 2876 habere

179 2907 373 2972 plures
410 2908 609 2972 species
649 2909 944 2959 honestatis
983 2909 1312 2960 intrinsecae.
1390 2909 1611 2959 Nullum
1653 2908 1793 2958 enim
1834 2908 2098 2975 ensphy-

188 2990 355 3039 sicum
409 2990 589 3055 quoad
641 2991 994 3041 substantiam
1045 2990 1198 3042 simul
1251 2993 1302 3041 in
1357 2991 1595 3058 pluribus
1646 2991 1928 3056 speciebus
1981 3007 2097 3040 esse

188 3088 281 3121 seu
333 3071 511 3137 plures
552 3073 804 3123 essentias
857 3073 1054 3123 habere
1094 3083 1289 3140 potest.
1372 3074 1648 3124 Praeterea
1686 3073 1830 3123 idem
1872 3090 2094 3122 numero

189 3160 339 3203 actus
379 3153 669 3203 voluntatis
709 3172 816 3204 non
868 3163 1048 3221 potest
1089 3149 1389 3205 nissijnum
1430 3156 1701 3206 obiectum
1745 3153 1965 3204 formale
2005 3155 2093 3204 ad-

188 3242 476 3301 aequatum
516 3235 713 3286 habere
755 3237 824 3301 (1,
871 3250 917 3298 2,
962 3255 1011 3303 q.
1065 3251 1105 3299 Ι,
1150 3255 1193 3287 a.
1241 3251 1267 3301 3
1313 3238 1381 3287 ad
1425 3251 1471 3302 3.
1554 3236 1790 3297 Suara,
1838 3236 1924 3286 De
1964 3236 2090 3286 bon.

189 3325 288 3367 act.
333 3317 477 3367 hum.
523 3318 658 3385 disp.
691 3333 739 3382 4,
781 3327 909 3370 sect.
944 3333 991 3384 3,
1035 3337 1083 3369 n.
1114 3320 1185 3384 4).
1230 3350 1301 3354 —
1343 3318 1394 3370 S.
1436 3319 1674 3370 Thomas
1713 3319 1783 3384 (Ι,
1829 3332 1876 3380 2,
1921 3335 1970 3385 q.
2010 3320 2088 3380 18,
