2182 3682
293 168 379 197 Llss.
415 167 443 196 Ι.
489 166 591 196 CAP.
626 166 673 195 ΙΙ.
716 165 777 193 DE
811 164 1012 194 OFFICIIS
1048 164 1250 193 HOMINIS
1285 165 1409 192 ERGA
1443 165 1492 193 SE
1527 165 1682 195 II'SUM.
1832 167 1937 218 229

113 314 262 362 Resp.
330 304 462 350 Dist.
499 302 641 348 mall:
686 300 735 347 Si
771 315 875 346 non
910 314 1166 361 possemus
1202 299 1466 360 disponere
1503 301 1565 347 de
1601 302 1712 359 vita,
1751 301 1779 348 i.
1818 317 1859 349 e.
1899 301 1937 348 si

35 394 198 440 neque
234 376 507 425 dominium
544 375 785 422 directum
821 389 985 434 neque
1022 372 1295 420 dominium
1330 373 1446 420 utile
1482 375 1796 432 haberemuS‚
1835 391 1937 422 non

35 467 288 516 possemus
323 451 393 498 sic
428 449 718 511 disponere,
756 455 938 505 trans„
983 448 1020 494 si
1058 448 1214 494 solum
1251 447 1523 494 dominium
1560 449 1800 496 directum
1836 466 1937 496 non

34 527 295 584 habemus,
345 526 582 572 habemus
630 532 791 571 autem
838 522 980 580 utile,
1030 537 1155 582 nege.
1234 521 1368 569 szc.
1407 523 1516 569 min.
1562 529 1606 568 et
1645 524 1748 570 dist.
1787 524 1937 570 eedem

34 601 165 649 modo
200 616 317 648 cons.
388 601 601 646 Tantum
639 599 801 655 abest,
841 605 891 643 ut
926 596 1070 644 nobis
1107 595 1268 644 omnis
1304 595 1560 658 dispositio
1598 597 1660 644 de
1697 597 1794 643 vita
1830 614 1939 658 pro-

34 675 282 732 hibeatur,
332 683 382 720 ut
428 674 588 735 potius
635 681 890 719 teneamur
927 672 1140 719 eandem
1177 686 1472 718 conservare
1509 679 1557 717 et
1592 670 1755 718 media
1791 672 1854 718 ad
1891 672 1940 718 id

33 749 312 798 necessaria
348 747 600 796 adhibere.
662 747 760 794 Sed
796 746 912 793 inde
949 761 1052 792 non
1089 746 1306 807 sequitur
1342 761 1432 793 nos
1457 746 1640 793 habere
1667 745 1939 792 dominium

33 824 271 872 directum
320 824 369 869 in
417 822 566 869 vitam
612 829 858 880 nostram,
908 821 1043 882 quod
1090 822 1274 868 habere
1312 821 1633 878 deberemus,
1686 829 1735 867 ut
1771 820 1942 867 liceret

33 914 125 946 nos
162 898 294 960 ipsos
331 897 628 944 interimere.

115 988 218 1029 Obi.
247 1000 290 1038 3·
363 980 503 1026 Licet
537 978 696 1025 minus
733 979 913 1025 malum
954 978 1135 1038 eligere
1174 978 1237 1024 ad
1273 977 1526 1024 vitandum
1564 976 1732 1024 maius.
1793 977 1946 1037 Atqui

36 1054 280 1102 interdum
316 1053 500 1101 occisio
538 1053 608 1100 sui
646 1061 717 1100 est
752 1053 1030 1100 necessaria
1067 1051 1131 1098 ad
1157 1051 1407 1098 vitandum
1442 1052 1595 1098 maius
1620 1052 1816 1109 malum,
1856 1051 1940 1098 scl.

35 1129 299 1177 maximam
334 1128 582 1175 miseriam
618 1129 697 1175 vel
734 1126 1071 1188 ignominiam.
1143 1127 1281 1186 Ergo
1311 1164 1318 1173 .
1349 1165 1357 1173 .
1388 1165 1395 1173 .

112 1220 262 1269 Resp.
329 1211 461 1256 Dist.
500 1211 641 1256 mall:
689 1209 738 1256 Si
775 1208 931 1270 agitur
968 1209 1031 1256 de
1068 1208 1206 1255 malis
1243 1207 1482 1269 physicis,
1522 1224 1666 1265 cmm,
1711 1208 1750 1254 si
1787 1207 1944 1268 agitur

35 1285 97 1333 de
134 1284 273 1332 malis
310 1284 601 1343 moralibus,
651 1300 789 1344 nego,
839 1284 917 1330 vel
965 1282 1125 1345 potius
1161 1298 1291 1344 nego
1328 1283 1657 1344 suppositum,
1708 1298 1943 1344 umquam

34 1375 183 1406 unum
234 1368 494 1421 peccatum
546 1358 800 1420 proprium
853 1373 957 1405 esse
1009 1357 1341 1405 necessarium
1395 1358 1458 1404 ad
1505 1358 1637 1404 aliud
1684 1365 1942 1419 peccatum

36 1433 289 1495 proprium
326 1434 628 1494 fugiendum.
682 1435 848 1480 Potest
884 1447 1080 1494 semper
1115 1440 1374 1493 utrumque
1413 1432 1565 1480 vitari.
1627 1431 1814 1494 Excipe
1852 1432 1944 1477 for-

36 1517 162 1556 tasse
199 1524 365 1555 casum
404 1507 737 1555 conscientiae
765 1509 1049 1569 perplexae,
1103 1506 1153 1553 in
1190 1522 1287 1568 qua
1324 1507 1430 1568 quis
1467 1522 1676 1554 erronee
1713 1515 1761 1554 et
1796 1521 1943 1567 agere

36 1591 84 1630 et
129 1598 231 1629 non
279 1597 426 1643 agere
473 1590 735 1644 peccatum
788 1590 938 1643 putat.
1021 1583 1078 1628 In
1131 1581 1373 1628 eiusmodi
1422 1598 1535 1629 casu
1585 1583 1847 1643 perplexus
1894 1581 1945 1628 id

37 1657 219 1718 eligere
256 1657 418 1715 debet,
458 1656 594 1718 quod
631 1656 721 1703 sibi
758 1657 917 1704 minus
942 1657 1123 1703 malum
1148 1656 1353 1703 videtur.
1407 1657 1537 1703 Dist.
1565 1658 1707 1704 mim:
1744 1654 1944 1702 Occisio

37 1733 107 1780 sui
154 1740 316 1794 potest
364 1747 470 1779 esse
516 1733 797 1779 necessaria
844 1731 908 1778 ad
955 1732 1209 1778 vitandum
1248 1732 1455 1790 malum,
1509 1731 1644 1792 quod
1684 1731 1838 1778 maius
1875 1738 1946 1777 est

39 1822 187 1868 quam
235 1806 342 1868 ipsa
390 1806 575 1854 occisio
623 1807 719 1865 sui,
769 1806 804 1854 si
844 1807 968 1853 haec
1007 1806 1190 1854 occisio
1226 1822 1329 1853 non
1367 1807 1657 1868 supponitur
1693 1822 1798 1854 esse
1835 1821 1945 1867 pec·

39 1881 316 1940 caminosa,
366 1888 545 1938 trans„
595 1882 633 1928 si
682 1890 754 1929 est
800 1881 1153 1943 peccaminosa
1201 1890 1248 1928 et
1284 1880 1576 1942 praecipitat
1612 1881 1662 1927 in
1698 1880 1944 1928 miseriam

41 1956 406 2018 sempiternam,
445 1972 572 2017 nego.

115 2047 233 2086 Inst.
305 2040 488 2086 Saltem
523 2039 637 2086 licet
674 2054 724 2086 se
761 2038 1069 2097 interimere,
1113 2038 1151 2085 si
1191 2038 1241 2085 id
1278 2039 1609 2086 necessarium
1647 2038 1709 2085 ad
1746 2037 1946 2084 vitanda

41 2123 264 2175 peccata.

118 2205 268 2253 Resp.
334 2196 499 2242 Disce.-
547 2195 595 2241 Si
633 2196 789 2256 agitur
827 2196 889 2242 de
925 2195 1143 2256 peccatis
1179 2196 1346 2242 alienis
1382 2195 1604 2253 vitandis,
1644 2210 1770 2254 nege.
1843 2194 1947 2241 Etsi

41 2285 130 2331 per
175 2285 327 2316 unum
374 2278 634 2331 peccatum
681 2285 878 2331 possem
925 2269 1134 2331 plurima
1182 2279 1229 2317 et
1273 2270 1462 2317 maiora
1498 2279 1706 2331 peccata
1741 2269 1947 2316 aliorum

40 2344 308 2406 impedire,
356 2360 462 2391 non
497 2344 667 2391 liceret
703 2360 942 2406 peccare,
993 2344 1108 2405 quia
1144 2360 1245 2391 non
1283 2353 1393 2391 sunt
1430 2344 1659 2392 facienda
1695 2345 1848 2401 mala,
1897 2353 1948 2390 ut

42 2420 270 2467 eveniant
318 2419 466 2467 bona.
554 2419 603 2466 Si
654 2429 817 2466 autem
877 2419 1033 2480 agitur
1085 2420 1147 2466 de
1199 2419 1416 2481 peccatis
1461 2421 1672 2481 propriis
1721 2418 1985 2476 vitandis„

42 2509 154 2554 nego
187 2495 495 2556 suppositum,
535 2510 685 2540 unum
722 2502 983 2555 peccatum
1019 2509 1165 2555 posse
1203 2509 1308 2541 esse
1346 2495 1679 2542 necessarium
1717 2494 1779 2541 ad
1817 2494 1947 2540 aliud

42 2568 310 2616 vitandum.

123 2657 224 2698 Obi.
258 2671 300 2708 4.
359 2650 559 2698 Occisio
595 2650 809 2699 hominis
847 2660 919 2698 est
954 2652 1097 2709 mala,
1139 2651 1253 2712 quia
1286 2660 1358 2699 est
1383 2652 1574 2699 iniusta.
1624 2652 1777 2713 Atqui
1798 2665 1946 2698 nemo

42 2733 203 2786 potest
239 2725 331 2772 sibi
367 2725 593 2773 iniuriam
631 2727 828 2773 inferre.
900 2727 1038 2785 Ergo
1075 2726 1260 2773 occisio
1299 2726 1369 2774 sui
1406 2742 1509 2773 non
1547 2734 1618 2774 est
1654 2728 1795 2773 mala.

119 2815 268 2865 Resp.
339 2808 469 2854 Dist.
508 2809 617 2854 mai.
636 2826 649 2854 .·
695 2809 783 2854 Est
817 2809 972 2864 mala,
1013 2807 1127 2868 quia
1164 2807 1365 2866 iniusta,
1405 2810 1577 2855 saltem
1613 2823 1731 2869 erga
1767 2809 1944 2864 Deum,

43 2881 176 2928 cuius
213 2896 376 2928 servus
402 2882 657 2940 occiditur,
696 2898 832 2939 conc„
870 2883 1151 2930 necessario
1178 2898 1296 2943 erga
1320 2883 1588 2940 hominem,
1628 2898 1754 2942 nego.
1811 2883 1944 2929 Cone.

43 2956 151 3002 min.
189 2962 235 3001 et
267 2972 381 3016 nego
417 2972 534 3005 cons.

124 3045 224 3085 Obi.
260 3056 301 3097 5.
349 3040 484 3086 Reus
520 3040 641 3086 iuste
678 3040 742 3086 ad
779 3047 988 3086 mortem
1026 3038 1287 3085 damnatus
1324 3048 1484 3100 potest
1520 3039 1649 3085 iussu
1685 3037 1857 3084 iudicis
1895 3052 1945 3084 se

44 3109 201 3171 ipsum
248 3112 540 3161 interficere.
611 3114 750 3173 Ergo
796 3115 968 3161 saltem
1017 3113 1264 3161 interdum
1304 3122 1466 3175 potest
1506 3128 1636 3159 mors
1673 3112 1947 3159 voluntaria

48 3199 152 3233 esse
190 3186 336 3235 licita.

122 3278 337 3327 Resp.1.
404 3271 579 3318 Thesis
625 3271 840 3331 loquitur
888 3270 951 3317 de
999 3270 1251 3318 occisione
1297 3271 1367 3316 sui
1404 3270 1593 3331 privata
1630 3268 1945 3327 auctoritate3

44 3341 93 3388 in
130 3359 244 3390 casu
280 3353 443 3392 autem
479 3345 734 3406 proposito
772 3345 956 3392 occisio
993 3360 1096 3392 non
1132 3347 1270 3392 fieret
1305 3344 1494 3405 privata
1530 3343 1832 3390 auctoritate.
