2182 3682
228 180 331 229 268
623 190 736 218 PARS
771 190 818 220 11.
870 189 1187 219 PHILOSOPHIA
1221 189 1425 219 MORALIS
1460 167 1709 219 s'PEmALis.

227 342 395 390 usque
436 326 607 390 magis
647 324 1049 376 accumulantur
1075 325 1128 375 in
1156 324 1400 375 manibus
1439 341 1751 391 paucorum,
1795 323 1924 374 dum
1952 340 1982 373 e
2009 340 2130 374 con-

223 407 382 456 trario
441 424 692 457 numerus
751 406 1158 474 proletariorum
1216 424 1429 472 semper
1491 407 1551 457 fit
1613 407 1781 456 maior
1838 423 2130 472 eorumque
2180 405 2182 407 ’

224 489 470 539 condicio
522 506 733 555 semper
784 490 1034 539 miserior.
1128 489 1270 538 Nam
1322 488 1600 539 machinae
1652 506 1836 539 recens
1885 489 2131 538 inventae

224 572 495 638 operarios
543 572 775 622 reddunt
826 588 989 637 saepe
1043 570 1341 637 superfluos
1395 588 1688 637 eorumque
1738 571 1873 620 inter
1910 587 1968 620 se
2009 587 2169 620 cona

225 654 540 704 currentiam
593 662 818 719 augent,
874 671 982 719 quo
1035 653 1118 714 fit,
1175 660 1234 702 ut
1286 670 1473 702 eorum
1525 670 1730 702 merces
1779 669 1993 718 semper
2044 652 2131 702 de-

223 744 440 786 crescat.
498 736 742 785 Tandem
786 736 1119 801 pervenietur
1155 736 1225 784 ad
1267 736 1641 785 condicionem
1680 733 1932 785 socialem
1973 733 2131 800 plane

224 817 637 879 intolerabilem,
694 826 746 867 et
798 827 922 866 tunc
976 825 1089 867 tota
1140 818 1368 867 societas
1419 818 1519 867 sibi
1573 818 1785 883 arripiet
1839 816 2132 866 dominium

225 904 461 950 omnium
501 900 768 950 bonorum
809 900 1264 966 productivorum.

299 983 452 1048 Resp.
512 981 657 1032 Talis
698 982 1051 1032 centralisatio
1081 983 1375 1032 divitiarum
1407 991 1459 1032 et
1500 982 1869 1049 productionis
1911 981 2133 1031 fortasse

224 1065 402 1116 locum
454 1065 652 1114 habere
706 1074 916 1131 posset,
971 1065 1013 1114 si
1065 1065 1353 1114 auctoritas
1395 1065 1556 1115 civilis
1597 1065 1775 1115 omnia
1815 1063 2134 1130 relinqueret

225 1148 421 1198 liberae
450 1148 850 1197 concurrentiae
879 1155 931 1196 et
960 1147 1027 1196 ab
1059 1147 1202 1196 omni
1237 1148 1572 1212 protectione
1601 1146 1920 1197 debiliorum
1950 1154 2135 1196 contra

224 1230 328 1280 vim
371 1238 423 1279 et
475 1229 687 1279 fraudes
729 1229 1003 1279 fortiorum
1045 1229 1359 1289 abstineret,
1416 1239 1468 1278 et
1508 1229 1549 1278 si
1597 1237 1871 1295 praeterea
1911 1226 2136 1294 operarii

225 1321 278 1362 et
318 1312 546 1362 artifices
587 1311 731 1361 nullo
786 1312 1002 1362 foedere
1054 1312 1188 1361 inter
1228 1328 1284 1360 se
1337 1311 1692 1376 iungerentur.
1775 1309 1884 1360 Sed
1937 1309 2133 1376 passim

225 1395 328 1445 iam
371 1394 508 1444 latae
548 1402 670 1444 sunt
710 1395 882 1443 variae
924 1394 1072 1459 leges
1113 1394 1180 1442 ad
1223 1394 1587 1459 protegendas
1629 1392 1825 1443 classes
1865 1392 2135 1442 inferiores

226 1494 424 1543 easque
464 1476 734 1526 iuvandas.
817 1476 957 1526 Hinc
1000 1476 1158 1526 etiam
1200 1476 1268 1525 de
1310 1475 1452 1526 facto
1494 1494 1563 1526 ex
1602 1475 1870 1525 statisticis
1911 1473 2138 1540 publicis

228 1568 439 1610 constat
491 1568 543 1608 et
595 1559 753 1608 etiam
795 1576 826 1608 a
878 1558 1054 1608 multis
1104 1558 1383 1608 socialistis
1434 1559 1742 1624 agnoscitur
1794 1557 1979 1607 falsam
2020 1574 2136 1606 esse

228 1642 603 1692 assertionem:
675 1641 1049 1691 condicionem
1113 1640 1355 1691 classium
1423 1640 1755 1701 inferiorum,
1824 1639 2134 1706 praesertim

230 1724 606 1790 operariorum,
650 1724 700 1772 in
731 1724 843 1773 dies
884 1724 994 1773 fieri
1021 1724 1347 1773 miseriorem
1377 1732 1429 1773 et
1465 1740 1743 1772 numerum
1771 1722 2134 1789 operariorum

230 1806 413 1856 labore
455 1807 745 1855 carentium
786 1815 1046 1871 perpetuo
1078 1823 1329 1856 crescere.
1388 1804 1645 1870 Quamvis
1674 1805 1812 1854 enim
1855 1803 2131 1854 machinae

231 1890 280 1939 in
333 1888 510 1938 multis
561 1888 849 1954 suppleant
899 1887 1139 1938 laborem
1195 1888 1514 1949 humanum,
1574 1897 1753 1937 tamen
1803 1885 1955 1936 simul
2008 1903 2131 1935 cum

229 1988 409 2020 earum
460 1971 764 2020 inventione
816 1971 975 2020 etiam
1030 1970 1239 2036 plurimi
1290 1971 1413 2020 novi
1468 1969 1678 2019 labores
1733 1968 1949 2018 humani
2000 1967 2133 2018 fiunt

223 2053 517 2103 necessarii.
612 2053 890 2102 Praeterea
947 2052 1136 2102 falsum
1195 2062 1273 2102 est
1328 2070 1607 2102 numerum
1664 2051 2132 2118 proprietariorum

220 2137 271 2185 in
324 2135 438 2185 dies
489 2135 599 2185 fieri
651 2136 925 2185 minorem.
1009 2133 1270 2199 Quamvis
1322 2135 1459 2184 enim
1507 2136 1557 2184 in
1610 2134 1867 2184 industria
1918 2132 2132 2199 proprie

221 2219 364 2268 dicta
415 2235 664 2267 numerus
717 2218 1057 2283 negotiorum
1098 2218 1165 2267 ab
1207 2217 1318 2266 aliis
1370 2226 1736 2283 separatorum
1778 2225 1832 2266 et
1880 2216 2131 2281 indepen-

222 2300 461 2350 dentium
515 2299 607 2350 fiat
659 2301 854 2361 minor,
911 2300 1040 2349 dum
1096 2300 1412 2365 magnitudo
1455 2317 1639 2348 eorum
1680 2299 1893 2359 crescit,
1952 2305 2132 2348 tamen

221 2383 326 2432 hoc
378 2400 486 2432 non
534 2383 728 2432 accidit
767 2383 818 2432 in
861 2382 1110 2431 omnibus
1162 2382 1446 2448 provinciis
1497 2381 1785 2431 industriae
1836 2397 2011 2446 neque
2050 2396 2132 2429 ac-

223 2465 350 2515 cidit
388 2465 439 2514 in
479 2464 814 2530 agricultura.
871 2464 941 2514 Et
982 2473 1258 2530 praeterea
1298 2464 1435 2513 bene
1473 2464 1772 2513 notandum
1800 2472 1905 2512 est:
1950 2479 2130 2528 quam-

222 2548 298 2597 vis
326 2547 525 2596 maiora
552 2548 767 2612 negotia
797 2547 1000 2596 minora
1028 2546 1293 2596 interdum
1316 2547 1655 2606 absorbeant,
1686 2554 1867 2595 tamen
1895 2552 2131 2611 propter-

223 2646 284 2678 ea
325 2646 577 2678 numerus
629 2629 1098 2695 proprietariorum
1139 2646 1246 2678 non
1288 2629 1586 2678 necessario
1628 2628 1687 2677 fit
1728 2628 1912 2677 minor.
1994 2625 2131 2676 Cum

222 2711 362 2760 enim
402 2709 578 2777 plures
619 2710 848 2760 fabricae
876 2710 959 2760 vel
1002 2710 1215 2759 fodinae
1244 2710 1294 2759 in
1325 2727 1486 2759 unum
1518 2710 1795 2776 negotium
1824 2710 2128 2774 iunguntur,

223 2793 277 2843 id
333 2792 391 2842 fit
447 2792 759 2858 plerumque
814 2792 918 2842 hoc
975 2793 1171 2852 modo,
1231 2800 1287 2842 ut
1341 2791 1619 2858 singularis
1677 2809 1932 2858 persona,
1995 2806 2131 2856 quae

223 2876 499 2940 hucusque
559 2874 812 2924 fabricam
871 2874 954 2924 vel
1016 2874 1252 2924 fodinam
1312 2875 1579 2940 possedit,
1643 2891 1760 2923 eam
1815 2874 1993 2923 tradat
2049 2889 2129 2921 so-

225 2957 401 3008 cietati
451 2957 721 3006 actionum
777 2965 939 3022 atque
994 2957 1065 3005 ita
1121 2955 1241 3006 loco
1299 2957 1453 3005 unius
1507 2955 1841 3021 proprietarii
1894 2955 1999 3004 iam
2050 2961 2132 3004 tot

225 3039 401 3088 adsint
440 3038 797 3104 proprietarii,
853 3044 985 3103 quot
1024 3047 1145 3087 sunt
1185 3055 1522 3104 possessores
1563 3038 1847 3088 actionum.
1929 3035 2007 3086 Cf.
2062 3036 2130 3085 de

225 3122 305 3170 his
345 3119 497 3186 plura
535 3122 586 3169 in
646 3118 1091 3170 «Socialismus»8
1151 3121 1248 3169 108
1288 3137 1406 3185 sqq.
1499 3119 1748 3169 Ceterum
1802 3117 2130 3184 impossibile

226 3220 368 3264 esse,
430 3211 487 3252 ut
547 3203 723 3251 omnia
782 3201 925 3251 bona
985 3202 1299 3267 productiva
1355 3201 1705 3251 communiter
1758 3201 2131 3268 possideantur

228 3301 258 3334 a
297 3292 411 3333 tota
452 3284 662 3334 civitate
703 3301 772 3333 ex
811 3284 871 3332 iis
922 3284 1150 3349 patebit,
1206 3300 1344 3349 quae
1383 3284 1434 3332 in
1475 3283 1714 3333 secunda
1754 3291 1903 3349 parte
1943 3282 2132 3332 dicturi

229 3383 425 3415 sumus
