2182 3682
591 167 743 195 CAPUT
776 167 817 194 V.
869 167 931 195 DE
965 166 1085 194 LEGE
1119 165 1375 194 NATURALI.
1833 171 1923 220 141

38 304 246 354 naturis.
329 301 524 368 Quoad
575 301 838 367 posterius
890 308 1066 348 autem
1119 298 1440 348 elementum
1494 301 1623 349 ratio
1663 318 1719 350 se
1771 301 1934 350 habet

39 402 134 452 per
172 384 394 434 modum
434 381 683 432 naturalis
723 381 999 447 praeconis
1040 380 1247 429 divinae
1285 380 1597 442 voluntatis,
1642 399 1776 447 quae
1816 399 1933 447 pro-

40 467 149 533 prie
191 473 270 515 est
311 480 470 515 causa
509 463 743 513 efficiens
784 462 1138 526 obligationis.

115 560 289 610 Sclzol.
333 574 379 609 2.
436 559 521 608 Ex
563 559 717 608 dictis
757 559 824 608 de
865 566 1051 607 natura
1084 565 1136 606 et
1177 557 1379 622 origine
1408 555 1747 622 obligationis
1788 566 1935 623 patet

38 659 183 703 eum,
239 642 328 707 qui
367 641 602 706 sequitur
643 641 909 690 dictamen
963 646 1137 689 rectae
1178 639 1393 688 rationis
1443 639 1813 704 praecipientis
1853 639 1934 689 vel

39 723 384 791 prohibentis,
428 721 680 788 implicite
720 739 777 771 se
806 721 1139 771 conformare
1167 719 1425 770 voluntati
1466 720 1672 769 divinae
1700 737 1791 769 seu
1833 720 1935 785 legi

40 813 299 866 aeternae,
344 811 396 853 et
437 804 668 869 quidem,
711 805 753 852 si
795 804 926 853 ratio
968 803 1019 852 in
1060 801 1357 869 particulari
1401 811 1542 851 recte
1575 802 1784 862 iudicat,
1829 819 1935 851 non

39 886 211 937 solum
251 887 303 936 in
343 886 545 935 ratione
585 885 815 946 volendi,
858 885 954 935 sed
996 885 1157 934 etiam
1196 885 1247 933 in
1289 901 1342 933 re
1382 883 1558 933 volita.

46 1026 187 1091 165.
270 1026 444 1078 Schol.
479 1043 534 1091 3.
592 1027 805 1077 Praeter
843 1044 1002 1093 supra
1042 1026 1291 1076 refutatas
1332 1025 1587 1092 plurimae
1615 1034 1736 1075 sunt
1764 1042 1935 1075 recen-

39 1109 229 1159 tiorum
260 1109 651 1160 incredulorum
681 1110 749 1159 de
778 1117 963 1158 natura
991 1108 1332 1174 obligationis
1360 1108 1621 1157 absurdae
1644 1108 1935 1174 opiniones,

41 1208 173 1258 quas
224 1199 403 1242 tamen
442 1191 735 1242 accuratius
776 1191 1000 1241 refutare
1040 1208 1149 1240 non
1199 1189 1354 1249 libet,
1407 1190 1530 1256 quia
1570 1190 1764 1255 apertis
1805 1207 1938 1239 erro-

41 1273 197 1335 ribus,
232 1274 538 1339 praesertim
575 1272 946 1324 materialismo
976 1280 1066 1323 aut
1093 1271 1445 1339 pantheismo‚
1476 1272 1775 1321 innituntur.
1833 1272 1938 1336 (De

38 1355 118 1405 his
158 1356 499 1421 opinionibus
538 1356 686 1417 vide,
729 1356 771 1405 si
811 1355 955 1416 libet,
998 1353 1299 1420 Moralphil.
1343 1354 1365 1402 I
1408 1367 1509 1418 332
1541 1355 1681 1420 sqq.)
1759 1353 1937 1404 Unam

35 1443 215 1488 tamen
243 1438 504 1488 eiusmodi
532 1438 834 1504 opinionem
879 1437 963 1487 hic
1004 1437 1232 1486 breviter
1258 1436 1560 1502 speciminis
1603 1435 1769 1501 gratia
1798 1453 1937 1485 corn-

38 1536 332 1570 memorare
372 1521 530 1570 iuvat.

114 1607 417 1658 Herbertus
458 1607 688 1674 §pencer
728 1609 890 1672 (Data
931 1607 991 1657 of
1025 1607 1209 1657 Ethics
1248 1605 1284 1675 ξ
1310 1619 1408 1671 473
1454 1606 1518 1657 cf.
1560 1624 1720 1673 supra
1760 1624 1808 1657 n.
1849 1607 1938 1671 79)

41 1691 114 1740 ita
154 1690 260 1740 fere
300 1708 370 1740 ex
408 1708 505 1740 sua
544 1690 748 1740 theoria
788 1689 1106 1739 evolutionis
1135 1689 1402 1755 explicare
1431 1697 1654 1739 conatur
1681 1688 1938 1754 originem

43 1782 95 1823 et
134 1781 375 1822 naturam
417 1772 772 1839 obligationis,
816 1789 978 1838 quam
1019 1772 1068 1821 in
1110 1772 1577 1844 nobis‘zsentimus.
1647 1756 1940 1835 Distinguit

41 1854 242 1921 duplex
282 1871 451 1920 genus
490 1854 845 1915 sanclionmn,
901 1871 1036 1943 quae
1077 1854 1399 1903 activitatem
1440 1862 1675 1902 nostram
1716 1850 1940 1901 limitant

41 1946 93 1987 et
139 1938 485 2003 restringunt:
540 1936 842 1987 sanctiones
884 1944 1202 1985 mmmmm
1241 1944 1294 1985 et
1334 1935 1677 1984 (ifrssxlmccas
1759 1934 1939 1983 Intrin-

44 2036 201 2069 secae
259 2027 381 2069 sunt
438 2019 563 2068 varii
623 2019 844 2068 effectus
910 2018 1033 2067 mali
1092 2017 1328 2081 (dolmes
1387 2026 1438 2066 et
1498 2017 1739 2079 damna),
1810 2032 1944 2085 quos

50 2086 170 2172 cum
212 2101 509 2151 actionibus
549 2100 740 2151 nostris
781 2099 1087 2166 regulariter
1123 2099 1437 2149 coniunctos
1465 2116 1579 2148 esse
1620 2098 1945 2164 experientia

48 2166 309 2233 discimus.
367 2183 485 2233 Hac
527 2184 832 2249 cognitione
874 2183 941 2232 ab
982 2181 1080 2231 illis
1121 2182 1419 2232 actionibus
1460 2181 1783 2231 retrahimur.
1839 2179 1942 2229 Ac-

47 2258 244 2316 cedunt
295 2265 489 2316 deinde
539 2266 843 2315 sanctiones
898 2265 1167 2314 actionum
1219 2264 1582 2323 cr‘ssw‘tlmucaz,
1636 2262 1726 2312 scl
1781 2270 1944 2311 nmo]

46 2348 299 2398 variarum
330 2356 852 2413 p0e72a72t712,quae
894 2347 1154 2413 quasdam
1196 2347 1433 2396 actiones
1474 2345 1712 2395 comitari
1752 2343 1942 2393 solent.

47 2428 443 2499 AntiqulsS1m1s
493 2430 852 2496 temporibuS,
908 2429 1126 2495 quando
1179 2428 1422 2478 homines
1464 2427 1642 2477 adhuc
1681 2426 1945 2476 silvestres

50 2512 308 2578 gregatim
361 2530 456 2578 per
506 2512 662 2562 silvas
703 2520 756 2561 et
796 2528 1017 2577 campos
1069 2511 1355 2560 bestiarum
1408 2527 1557 2559 more
1597 2509 1942 2574 vagabantur,

49 2594 246 2645 multae
301 2595 537 2644 actiones
588 2594 768 2644 evitari
823 2593 1097 2643 debebant
1146 2610 1214 2643 ex
1270 2594 1458 2642 timore
1509 2609 1632 2641 mac
1681 2607 1945 2640 sommum

50 2676 301 2727 ferocium
350 2676 572 2741 (sanctio
624 2675 868 2740 socialis).
950 2676 1166 2736 Postea,
1222 2675 1439 2741 quando
1492 2691 1628 2723 unus
1679 2673 1947 2723 sociorum

50 2759 269 2809 audacia
320 2767 371 2808 et
426 2759 640 2825 ingenio
697 2757 905 2825 pollens
959 2758 1313 2824 principatum
1366 2756 1692 2815 obtinuerat,
1751 2753 1947 2804 multae

50 2842 285 2892 actiones
326 2842 498 2891 omitti
538 2841 836 2902 debebant,
887 2841 1009 2906 quia
1049 2840 1117 2909 ab
1158 2840 1275 2906 ipso
1305 2838 1557 2903 principe
1596 2837 1950 2903 puniebantur

53 2924 275 2988 (sanctio
298 2923 495 2987 civilis).
544 2923 791 2989 Denique
813 2923 1036 2973 accessit
1056 2911 1213 2971 timor
1231 2920 1542 2987 animarum
1565 2920 1947 2984 defunctorum,

53 3005 362 3071 praesertim
413 3004 650 3055 defuncti
700 3005 975 3071 principis,
1030 3019 1168 3069 quae
1220 3003 1357 3053 circa
1407 2990 1649 3068 sepulcra
1689 3015 1858 3049 errare
1899 3008 1951 3047 et

53 3087 312 3152 quasdam
352 3087 589 3137 actiones
621 3086 795 3137 adhuc
836 3086 1023 3152 punire
1063 3085 1389 3151 putabantur
1416 3083 1638 3148 (sanctio
1668 3080 1947 3145 religiosa).

11 3173 16 3174 ⁷
52 3168 132 3218 Ita
181 3169 376 3219 sensim
425 3169 537 3219 sine
587 3186 745 3219 sensu
787 3167 1202 3234 cooperantibus
1241 3165 1340 3215 illis
1379 3164 1740 3215 sanctionibus
1779 3162 1952 3211 intrin-

55 3249 188 3300 secis
215 3259 269 3300 et
295 3251 604 3301 extrinsecis
632 3267 755 3301 cum
777 3249 956 3300 multis
984 3248 1280 3299 actionibus
1301 3263 1511 3312 semper
1533 3243 1953 3309 coniungebatur

57 3330 178 3381 idea
209 3331 492 3382 coactionis
517 3348 611 3382 seu
652 3331 1008 3397 obligationis
1064 3328 1321 3379 Paulatim
1351 3328 1544 3377 deinde
1586 3343 1680 3392 per
1706 3325 1951 3376 idearum
