2182 3682
224 168 325 231 176
624 180 737 209 PARS
772 180 800 210 1.
853 181 1165 211 PHILOSOPHIA
1202 183 1404 212 MORALIS
1439 184 1718 216 GENERALIS.

291 325 441 374 Resp.
478 331 589 363 cum
627 317 673 364 S.
701 317 975 379 Alpbonso:
1008 319 1138 366 Dist.
1167 324 1310 367 antec.
1329 337 1344 366 .·
1377 321 1495 367 Hoc
1520 320 1790 383 aliquando
1815 321 1922 369 fieri
1945 330 2121 384 potest,

211 391 249 437 Si
285 399 493 453 utraque
529 391 701 453 opinio
739 408 799 440 ex
835 393 1014 440 eodem
1052 393 1378 442 fundamento
1414 396 1666 456 procedit,
1714 411 1861 457 cona,
1901 397 1998 444 hoc
2034 413 2124 459 per

211 481 261 512 se
289 474 336 513 et
360 466 634 527 generatim
658 469 723 526 fit,
756 468 943 515 subdist.
965 485 977 514 .·
1013 468 1053 515 si
1078 483 1302 516 excessus
1327 470 1685 531 probabilitatis
1709 471 1850 519 unius
1876 471 2124 534 opinionis

210 555 331 602 prae
367 540 463 587 alia
498 541 557 589 sit
592 550 766 599 tantus,
806 551 856 589 ut
892 543 1069 590 eadem
1105 544 1364 605 perveniat
1399 544 1462 591 ad
1499 545 1845 594 certitudinem
1870 546 2125 609 quandam

208 616 450 663 moralem
475 617 571 663 late
597 616 795 674 dictam,
833 632 970 674 conc„
1008 633 1163 676 secus,
1190 633 1317 678 nego.
1370 615 1463 681 (Cf.
1490 620 1653 677 Frick,
1691 621 1881 682 Logica
1915 637 1963 668 n.
1993 616 2122 684 209.)

209 691 321 751 Ipse
370 690 416 738 S.
454 689 740 752 Alphonsus
789 692 1061 739 sexcenties
1108 692 1158 739 in
1207 693 1303 740 suis
1351 694 1584 755 operibus
1631 710 1780 742 unam
1829 695 2124 743 sententiam

209 773 355 812 vocat
390 765 756 827 probabiliorem
805 775 854 813 et
891 766 1210 814 nihilominus
1248 769 1453 815 alteram
1491 769 1790 816 contrariam
1815 771 2122 832 probabilem.

210 841 298 886 Illa
344 839 609 887 similitudo
658 841 720 888 de
756 841 953 888 bilance
992 838 1060 903 (ut
1094 841 1193 889 iam
1229 843 1419 890 notavit
1454 843 1502 890 S.
1541 845 1814 906 Alplzonsus
1849 845 1900 892 in
1936 845 2125 892 Disser-

207 915 392 962 tatione
440 915 931 963 scholastico-morali
976 932 1068 978 pro
1115 932 1203 965 uso
1251 918 1510 966 moderato
1559 918 1806 981 opinionis
1854 919 2125 981 probabilis

208 990 258 1036 in
296 1005 539 1037 concursu
575 990 926 1052 probabilioris
960 1007 1009 1039 n.
1043 988 1119 1052 16)
1157 1007 1259 1039 non
1297 1000 1369 1040 est
1405 993 1469 1040 ad
1505 1009 1640 1054 remg
1677 995 1954 1042 intellectus
1991 994 2121 1042 enim

207 1080 308 1112 non
356 1066 638 1113 necessario
687 1065 957 1113 rationibus
1003 1081 1107 1113 non
1156 1067 1465 1115 evidentibus
1513 1076 1738 1116 movetur
1789 1069 1913 1117 sicut
1956 1069 2126 1117 bilanx

207 1140 537 1202 ponderibus,
587 1140 675 1188 sed
721 1149 885 1202 potest
931 1157 991 1188 ex
1037 1141 1248 1203 imperio
1285 1142 1547 1190 voluntatis
1587 1143 1860 1191 adhaerere
1899 1143 2125 1206 opinioni

207 1215 368 1262 minus
404 1215 651 1277 probabili
687 1215 838 1276 idque
876 1216 1161 1278 prudenter,
1204 1216 1242 1264 si
1279 1218 1381 1264 eius
1419 1218 1741 1279 probabilitas
1778 1226 1852 1266 est
1887 1227 2035 1277 certa,
2073 1227 2126 1266 ut

207 1298 491 1353 supponunt
527 1291 893 1352 probabilistae.

292 1387 393 1427 Obi.
431 1389 468 1427 6.
537 1382 594 1426 In
633 1379 784 1427 dubio
821 1381 998 1427 melior
1035 1389 1108 1428 est
1144 1380 1376 1428 condicio
1414 1381 1725 1442 possidentis.
1786 1382 1941 1444 Atqui
1972 1381 2011 1429 si
2046 1383 2126 1430 lex

210 1463 345 1502 certo
383 1454 561 1501 exstitit
597 1462 644 1502 et
680 1454 883 1502 dubium
922 1464 1006 1513 est,
1044 1472 1164 1502 num
1202 1457 1461 1512 cessaverit,
1499 1455 1606 1518 ipsa
1639 1465 1711 1504 est
1735 1456 1785 1504 in
1811 1457 2125 1519 possessione

211 1538 384 1577 contra
420 1530 710 1577 libertatem.
781 1530 920 1590 Ergo
957 1532 1128 1578 saltem
1163 1530 1215 1577 in
1251 1531 1348 1578 hoc
1384 1546 1499 1578 casu
1536 1530 1736 1593 obligat.

287 1621 438 1670 Resp.
502 1612 633 1659 Dz'st.
672 1613 815 1659 mai:
860 1613 976 1660 Hoc
1025 1612 1324 1674 principium
1370 1613 1501 1661 valet
1546 1612 1597 1659 in
1645 1613 1851 1661 materia
1895 1612 2120 1671 iustitiae,

208 1703 354 1744 cone,
392 1687 523 1734 valet
558 1695 694 1734 extra
730 1687 987 1735 materiam
1024 1687 1231 1735 iustitiae
1267 1687 1318 1735 in
1356 1688 1576 1735 favorem
1614 1687 1736 1750 legis
1773 1696 1947 1735 contra
1981 1687 2123 1735 liber·

208 1770 384 1821 tatem,
429 1762 651 1809 subdier:
698 1762 735 1808 si
770 1763 928 1824 agitur
964 1762 1027 1810 de
1065 1763 1217 1810 dubio
1255 1777 1390 1810 mere
1426 1762 1658 1824 negativo
1696 1762 1829 1810 circa
1864 1762 1986 1824 legis
2023 1777 2125 1810 ces-

209 1836 477 1895 sationem,
527 1853 671 1894 conc.,
722 1836 760 1884 si
801 1838 864 1884 de
902 1837 1053 1885 dubio
1091 1837 1302 1899 positivo
1341 1833 1387 1898 (i.
1427 1853 1467 1885 e.
1507 1837 1546 1884 si
1582 1852 1699 1885 vere
1735 1846 1784 1885 et
1819 1837 1976 1885 solide
2012 1851 2122 1899 pro-

208 1911 373 1959 babile
411 1920 483 1959 est
518 1913 681 1973 legem
719 1908 969 1973 cessasse),
1008 1927 1135 1972 rego.
1196 1913 1310 1974 Ipse
1335 1912 1383 1959 S.
1411 1912 1683 1974 Alpbonsus
1717 1928 1820 1959 non
1857 1911 2123 1960 universim

208 1986 326 2033 illud
363 1986 660 2048 principium
704 1987 937 2034 adversus
973 1987 1250 2034 libertatem
1288 1986 1511 2035 admittit.
1586 1987 1666 2034 Sic
1701 2003 1745 2034 v.
1784 2002 1829 2048 g.
1869 2002 2023 2048 agens
2058 1987 2122 2034 de

209 2061 565 2109 consuetudine
613 2062 880 2109 inducente
928 2063 1049 2123 legis
1097 2062 1424 2109 cessationem
1467 2062 1556 2109 ait:
1613 2063 1700 2108 «In
1735 2062 1871 2109 dubio
1907 2062 1970 2110 de
2007 2077 2123 2109 con-

207 2136 464 2184 suetudine
488 2136 710 2198 possidet
733 2146 1069 2199 praeceptum,
1098 2137 1231 2184 unde
1257 2137 1475 2199 petenda
1500 2145 1572 2184 est
1597 2136 1930 2198 dispensati03
1963 2151 2119 2195 secuS,

207 2211 246 2258 si
282 2212 530 2273 probabile
565 2211 625 2258 sit
660 2212 834 2259 adesse
872 2211 1314 2259 consuetudinem»
1357 2207 1551 2273 (Theol.
1590 2226 1712 2258 mor.
1753 2212 1781 2258 l.
1821 2227 1864 2272 3,
1907 2227 1956 2258 n.
1999 2228 2121 2272 2903

208 2286 268 2333 cf.
297 2285 444 2334 etiam
470 2288 498 2334 l.
528 2302 572 2346 3,
611 2303 657 2334 n.
692 2304 797 2344 112,
841 2303 886 2348 q.
915 2282 979 2347 3).
1029 2288 1190 2334 Immo
1227 2286 1390 2333 adhuc
1426 2285 1476 2332 in
1512 2285 1682 2333 ultima
1719 2285 1938 2333 editione
1962 2286 2122 2333 Theo-

207 2362 367 2422 logiae
404 2362 618 2419 moralis,
658 2377 786 2423 quae
822 2362 1018 2409 vivente
1046 2362 1091 2408 S.
1119 2363 1343 2408 Doctore
1374 2360 1507 2408 edita
1533 2369 1619 2419 est,
1658 2361 1723 2408 ad
1749 2361 2118 2422 quaestionem:

212 2435 377 2496 «Quid
412 2436 462 2482 in
499 2436 676 2495 dubio,
727 2452 790 2483 an
828 2436 1109 2499 impleveris
1145 2436 1369 2498 legem?»
1422 2435 1776 2497 respondetur:
1833 2436 1920 2482 «In
1967 2435 2119 2482 dubio

207 2513 426 2571 negativo
461 2512 643 2559 teneris
680 2512 903 2574 implere,
943 2527 1083 2558 secus
1120 2510 1168 2557 in
1197 2512 1428 2573 positivo»
1473 2506 1520 2570 (l.
1565 2527 1603 2567 1,
1642 2525 1690 2557 n.
1730 2505 1826 2571 99).

290 2600 391 2640 Obi.
427 2610 465 2651 7.
533 2594 729 2651 Peccat,
769 2593 853 2655 qui
889 2608 941 2641 se
979 2593 1181 2655 exponit
1216 2591 1437 2654 periculo
1474 2591 1693 2639 violandi
1728 2593 1904 2653 legem.
1970 2591 2126 2653 Atqui

209 2667 531 2729 probabilista
568 2684 619 2716 se
657 2668 859 2731 exponit
895 2668 963 2714 illi
999 2667 1236 2730 periculo.
1308 2667 1448 2727 Ergo
1482 2674 1673 2728 peccat.

286 2759 436 2808 Resp.
470 2770 504 2797 ι.
577 2750 846 2809 Indirecte,
896 2749 1234 2812 retorquendo
1271 2756 1615 2810 argumentum
1652 2757 1826 2796 contra
1862 2748 2121 2810 aequipro-

207 2825 459 2873 babilistas
496 2835 543 2873 et
578 2825 1015 2887 probabilioristas.
1555 2871 1559 2874 .

286 2916 437 2966 Resp.
471 2927 515 2954 2.
581 2908 714 2955 Dz‘st.
752 2909 859 2953 mai.
879 2925 893 2954 .·
938 2908 1143 2964 Peccat,
1193 2905 1278 2967 qui
1313 2919 1365 2953 se
1403 2904 1607 2966 exponit
1643 2903 1864 2966 periculo
1900 2903 2119 2951 violandi

208 2983 384 3043 legem,
423 2981 486 3029 de
524 2998 622 3043 qua
650 2981 852 3028 dubium
889 2989 1069 3040 manet,
1107 2988 1267 3028 utrum
1302 2980 1378 3026 liic
1409 2985 1455 3026 et
1487 2995 1610 3026 nunc
1643 2979 1843 3040 obliget,
1881 2993 2017 3035 conc„
2054 2977 2118 3025 de
2181 2972 2182 3026 ξ

210 3072 307 3117 qua
354 3064 542 3104 certum
588 3064 662 3104 est
708 3071 844 3115 eam,
894 3055 981 3103 etsi
1031 3057 1236 3102 fortasse
1281 3054 1500 3111 exsistat,
1550 3062 1715 3100 tamen
1763 3053 1845 3100 hic
1892 3061 1941 3099 et
1985 3067 2118 3099 nunc

209 3139 367 3178 stante
413 3130 687 3178 invincibili
726 3129 1003 3192 ignorantia
1039 3145 1142 3177 non
1179 3129 1426 3190 obligare,
1475 3143 1601 3188 nego.
1679 3127 1966 3175 Contradist.
2004 3127 2115 3174 min.

209 3212 256 3252 et
288 3221 402 3266 nego
437 3221 555 3253 cons.

293 3294 395 3335 obi.
430 3296 470 3334 8.
539 3283 608 3347 (P.
645 3287 859 3334 Wouters
894 3286 949 3334 C.
990 3286 1072 3333 SS.
1111 3287 1172 3332 R.
1209 3285 1260 3332 in
1303 3285 1561 3347 periodico
1603 3285 1787 3331 «Divus
1821 3278 2116 3344 Thomas»):

211 3362 346 3408 Deus
396 3360 570 3422 nequit
619 3360 974 3408 rationabiliter
1024 3360 1309 3421 permittere
1360 3375 1419 3406 ac
1469 3358 1681 3420 proinde
1731 3372 1833 3404 non
1883 3355 2118 3419 permittit
