2182 3682
473 190 560 219 LIB.
596 190 642 219 ΙΙ.
689 190 788 219 CAP.
823 189 870 219 11.
917 189 978 218 DE
1013 189 1269 218 SOCIETATE
1304 190 1587 220 DOMESTICA.
1877 195 1974 244 341

91 327 240 378 facile
281 326 632 375 determinare
673 326 932 375 eiusmodi
972 326 1252 374 varietates
1293 326 1815 388 circumstantiarum,
1861 329 1981 378 ideo

86 409 182 470 illi,
226 425 294 457 ex
335 407 482 457 cuius
522 407 836 456 auctoritate
875 405 963 455 lex
1003 405 1294 455 efficaciam
1334 406 1522 466 habet,
1567 417 1881 469 reservatur,
1927 419 1984 459 ut

88 490 351 540 licentiam
391 488 646 554 praebeat
686 488 860 553 legem
901 488 1357 553 praetermittendi
1396 488 1447 537 in
1487 486 1585 537 illis
1625 489 1861 550 casibus,
1914 492 1982 540 ad

88 588 225 638 quos
265 570 396 636 legis
436 569 671 620 efficacia
712 587 818 619 non
860 570 1150 619 extendere
1189 586 1246 619 se
1287 569 1474 630 debet,
1529 578 1582 619 et
1621 569 1737 619 talis
1776 570 1985 622 licentia

89 653 413 719 dispensatio
465 653 703 702 dicitur.»
785 651 904 700 Lex
956 659 1135 700 autem
1176 651 1244 700 de
1296 651 1496 700 unitate
1547 652 1726 700 uxoris
1767 661 1846 701 est
1897 652 1985 702 lex

88 735 262 785 divina
302 734 578 795 naturalis,
633 742 685 783 et
725 733 847 782 ideo
888 734 940 782 in
980 733 1079 782 hac
1120 749 1151 782 a
1189 732 1306 782 solo
1349 733 1469 782 Deo
1511 733 1835 799 dispensatio
1875 734 1985 784 fieri

87 817 259 884 potuit
309 833 404 882 per
443 816 841 882 inspirationem
882 816 1141 864 internam
1179 815 1375 865 sanctis
1421 815 1729 881 patriarchis
1770 815 1980 877 factam,

93 916 217 964 «per
267 915 493 964 quorum
545 896 854 963 exemplum
904 897 971 946 ad
1024 896 1154 947 alios
1207 898 1440 946 derivata
1492 906 1571 947 est
1612 914 1676 947 eo
1724 906 1981 963 tempore,

85 997 195 1047 quo
236 980 523 1045 oportebat
575 980 908 1045 praedictum
955 988 1172 1028 naturae
1222 986 1568 1045 praeceptum
1620 981 1981 1045 praetermitti,

86 1070 143 1111 ut
183 1062 349 1111 maior
389 1070 527 1111 esset
568 1060 936 1126 multiplicatio
979 1060 1141 1126 prolis
1181 1062 1246 1110 ad
1290 1061 1489 1111 cultum
1520 1061 1623 1110 Dei
1655 1063 1980 1112 educandae.

84 1143 310 1210 Semper
350 1144 488 1193 enim
542 1142 876 1209 principalior
929 1143 1045 1192 finis
1086 1144 1256 1209 magis
1297 1143 1664 1193 observandus
1705 1152 1784 1193 est
1825 1162 1984 1210 quam

82 1226 441 1276 secundarius
524 1226 685 1277 Unde
726 1243 846 1275 cum
897 1226 1098 1275 bonum
1153 1225 1315 1291 prolis
1354 1227 1419 1275 sit
1473 1225 1773 1292 principalis
1813 1228 1983 1276 matri-

84 1308 245 1358 monii
297 1308 440 1369 finis,
495 1309 583 1358 ubi
636 1307 797 1374 prolis
849 1307 1216 1373 multiplicatio
1269 1309 1564 1358 necessaria
1611 1317 1745 1369 erat,
1801 1309 1985 1359 debuit

83 1389 296 1456 neglegi
324 1391 391 1440 ad
433 1400 645 1457 tempus
681 1391 1138 1456 impedimentum,
1183 1391 1331 1456 quod
1374 1400 1556 1456 posset
1583 1391 1634 1440 in
1662 1392 1985 1442 secundariis

83 1473 275 1523 finibus
315 1474 550 1536 evenire3
594 1474 661 1523 ad
691 1474 838 1539 quod
882 1474 1265 1523 removendum
1308 1483 1654 1540 praeceptum
1695 1476 1985 1541 prohibens

82 1554 437 1622 pluralitatem
479 1573 707 1606 uxorum
749 1556 1049 1606 ordinatur»
1098 1556 1394 1622 ffiupplem.
1440 1574 1487 1622 q.
1534 1558 1619 1621 65,
1663 1575 1692 1607 a
1735 1559 1802 1621 2).

84 1701 231 1766 445·
316 1719 420 1759 Obi.
485 1712 623 1771 Ergo
660 1712 781 1759 falso
823 1712 939 1759 alibi
976 1708 1039 1771 (n.
1085 1707 1193 1773 183)
1232 1713 1524 1760 affirmatum
1574 1722 1646 1761 est
1682 1715 1844 1761 Deum
1880 1730 1983 1761 non

81 1801 227 1847 posse
263 1786 550 1847 dispensare
586 1786 636 1832 in
673 1787 783 1848 lege
820 1788 1039 1834 naturali.

159 1885 309 1933 Resp.
377 1875 516 1936 Nego
551 1878 668 1923 illas.
731 1876 905 1937 Agitur
946 1876 1076 1923 enim
1126 1878 1175 1924 in
1212 1879 1305 1924 hac
1354 1878 1416 1925 de
1455 1879 1729 1939 pluralitate
1776 1894 1981 1926 uxorum

79 1951 188 2011 lege
225 1951 288 1998 de
326 1951 693 2012 dispensatione
731 1967 865 1998 mere
903 1952 1157 2000 indirecta.
1218 1952 1461 2000 Nimirum
1498 1955 1576 2000 lex
1610 1953 1842 2001 naturalis
1878 1971 1981 2002 non

78 2026 298 2072 absolute
335 2026 566 2087 prohibet
612 2026 741 2072 hanc
779 2027 1132 2087 pluralitatem,
1182 2028 1270 2075 sed
1307 2029 1463 2075 solum
1510 2029 1839 2085 condicionale‚
1889 2030 1982 2076 nisi

78 2101 214 2147 Deus
262 2101 561 2147 contrarium
596 2101 859 2163 permittat.
933 2102 978 2149 Si
1031 2117 1150 2163 ergo
1189 2104 1323 2151 Deus
1371 2103 1630 2164 permittit,
1680 2104 1778 2150 iam
1825 2114 1981 2152 cessat

78 2173 183 2235 ipsa
219 2175 297 2222 lex
332 2184 535 2237 propter
571 2184 804 2223 mutatam
842 2176 1112 2225 materiam.

393 2336 421 2390 ξ
456 2348 494 2390 5.
543 2340 622 2377 DE
655 2340 1021 2378 MATRIMONH
1053 2341 1655 2381 INDISSOLL'BILITATE.

772 2464 1040 2513 THESIS
1078 2467 1275 2514 LXIX.

77 2575 224 2628 447.
308 2573 616 2620 Vinculum
655 2575 896 2637 coniugii
932 2576 1053 2624 iure
1094 2584 1326 2625 naturae
1363 2578 1438 2626 ita
1462 2578 1848 2628 indissolubile
1877 2589 1975 2638 est,

76 2654 137 2694 ut
173 2662 285 2695 non
324 2648 429 2695 nisi
466 2649 796 2697 auctoritate
834 2650 1019 2698 divina
1055 2651 1196 2699 solvi
1234 2660 1416 2714 queat.

303 2754 368 2808 (S.
410 2760 563 2807 Thema,
601 2760 646 2800 C.
682 2768 796 2813 gent.
831 2762 856 2801 l.
894 2772 931 2811 3,
969 2776 1002 2802 c.
1044 2773 1148 2813 1233
1186 2764 1399 2816 Supplem.
1435 2779 1473 2816 q.
1510 2765 1578 2813 67,
1613 2766 1746 2818 a.·1.)

147 2861 235 2915 S‘t.
282 2863 356 2931 Q.
446 2883 485 2917 Ι.
542 2869 942 2920 Matrimonium
994 2890 1089 2938 per
1139 2890 1195 2923 se
1246 2873 1436 2924 stabile
1489 2892 1604 2925 esse
1657 2876 1853 2926 debere
1906 2895 1974 2927 ex

72 2945 208 2997 thesi
235 2948 419 2999 LXVI
447 2949 634 3002 elucet.
691 2952 795 3003 Hic
836 2953 1051 3004 ulterius
1091 2956 1429 3021 probandum
1462 2966 1540 3006 est
1582 2959 1973 3008 matrimonium

73 3036 256 3079 natura
306 3048 399 3082 sua
446 3032 607 3082 talem
654 3035 869 3100 exigere
898 3038 1323 3101 peremzil‘alem,
1376 3048 1433 3088 ut
1485 3057 1659 3106 neque
1699 3039 1972 3091 voluntate

71 3110 307 3176 ipsorum
360 3115 650 3181 coniugum
703 3117 1018 3180 (solubilitas
1072 3121 1374 3185 intrinseca)
1428 3139 1601 3187 neque
1655 3123 1971 3174 auctoritate

71 3194 368 3246 extrinseca
407 3214 552 3247 mere
591 3198 821 3250 humana
861 3201 995 3251 intra
1035 3203 1275 3252 ordinem
1305 3203 1595 3253 naturalem
1631 3203 1763 3254 solvi
1802 3207 1971 3270 possit

70 3272 382 3337 (solubilitas
436 3281 771 3346 extrinseca).
863 3283 992 3333 Dixi
1049 3302 1194 3334 mere
1248 3284 1504 3335 humana.
1596 3285 1733 3335 Nam
1786 3289 1967 3353 quoad

70 3359 439 3410 auctoritatem
474 3362 707 3413 divinam
747 3364 832 3415 hic
859 3364 1015 3423 valet,
1060 3367 1206 3432 quod
1246 3384 1404 3433 supra
1432 3385 1479 3416 n.
1510 3378 1613 3431 445
1649 3369 1963 3421 monuimus.
