2182 3682
271 170 356 200 LIB.
393 169 421 199 Ι.
466 169 566 198 CAP.
600 167 666 197 111.
714 168 776 196 DE
807 166 1007 196 OFFICIIS
1042 166 1271 195 HOMINUM
1306 166 1485 195 MUTUIS
1520 167 1662 195 INTER
1698 167 1760 197 SE.
1851 165 1948 219 045

1851 194 1878 205 aa

67 305 384 375 commercia
435 321 556 354 cum
598 321 662 354 eo
703 305 906 363 ineant,
962 318 1182 367 operam
1223 302 1333 351 eius
1373 301 1456 351 vel
1498 304 1956 354 conversationem

66 388 392 448 desiderent,
446 387 494 436 ei
534 385 710 436 officia
750 383 1078 434 demandent
1118 390 1218 433 etC.
1299 383 1576 433 Praeterea
1615 384 1759 434 bona
1800 385 1954 447 fama,

66 488 171 538 qua
210 468 326 536 quis
366 467 574 528 fruitur,
629 475 709 516 est
750 483 1005 531 magnum
1045 465 1364 531 praesidium
1406 472 1590 515 contra
1630 467 1779 527 vitia,
1834 468 1958 533 quia

65 550 284 620 quilibet
326 550 521 600 famam
560 549 801 598 amittere
843 548 1007 597 timet.

138 633 268 683 Inde
322 631 564 698 sequitur
633 632 678 695 Ι)
738 629 1014 679 moderate
1074 645 1327 696 quaerere
1386 628 1586 678 bonam
1653 628 1847 679 famam
1906 639 1958 680 et

66 717 325 767 honorem
376 731 483 763 non
534 712 709 763 solum
749 729 856 761 non
898 728 1014 761 esse
1054 710 1320 771 illicitum,
1373 711 1468 760 sed
1510 711 1686 776 potius
1727 711 1958 778 offi'cium

66 797 307 857 hominiS‚
350 794 538 845 saltem
580 794 889 860 generatim.
959 793 1098 858 Quia
1140 802 1317 843 tamen
1352 792 1491 842 fama
1519 809 1626 842 non
1655 792 1960 858 simpliciter

65 888 117 930 et
167 896 264 945 pro
317 877 462 927 omni
513 893 639 927 casu
691 876 986 926 necessaria
1026 882 1132 935 est,
1189 875 1298 925 fieri
1338 882 1544 941 potest,
1599 882 1657 924 ut
1696 874 1961 924 interdum

66 961 252 1027 aliquis
311 976 419 1009 non
479 967 718 1009 teneatur
777 976 892 1008 eam
955 957 1150 1007 laesam
1213 958 1485 1007 restituere
1543 955 1626 1006 vel
1686 957 1957 1023 impedire,

65 1043 348 1111 quominus
387 1042 456 1091 ab
497 1040 608 1091 aliis
654 1040 909 1090 laedatur.

138 1124 364 1174 Infertur
412 1125 467 1188 72)
525 1122 818 1190 quemlibet
869 1122 1066 1172 habere
1117 1121 1227 1183 im,
1283 1129 1341 1171 ut
1391 1138 1498 1170 non
1549 1119 1722 1170 solum
1773 1121 1824 1169 in
1880 1137 1959 1170 ac-

65 1207 320 1275 quirenda
371 1206 514 1256 bona
565 1204 705 1255 fama
745 1222 852 1254 non
893 1203 1239 1270 impediatur,
1293 1203 1387 1252 sed
1431 1203 1588 1252 etiam
1630 1210 1688 1251 ut
1727 1202 1778 1251 in
1819 1202 1961 1252 bona

66 1290 219 1350 fama,
263 1305 425 1354 quam
464 1288 568 1337 iam
610 1288 863 1353 possidet,
908 1304 1015 1336 non
1054 1286 1242 1336 iniuste
1284 1285 1537 1335 laedatur.

139 1372 306 1437 Fama
346 1378 524 1420 autem
566 1369 710 1419 bona
750 1368 962 1419 alterius
1004 1376 1182 1436 potest
1223 1368 1410 1418 iniuste
1451 1367 1614 1418 laedi:

140 1456 188 1519 a)
238 1470 380 1503 mere
436 1452 639 1502 272chssoe
694 1453 996 1512 temerarie,
1053 1452 1082 1501 i
1138 1469 1181 1501 e.
1240 1452 1352 1500 sine
1407 1449 1686 1500 sufficienti
1743 1450 1959 1510 ratione,

67 1535 380 1596 dubitando,
422 1535 762 1600 suspicando,
807 1534 1094 1599 opinando,
1139 1532 1422 1583 iudicando
1453 1533 1520 1596 (2
1567 1547 1613 1593 2,
1658 1550 1706 1598 q
1743 1546 1788 1593 2,
1832 1549 1875 1582 a.
1917 1533 1961 1595 Ι)

66 1620 133 1670 de
183 1619 399 1669 alterius
451 1617 733 1667 honestate
773 1616 856 1666 vel
898 1616 1152 1666 bonitate.
1204 1648 1267 1652 ——
1308 1615 1570 1665 ludl'cizmc
1612 1615 1961 1665 temcram'mlz

66 1710 146 1752 est
203 1700 453 1750 iudicium
513 1699 720 1749 firmum
784 1699 920 1749 circa
979 1699 1208 1764 proximi
1268 1697 1539 1747 desectum
1599 1697 1960 1746 diffamantem

65 1785 176 1835 sine
226 1782 508 1833 sufficienti
560 1783 775 1831 ratione.
856 1781 1133 1831 Eiusmodi
1184 1781 1434 1831 iudicium
1487 1789 1612 1830 tunc
1664 1780 1837 1829 solum
1885 1787 1964 1829 est

65 1874 348 1933 peccatum
377 1881 555 1931 grave,
599 1864 818 1930 quando
848 1872 927 1913 est
956 1864 1007 1927 a.)
1038 1863 1195 1930 plene
1224 1862 1600 1923 deliberatum3
1637 1863 1696 1930 β)
1727 1863 1793 1912 de
1823 1861 1963 1911 malo

66 1948 359 1998 diffamanti
418 1946 629 1997 alterius
688 1947 860 2013 gravi,
927 1947 972 2014 γ)
1030 1946 1233 1996 ratione
1290 1945 1571 1996 manifesto
1628 1944 1963 1995 insufficienti

66 2048 321 2081 innixum.

149 2144 251 2186 Obi.
325 2141 372 2188 Si
411 2141 518 2203 quis
554 2142 703 2188 habet
748 2142 1050 2189 voluntatem
1096 2142 1314 2199 furandi,
1369 2141 1456 2187 sed
1494 2140 1555 2187 de
1594 2140 1722 2186 facto
1759 2148 1964 2201 propter

66 2216 422 2279 impedimenta
459 2232 560 2264 non
598 2217 806 2274 furatur,
845 2231 948 2262 non
986 2216 1191 2277 ejffeclive
1228 2226 1275 2264 et
1312 2216 1496 2263 directe
1534 2215 1682 2262 violat
1720 2213 1961 2272 iustitiam,

67 2292 155 2340 sed
202 2292 358 2339 solum
407 2291 693 2353 dispositive
743 2300 790 2339 et
837 2290 1076 2338 indirecte
1117 2288 1180 2352 (S.
1229 2291 1389 2338 leom.
1432 2309 1489 2348 2,
1533 2308 1573 2348 2,
1614 2306 1660 2350 q.
1702 2292 1778 2347 60,
1817 2305 1859 2336 a.
1899 2286 1961 2350 3).

68 2369 201 2429 Ergo
238 2383 267 2414 a
302 2366 409 2429 pari
446 2366 484 2414 si
521 2368 678 2414 solum
714 2367 909 2413 interne
937 2366 1197 2413 temerarie
1224 2366 1420 2424 iudicat,
1459 2381 1562 2413 non
1599 2364 1837 2423 effective,
1877 2364 1964 2411 sed

69 2443 222 2490 solum
259 2441 498 2489 indirecte
536 2450 584 2489 et
619 2441 904 2503 dispositive
940 2441 1091 2488 violat
1127 2440 1371 2488 iustitiam.

146 2539 297 2588 Resp.
372 2530 506 2577 Cone.
544 2535 687 2577 antec.
727 2535 772 2575 et
805 2544 919 2589 nego
955 2544 1128 2589 conseq.
1168 2534 1213 2574 et
1235 2529 1511 2590 paritatem.
1574 2527 1623 2573 Si
1651 2526 1757 2588 quis
1795 2525 1966 2572 volens

69 2604 216 2652 furari
253 2605 316 2652 de
354 2604 485 2652 facto
523 2620 625 2652 non
663 2604 874 2662 furatur,
924 2619 1026 2650 non
1064 2603 1290 2650 effective
1328 2602 1478 2649 violat
1513 2601 1867 2664 proprietatem
1903 2601 1966 2646 al-

67 2678 242 2739 terius;
278 2680 480 2741 quando
517 2694 636 2727 vero
673 2679 848 2740 aliquis
885 2695 945 2726 ex
980 2677 1208 2725 inanibus
1245 2677 1515 2724 rationibus
1542 2678 1747 2724 alterum
1783 2676 1965 2722 malum

67 2751 274 2813 iudicat,
329 2754 598 2802 efficaciter
646 2753 850 2801 destruit
886 2753 1016 2815 apud
1054 2768 1105 2800 se
1142 2753 1327 2800 bonam
1364 2752 1544 2799 famam
1583 2751 1804 2810 asteriusg
1840 2751 1965 2796 haec

69 2829 200 2876 enim
250 2829 589 2891 principaliter
641 2828 862 2876 consistit
909 2828 960 2874 in
1011 2828 1204 2876 interna
1255 2828 1389 2874 bona
1440 2826 1794 2874 aestimatione.
1869 2821 1962 2884 (Cf.

70 2903 115 2950 S.
162 2904 322 2951 leom.
362 2905 390 2951 l.
430 2921 470 2952 c.
511 2904 573 2951 ad
614 2900 674 2965 2.)

143 3007 198 3072 b)
239 3015 456 3057 externe
497 3024 590 3074 per
631 3007 1032 3066 detractionem,
1075 3006 1104 3055 i.
1137 3023 1180 3056 e.
1219 3022 1312 3072 per
1352 3004 1554 3055 alienae
1596 3004 1766 3053 famae
1794 3001 1963 3052 occul-

70 3095 178 3138 tam
219 3098 271 3139 et
310 3090 556 3139 iniustam
585 3087 944 3149 violationem,
986 3089 1095 3138 sive
1137 3087 1195 3137 fit
1228 3086 1341 3137 falsi
1371 3087 1598 3137 criminis
1626 3085 1965 3152 impositione

71 3170 399 3237 (calumnia),
451 3172 560 3222 sive
600 3172 708 3222 veri
759 3171 987 3222 criminis
1038 3171 1226 3220 iniusta
1277 3177 1330 3219 et
1382 3169 1593 3219 occulta
1643 3166 1964 3217 revelatione

71 3253 419 3316 (detractione
470 3271 629 3304 sensu
679 3253 975 3317 strictiore).
1057 3251 1113 3303 Si
1165 3251 1425 3301 detractio
1478 3251 1536 3300 fit
1589 3258 1773 3300 contra
1818 3266 1964 3315 prae-

70 3342 274 3386 sentem
313 3334 558 3403 (palam>‚
602 3353 708 3387 non
748 3335 921 3386 solum
963 3335 1188 3386 laeditur
1228 3332 1393 3393 fama,
1436 3333 1532 3382 sed
1574 3333 1733 3381 etiam
1774 3331 1958 3382 honor.
