2182 3682
525 159 678 190 CAPUT
710 160 738 188 1.
790 160 852 187 DE
885 159 995 188 FINE
1028 144 1458 188 υιΤΙΜόΗΟΜΙΝΙΞ.
1875 160 1943 210 29

131 306 232 346 Obi.
268 318 300 344 ι.
352 299 445 344 Per
480 312 701 344 amorem
736 297 887 343 homo
924 311 1055 343 novo
1093 303 1141 342 et
1176 294 1472 356 perfectiore
1510 295 1662 341 modo
1700 310 1811 341 cum
1837 296 1948 341 Deo

49 371 373 432 coniungitur.
445 372 583 431 Ergo
629 387 719 433 per
770 371 924 418 solam
975 369 1310 430 cognitionem
1362 376 1625 429 utcumque
1677 369 1948 429 perfectam

47 462 150 493 non
186 446 394 493 habetur
429 446 651 507 perfecta
688 444 972 492 coniunctio
1009 459 1120 491 cum
1158 458 1348 490 summo
1385 444 1534 490 bono.

125 552 276 600 Resp.
339 542 471 588 Disz‘.
509 547 652 587 antec.
672 558 685 587 .·
719 542 812 587 Per
849 555 1071 587 amorem
1107 555 1240 586 novo
1277 539 1430 585 modo
1467 537 1780 598 coniungitur
1814 553 1949 585 mere

48 616 298 674 affective,
336 630 480 672 cona,
520 614 744 662 effective
782 623 830 661 et
865 614 1076 672 realiter,
1116 629 1241 673 nege.
1314 615 1486 673 &9192
1526 612 1613 659 etsi
1650 620 1953 673 supponatur

48 690 424 748 intensissimus,
475 689 537 736 de
586 704 636 736 se
684 705 787 736 non
836 688 1010 746 efficit,
1047 697 1099 735 ut
1134 688 1329 735 realiter
1364 688 1551 734 bonum
1588 694 1802 733 amatum
1840 701 1955 732 con-

48 780 312 826 sequamur
345 765 424 811 vel
461 763 813 825 possideamus.
878 764 1041 809 Deum
1077 770 1265 809 tantum
1303 761 1678 823 possidebimus,
1718 768 1954 820 quantum

48 855 160 887 eum
209 854 581 900 cognoscemus.
654 839 747 884 Per
794 837 1131 898 cognitionem
1168 839 1304 884 Deus
1343 835 1649 883 constituitur
1685 834 1751 881 ita
1786 834 1836 880 in
1873 849 1957 895 po-

48 922 221 961 testate
258 913 486 970 hominis,
524 921 575 959 ut
610 912 764 974 possit
799 913 882 958 illo
921 911 1013 958 frui
1051 920 1099 958 et
1135 911 1312 958 satiari.

129 1018 230 1058 Obi.
264 1030 308 1058 2.
377 1010 477 1070 Qui
513 1011 676 1057 Deum
713 1025 817 1056 non
854 1018 998 1066 amat,
1037 1023 1139 1055 non
1178 1016 1250 1055 est
1284 1008 1469 1054 beatus.
1524 1006 1663 1066 Ergo
1699 1021 1837 1053 amor
1861 1004 1959 1052 Dei

47 1085 259 1147 pertinet
295 1084 358 1132 ad
395 1085 657 1132 essentiam
694 1083 1022 1131 beatitudinis.

125 1192 275 1240 Resp.
335 1181 468 1228 Cone.
496 1187 638 1227 antec.
692 1182 822 1227 Dist.
852 1196 968 1227 cons.
989 1198 1002 1225 .·
1038 1181 1196 1225 Amor
1222 1178 1317 1226 Dei
1354 1177 1568 1239 pertinet
1605 1177 1668 1224 ad
1695 1176 1956 1224 essentiam

25 1256 362 1304 beatitudinis
398 1265 647 1316 tamquam
686 1255 976 1317 proprietas,
1018 1270 1144 1315 quae
1182 1269 1241 1300 ex
1278 1252 1489 1300 essentia
1524 1251 1840 1299 beatitudinis
1875 1266 1957 1298 ne-

49 1331 280 1383 cessario,
300 1332 402 1377 fluit
438 1340 487 1378 et
522 1346 632 1377 cum
670 1346 730 1377 ea
764 1330 1160 1391 inseparabiliter
1196 1329 1461 1375 coniuncta
1497 1337 1594 1385 est,
1643 1342 1788 1383 cena,
1837 1335 1955 1372 tam-

50 1421 198 1467 quam
257 1407 554 1452 elementum
615 1405 876 1452 essentiam
937 1403 1253 1451 beatitudinis
1311 1402 1577 1449 intrinsece
1637 1402 1952 1458 constituens,

49 1496 176 1540 flego.
247 1481 403 1526 Recte
441 1480 607 1527 dicere
644 1492 867 1541 possum:
918 1479 1001 1539 qui
1037 1494 1137 1525 non
1176 1486 1248 1526 est
1284 1477 1500 1535 risibilis,
1539 1493 1642 1524 non
1679 1485 1750 1523 est
1785 1477 1952 1533 homo,

50 1570 211 1616 neque
247 1563 412 1601 tamen
450 1554 695 1601 risibilitas
733 1553 982 1601 constituit
1017 1554 1278 1601 essentiam
1314 1553 1541 1600 hominis.

133 1659 234 1699 Obi.
264 1670 306 1708 3·
374 1651 488 1697 Non
530 1651 757 1697 obstante
793 1651 1016 1711 perfecta
1053 1650 1149 1697 Dei
1185 1650 1469 1711 cognitione
1506 1659 1670 1712 potest
1705 1650 1812 1712 quis
1849 1664 1956 1697 esse

54 1742 210 1787 capax
255 1725 489 1772 tristitiae.
562 1725 714 1786 Atqui
757 1725 841 1786 qui
889 1741 1045 1786 capax
1086 1734 1157 1772 est
1193 1725 1438 1784 tristitiae,
1488 1739 1591 1771 non
1629 1734 1700 1772 est
1736 1725 1956 1787 perfecte

55 1801 238 1848 beatus.
310 1800 448 1859 Ergo
475 1837 483 1846 .
513 1837 522 1846 .
551 1837 560 1846 .

129 1906 278 1954 Resp.
351 1897 522 1944 Trans.
561 1899 669 1943 mai.
731 1897 860 1943 Dist.
899 1898 1040 1944 min..-
1088 1897 1187 1956 Qui
1236 1912 1394 1958 capax
1443 1906 1514 1944 est
1560 1896 1804 1954 tristitiae,
1854 1911 1956 1942 non

53 1980 123 2044 e·st
171 1971 391 2032 perfecte
442 1972 640 2029 beatus,
693 1971 721 2018 i.
762 1987 803 2018 e.
855 1987 956 2018 non
1008 1980 1169 2033 potest
1216 1973 1401 2019 habere
1450 1971 1806 2019 beatitudinem
1852 1986 1959 2033 per-

53 2046 231 2092 fectam
269 2046 435 2107 quoad
472 2046 758 2104 essentiam,
809 2062 939 2106 nege,
979 2047 1145 2108 quoad
1182 2055 1357 2093 statum
1396 2047 1803 2104 convenientem,
1842 2061 1957 2092 conc.

52 2118 116 2167 Et
160 2136 212 2167 re
261 2121 463 2181 quidem
510 2137 626 2168 vera
664 2121 882 2169 Christus
929 2121 978 2167 in
1028 2138 1173 2168 cruce
1214 2122 1442 2183 pendens
1482 2137 1584 2168 non
1621 2123 1847 2169 obstante
1885 2120 1961 2167 tri-

52 2195 179 2242 stitia
224 2195 394 2242 habuit
441 2196 752 2243 essentialem
800 2195 1171 2243 beatitudinem.
1224 2223 1280 2227 —
1340 2198 1609 2244 Transmisi
1651 2197 1758 2242 mai.
1831 2195 1959 2242 Nam

53 2278 273 2331 spectata
308 2270 560 2317 ordinaria
596 2270 909 2332 providentia
934 2272 1069 2317 Deus
1106 2270 1295 2317 homini
1330 2271 1481 2318 finem
1517 2286 1655 2317 suum
1692 2277 1961 2317 consecuto

52 2357 154 2391 non
191 2352 354 2405 potest
389 2344 639 2406 denegare
678 2361 736 2392 ea
774 2346 920 2402 dona,
961 2360 1086 2406 quae
1114 2345 1178 2392 ad
1204 2346 1587 2392 convenientem
1613 2353 1789 2392 statum
1814 2344 1962 2391 beati-

52 2418 231 2466 tudinis
279 2419 604 2479 requiruntur.
677 2422 751 2466 Ex
799 2420 941 2467 dictis
989 2420 1137 2466 etiam
1189 2428 1346 2481 patet,
1401 2435 1500 2481 quo
1549 2435 1693 2467 sensu
1740 2418 1960 2466 definitio

53 2493 267 2539 Boethii:
333 2494 621 2541 «Beatitudo
675 2502 747 2541 est
798 2504 945 2541 status
998 2494 1217 2541 omnium
1267 2495 1513 2541 bonorum
1573 2494 1960 2555 congregatione

53 2568 346 2628 perfectus»,
396 2569 689 2630 accipienda
737 2568 820 2627 sit,
871 2578 921 2615 ut
969 2569 1031 2616 de
1069 2569 1281 2617 essentia
1316 2569 1632 2616 beatitudinis
1668 2570 1959 2625 verificetur,

54 2642 137 2689 scl.
175 2657 278 2688 non
314 2643 597 2702 formaliter,
640 2644 728 2690 sed
768 2645 1030 2691 causaliter.
1102 2645 1231 2691 Nam
1270 2644 1481 2691 essentia
1515 2643 1833 2691 beatitudinis
1870 2643 1961 2690 for-

53 2716 244 2763 maliter
279 2718 435 2764 solum
473 2719 694 2766 continet
729 2719 1135 2766 consecutionem
1172 2719 1347 2766 summi
1382 2719 1528 2777 boni,
1578 2718 1606 2766 i.
1647 2734 1687 2766 e.
1727 2718 1849 2776 Dei,
1891 2733 1962 2765 re-

52 2790 187 2852 liqua
217 2807 336 2839 vero
372 2793 529 2840 bona:
569 2809 722 2850 amor,
761 2793 1008 2854 gaudium,
1048 2794 1270 2841 absentia
1308 2794 1467 2841 omnis
1503 2793 1619 2840 mali
1656 2802 1763 2851 etc.‚
1803 2794 1959 2840 solum

55 2866 313 2913 causaliter
364 2867 419 2913 'in
479 2883 538 2915 ea
597 2868 936 2927 continentur,
1001 2877 1240 2930 quatenus
1290 2869 1576 2915 naturaliter
1627 2884 1686 2915 ex
1738 2883 1797 2915 ea
1848 2882 1962 2914 con-

54 2950 323 3001 sequuntur
357 2943 649 2990 necessitate
686 2942 786 2990 sive
823 2943 1027 3005 physica
1063 2943 1163 2991 sive
1201 2944 1389 2991 morali.
1446 2940 1539 3005 (Cf.
1567 2942 1615 2990 S.
1651 2943 1700 2989 T
1692 2943 1812 2989 laeve.
1846 2959 1884 2999 1,
1917 2958 1957 2999 2,

58 3031 103 3076 q.
142 3031 186 3075 3,
226 3032 267 3063 a.
310 3033 332 3062 2
374 3016 438 3063 ad
477 3013 538 3078 2.)

66 3100 236 3154 ¹⁴?40bi.
271 3127 314 3164 4.
381 3108 462 3154 Ad
498 3108 813 3156 beatitudinis
861 3111 1124 3157 essentiam
1160 3109 1447 3171 requiritur,
1497 3118 1548 3156 ut
1584 3110 1777 3156 innatus
1814 3121 1960 3169 appe-

54 3178 165 3227 titus
211 3181 423 3228 hominis
470 3181 530 3229 sit
577 3183 797 3243 perfecte
838 3185 1047 3232 satiatus.
1119 3178 1273 3246 At'quz'
1304 3200 1395 3247 per
1430 3186 1586 3232 solam
1623 3183 1959 3244 cognitionem

57 3255 299 3316 appetitus
345 3256 558 3303 hominis
604 3271 708 3304 non
754 3259 975 3319 perfecte
1023 3259 1234 3307 satiatur.
1306 3259 1444 3318 Ergo
1491 3260 1594 3306 sola
1642 3256 1858 3318 cognitio
1895 3255 1959 3302 ad

58 3330 317 3376 essentiam
352 3330 667 3378 beatitudinis
703 3347 806 3379 non
842 3333 1030 3381 sufficit.
