2182 3682
175 183 247 232 44
582 177 695 206 PARS
730 177 759 207 Ι.
811 177 1127 208 PHILOSOPHIA
1163 176 1371 206 MORALIS
1407 177 1684 208 GENERALIS.

250 314 419 380 Igitur
473 331 543 363 ex
583 313 827 364 doctrina
867 312 920 363 S.
976 313 1215 363 leomae
1255 313 1506 364 undecim
1548 314 1767 364 omnino
1809 331 2082 365 numeran-

175 406 256 446 tur
296 397 571 463 passiones
610 397 789 463 specie
831 396 1070 445 diversae
1111 395 1181 460 (1,
1228 409 1274 457 2,
1319 412 1369 461 q.
1417 410 1501 460 23,
1544 413 1590 447 a.
1634 397 1705 460 4).

178 547 280 600 40.
360 537 448 587 De
488 538 719 588 bonitate
760 546 811 586 et
846 536 1064 587 malitia
1093 537 1428 601 passionum.
1483 537 1763 587 Passiones
1789 539 2087 597 secundum

174 637 231 670 se
273 629 326 670 et
365 620 612 670 absolute
652 627 928 685 spectatae
968 636 1142 686 neque
1182 619 1358 688 bonae
1399 627 1521 669 sunt
1561 637 1739 687 neque
1779 620 1967 682 malae,
2010 630 2086 671 ut-

176 711 306 768 pote
347 702 414 752 de
454 720 511 752 se
553 703 769 752 rationis
824 709 877 751 et
927 700 1183 751 libertatis
1238 710 1503 767 expertes,
1585 700 1641 752 Si
1680 720 1806 752 vero
1848 704 2087 753 conside-

177 793 382 845 rantur,
452 791 508 834 ut
558 792 681 834 sunt
743 784 840 833 sub
903 783 1126 849 imperio
1182 782 1470 834 voluntatis
1534 792 1588 834 et
1653 784 1937 835 rationales
1992 803 2087 852 per

174 867 673 933 participationem,
731 874 959 932 possunt
1015 883 1132 915 esse
1187 864 1270 915 vel
1328 866 1505 916 bonae
1560 865 1645 916 vel
1697 866 1884 929 malae,
1928 874 2088 934 prout

177 948 449 998 dictamini
490 956 666 998 rectae
707 948 922 998 rationis
964 947 1365 998 conformantur
1403 949 1488 998 vel
1530 966 1653 998 non.

252 1037 530 1087 Passiones
570 1038 861 1087 maximam
902 1038 953 1087 in
1000 1037 1333 1088 voluntatem
1374 1039 1482 1088 vim
1537 1047 1790 1089 exercent
1841 1046 1895 1090 et
1945 1040 2085 1102 ideo,

177 1120 313 1170 sicut
354 1118 490 1169 male
542 1120 818 1170 ordinatae
870 1120 939 1170 ad
991 1119 1219 1187 plurima
1269 1120 1395 1170 vitia
1446 1120 1719 1171 hominem
1770 1121 2085 1188 perducunt,

178 1203 250 1252 ita
290 1210 466 1252 rectae
507 1202 696 1252 rationi
735 1203 1010 1253 subiectae
1038 1202 1323 1269 plurimum
1351 1203 1511 1252 etiarn
1538 1204 1722 1271 iuvant
1759 1205 1828 1254 ad
1871 1222 2088 1254 omnem

178 1285 443 1351 virtutem.
535 1285 814 1335 Praeterea
870 1303 1079 1351 pugna,
1146 1302 1307 1351 quam
1363 1285 1567 1335 homini
1623 1295 1870 1349 causant,
1931 1286 2089 1337 valde

179 1367 353 1417 eidem
395 1367 654 1433 prodesse
695 1375 901 1433 potest,
961 1368 1083 1433 quia
1134 1384 1256 1417 eum
1298 1367 1366 1417 ab
1409 1368 1519 1418 otio
1561 1375 1615 1418 et
1654 1369 1906 1435 superbia
1944 1386 2089 1436 prae-

180 1459 333 1500 cavet
374 1458 426 1499 et
467 1450 749 1500 abundans
790 1457 871 1500 est
912 1451 1125 1500 occasio
1167 1450 1493 1500 meritorum.

914 1637 1248 1677 ARTICULUS
1281 1638 1352 1676 IV.

309 1749 402 1793 DE
440 1748 693 1805 CAUSIS,
734 1748 928 1807 QUAE
967 1749 1487 1796 VOLUNTARIUM
1526 1750 1613 1795 ET
1649 1750 1960 1797 LIBERUM

606 1824 995 1870 IMPEDIUNT
1033 1825 1168 1869 VEL
1205 1824 1658 1871 MODIFICANT.

184 1958 287 2009 41.
368 1946 744 1997 Voluntarium
788 1955 883 2008 est,
927 1948 1075 2013 quod
1116 1948 1362 2014 procedit
1400 1965 1431 1997 a
1458 1947 1735 1998 voluntate
1764 1965 1887 1998 cum
1917 1948 2096 2014 cogni-

182 2029 326 2079 tione
368 2029 486 2079 finis
505 2025 541 2092 3„
570 2029 692 2079 hinc
745 2030 1041 2080 modificari
1080 2029 1165 2080 vel
1205 2031 1452 2096 impediri
1493 2038 1675 2096 potest
1715 2039 1827 2080 tum
1868 2047 1964 2096 per
2005 2030 2093 2080 de-

181 2111 380 2161 fectum
409 2112 728 2177 cognitionis
759 2113 1179 2178 (ignerantiam)
1210 2121 1325 2162 tum
1353 2130 1448 2178 per
1474 2112 1737 2162 influxum
1765 2113 2088 2179 passionum.

181 2193 460 2243 Passiones
515 2202 694 2244 autem
747 2194 973 2244 influunt
1025 2195 1076 2244 in
1128 2195 1460 2245 voluntatem
1511 2194 1595 2245 vel
1651 2212 1769 2245 eam
1811 2194 2093 2245 alliciendo

182 2277 250 2326 ad
306 2276 509 2325 bOnum
565 2275 1029 2344 (Zanczspiscentia)
1081 2276 1165 2327 vel
1222 2277 1544 2328 retrahendo
1600 2295 1630 2327 a
1685 2276 1827 2327 malo
1889 2276 2090 2343 (metu).

183 2358 432 2424 Denique
493 2360 859 2425 quaerendum
916 2368 1022 2421 est,
1091 2360 1371 2426 quomodo
1427 2360 1506 2410 vis
1562 2361 1892 2411 extrinsecus
1950 2359 2094 2410 illata

149 2504 151 2506 q
183 2441 490 2508 (violentia)
532 2459 589 2491 se
631 2441 829 2492 habeat
870 2443 939 2492 ad
979 2441 1355 2492 voluntarium.

495 2616 523 2671 ἓ
561 2631 595 2659 Ι.
645 2620 725 2657 DE
758 2620 1136 2659 IGNORANTIA
1169 2621 1243 2658 ET
1275 2620 1779 2660 INADVERTENTIA.

445 2724 619 2778 (Arist,
654 2727 750 2766 Eth.
786 2727 811 2766 1.
849 2738 898 2778 3,
935 2741 969 2767 c.
1009 2739 1042 2767 1.
1109 2727 1150 2767 S.
1193 2728 1333 2767 Tlmm.
1373 2738 1418 2776 1,
1455 2738 1503 2776 2,
1539 2742 1579 2779 q.
1615 2726 1664 2775 6,
1701 2741 1736 2766 a.
1771 2725 1833 2778 8.)
2072 2752 2094 2768 ο

187 2848 289 2899 42.
370 2837 406 2886 Ι.
462 2836 626 2887 Notio
667 2845 719 2886 et
756 2836 967 2887 divisio.

259 2941 589 3006 Ignorantia
649 2950 730 2991 est
789 2942 1022 2992 carentia
1089 2941 1410 3007 cognitionis
1476 2942 1528 2991 in
1586 2941 1831 2992 subiecto
1891 2942 2091 3008 capa-ci.

186 3020 241 3072 Si
284 3024 400 3089 quis
450 3023 788 3073 habitualiter
839 3023 1037 3090 aliquid
1092 3024 1399 3090 cognoscit,
1459 3024 1527 3074 de
1578 3041 1643 3074 eo
1684 3032 1864 3074 tamen
1917 3023 2003 3073 hic
2043 3032 2097 3073 et

185 3122 325 3155 nunc
367 3122 475 3155 non
517 3106 746 3171 cogitat,
802 3105 935 3156 haec
977 3107 1209 3156 carentia
1250 3106 1572 3172 cognitionis
1612 3105 1832 3156 actualis
1870 3114 2095 3156 vocatur

185 3188 572 3237 inadvertentia
613 3188 869 3253 (oblivio).

261 3276 567 3342 Ignorantia
606 3277 873 3326 dividitur
887 3297 903 3326 .·
968 3291 1008 3327 Ι.
1052 3277 1108 3326 in
1147 3277 1487 3341 negativam,
1531 3276 1910 3341 privativam,
1951 3276 2095 3341 posi-

188 3358 374 3407 tivam.
433 3388 501 3392 —-
558 3358 838 3424 Negativa
899 3367 980 3408 est
1035 3359 1268 3408 carentia
1333 3358 1653 3424 cognitionis
1715 3375 1823 3408 non
1879 3358 2093 3408 debitae
