2182 3682
434 153 521 182 Lm.
556 153 603 182 ΙΙ.
649 152 750 181 CAP.
784 152 831 181 ΙΙ.
879 152 941 180 DE
976 151 1236 180 SOCOETATE
1270 152 1551 181 DOMESTICA.
1843 154 1940 204 351

58 287 205 352 464.
285 296 450 335 PARS
480 297 534 334 ΙΙ.
598 296 760 334 Mitior
790 296 1005 334 servitus
1037 295 1130 333 iuri
1158 298 1360 335 naturae
1402 308 1494 345 per
1536 310 1593 335 se
1638 298 1803 336 stricte
1851 309 1948 336 non

54 373 304 420 repugnat.

131 459 294 506 Prob.
341 473 382 505 1.
477 457 660 508 Homo
721 459 888 518 enim,
951 458 994 506 si
1049 457 1148 506 sibi
1206 465 1436 506 reservet
1491 458 1601 508 iura
1657 458 1951 508 essentialia

55 548 108 590 et
146 539 520 600 inalienabilia,
563 541 672 589 iure
713 547 933 589 naturae
974 556 1080 588 non
1128 538 1470 604 prohibetur,
1526 540 1812 605 quominus
1852 558 1949 606 pro

55 630 314 688 perpetuo
355 622 496 671 victu
536 638 594 670 se
634 621 783 671 alteri
823 621 891 671 ad
933 628 1250 687 perpetuum
1292 620 1603 670 famulatum
1641 621 1949 687 adstringat.

55 704 236 753 Habet
290 703 428 753 enim
482 703 775 752 dominium
828 704 880 752 in
933 718 1084 752 suam
1137 719 1357 768 operam
1411 702 1650 768 illudque
1701 704 1752 752 in
1793 703 1951 752 alium

52 785 331 836 transferre
382 794 576 851 potest.
645 784 892 834 Profecto
922 784 1145 850 quilibet
1174 792 1355 850 potest
1382 802 1600 851 operam
1629 801 1776 835 suam
1806 785 1954 835 alteri

54 868 253 917 donare
292 866 374 917 vel
415 868 647 916 vendere
688 884 785 932 pro
829 880 898 916 20
938 865 1021 915 vel
1066 880 1134 930 30
1176 868 1346 917 annis:
1393 884 1484 916 cur
1523 867 1682 932 igitur
1721 884 1827 916 non
1857 885 1953 933 pro

53 958 166 999 tota
205 950 311 999 vita
351 966 411 998 ea
452 949 782 1008 condicione,
826 955 884 998 ut
925 949 1172 998 dominus
1201 950 1360 998 etiam
1389 950 1441 998 in
1468 956 1745 999 senectute
1774 966 1953 999 curam

54 1032 164 1081 eius
203 1031 269 1081 sit
308 1029 620 1080 habiturus?

129 1129 293 1176 Prob.
339 1142 382 1175 2.
462 1127 645 1176 Homo
699 1134 878 1193 potest
925 1128 1061 1177 iusta
1102 1128 1170 1177 de
1212 1145 1371 1178 causa
1412 1128 1463 1177 in
1506 1144 1737 1193 poenam
1779 1127 1956 1178 delicti

51 1211 157 1260 vita
212 1209 454 1259 mulctari
513 1209 596 1259 vel
652 1210 811 1259 etiam
868 1209 1110 1259 libertate
1166 1227 1260 1275 per
1314 1211 1788 1260 incarcerationem
1843 1227 1954 1276 per-

53 1301 271 1358 petuam
321 1291 525 1358 privari.
607 1291 714 1341 Cur
765 1309 894 1357 ergo
948 1309 1054 1342 non
1107 1291 1366 1352 similiter,
1422 1293 1586 1341 immo
1639 1309 1669 1341 a
1721 1292 1952 1350 fortiore,

53 1383 237 1440 posset
276 1375 326 1423 in
367 1374 671 1423 servitutem
714 1371 914 1439 redigi?

55 1520 201 1585 465.
283 1531 449 1570 PARS
479 1531 555 1569 ΙΙΙ.
623 1530 867 1578 Servitus,
904 1542 1026 1579 quae
1063 1531 1219 1569 omnia
1253 1531 1354 1569 iura
1389 1531 1526 1569 servi
1557 1531 1698 1577 tollit,
1734 1530 1834 1579 legi
1863 1542 1949 1568 na-

55 1598 197 1636 turali
223 1601 475 1648 repugnat.

130 1688 294 1734 Prob.
392 1684 497 1750 Qui
553 1687 692 1735 enim
748 1685 969 1736 alterum
1026 1687 1097 1736 ita
1149 1687 1248 1737 sibi
1303 1687 1522 1747 subicit,
1584 1693 1640 1735 ut
1697 1685 1850 1735 nullis
1907 1687 1953 1735 ei

54 1769 322 1818 concessis
371 1769 571 1818 iuribus
623 1769 690 1818 de
742 1786 806 1818 eo
857 1769 1138 1834 disponere
1180 1777 1510 1834 praesumat,
1567 1777 1724 1834 prout
1764 1769 1860 1818 sibi
1903 1768 1953 1816 in

53 1867 205 1900 suam
264 1850 541 1900 utilitatem
601 1850 886 1916 placuerit,
948 1867 1005 1900 se
1062 1852 1196 1916 gerit
1252 1858 1310 1900 ut
1369 1850 1529 1900 finem
1588 1851 1953 1900 immediatum

54 1933 291 1982 eiusdem
343 1950 436 1982 seu
488 1933 720 1998 practice
772 1950 891 1982 eum
943 1934 1047 1982 iam
1099 1951 1206 1982 non
1258 1934 1501 1998 agnoscit
1554 1941 1610 1982 ut
1652 1949 1950 1998 personam,

53 2031 191 2080 quae
233 2015 408 2065 Deum
459 2033 555 2081 pro
607 2015 917 2065 immediato
971 2016 1073 2066 fine
1125 2016 1288 2065 habet
1341 2025 1393 2065 et
1444 2015 1642 2065 iuribus
1693 2016 1761 2065 ad
1813 2015 1954 2065 hunc

53 2096 212 2147 finem
267 2098 572 2147 necessariis
627 2097 910 2147 instructus
965 2107 1059 2148 est.
1142 2098 1312 2163 Alqm'
1364 2098 1469 2147 hoc
1526 2098 1800 2147 evidenter
1852 2097 1954 2162 legi

52 2178 276 2228 naturali
316 2180 637 2230 adversatur.
707 2178 794 2229 Sic
823 2198 869 2230 v.
912 2197 962 2245 g.
995 2180 1159 2230 homo
1198 2181 1298 2230 sub
1340 2179 1481 2230 nulla
1521 2180 1838 2230 condicione
1877 2180 1957 2228 ius

52 2261 120 2311 ad
160 2261 460 2312 libertatem
502 2261 858 2311 conscientiae
899 2263 1140 2312 amittere
1185 2271 1379 2328 potest,
1422 2262 1505 2312 vel
1546 2264 1626 2312 ius
1667 2262 1733 2312 ad
1775 2261 1953 2321 vitam,

52 2352 283 2409 excepto
325 2361 448 2393 casu
488 2344 657 2393 iustae
699 2344 1161 2394 condemnationis
1202 2362 1299 2411 pro
1342 2345 1553 2395 delicto.

53 2489 200 2554 466.
280 2490 456 2542 Schol.
502 2507 550 2541 I.
620 2492 707 2541 Ex
748 2492 902 2542 dictis
944 2492 1164 2558 colliges
1205 2494 1338 2542 inter
1377 2492 1558 2542 titulos
1586 2509 1680 2558 per
1706 2508 1763 2541 se
1790 2492 1957 2541 iustos

51 2574 311 2631 servitutis
350 2575 569 2623 mitioris
609 2576 1009 2625 connumerari:
1073 2589 1113 2625 Ι.
1164 2575 1532 2625 voluntariam
1572 2574 1919 2623 traditionem
1940 2593 1956 2633 ‚-

54 2668 100 2705 2.
143 2655 341 2705 iustam
381 2656 865 2706 condamnationem
908 2674 1005 2722 pro
1048 2656 1261 2708 delicto.
1342 2656 1435 2706 Ad
1478 2657 1618 2706 hunc
1646 2655 1855 2706 titulum
1884 2672 1955 2704 re-

50 2738 228 2787 vocari
266 2746 446 2804 potest
485 2738 666 2788 titulus
706 2739 1037 2804 capti-vitalis
1065 2739 1120 2789 2'72
1149 2739 1285 2788 bello
1313 2740 1469 2800 iusto,
1513 2740 1636 2805 quia
1664 2738 1748 2788 hic
1776 2737 1956 2788 titulus

51 2820 312 2870 servitutis
363 2838 432 2870 ex
483 2821 591 2870 iure
642 2829 858 2871 naturae
911 2828 1038 2871 tunc
1090 2821 1265 2871 solum
1318 2821 1521 2872 validus
1573 2828 1678 2881 est,
1737 2820 1954 2886 quando

52 2902 192 2966 capti
250 2903 301 2951 in
360 2901 502 2952 bello
564 2910 784 2969 propter
844 2903 1063 2953 crimina
1118 2905 1228 2954 sive
1285 2903 1582 2970 personalia
1635 2904 1743 2952 sive
1792 2903 1956 2951 totius

53 2984 448 3034 communitatis
500 2984 585 3048 (cf.
630 3002 677 3034 n.
722 2985 851 3049 467)
907 2984 995 3035 tali
1037 3003 1213 3051 poena
1254 2986 1401 3051 digni
1441 2994 1576 3035 sunt.
1658 2984 1757 3033 His
1797 2983 1956 3033 titulis

51 3065 314 3116 accedunt
365 3080 410 3130 3.
454 3066 645 3131 eneplz‘e
686 3075 737 3116 et
775 3067 1038 3129 venderia,
1093 3067 1142 3116 in
1196 3086 1301 3134 qua
1353 3076 1532 3117 tamen
1571 3083 1783 3132 semper
1823 3065 1954 3114 ratio

52 3145 301 3197 habenda
340 3157 420 3198 est
460 3149 714 3209 hominis,
758 3166 824 3198 ne
864 3158 1138 3216 tamquam
1181 3167 1262 3199 res
1302 3150 1416 3200 vilis
1455 3149 1537 3199 vel
1579 3150 1794 3199 brutum
1835 3164 1953 3197 ven-

52 3227 233 3293 datur3
287 3245 335 3293 4.
380 3248 474 3280 aes
514 3231 769 3281 alienum.
851 3230 987 3282 Sunt
1038 3239 1217 3282 tamen
1271 3233 1488 3298 quidam
1540 3232 1761 3281 effectus
1800 3229 1952 3278 servi-

52 3310 199 3371 tutis,
254 3330 300 3362 v.
345 3330 395 3378 g.
440 3314 761 3378 incapacitas
812 3314 921 3363 sive
972 3314 1149 3364 totalis
1195 3314 1305 3363 sive
1347 3312 1576 3380 partialis
1618 3311 1952 3379 proprietatis
