<?xml version="1.0" encoding="UTF-8"?>
<!DOCTYPE html PUBLIC "-//W3C//DTD XHTML 1.0 Transitional//EN"
    "http://www.w3.org/TR/xhtml1/DTD/xhtml1-transitional.dtd">
<html xmlns="http://www.w3.org/1999/xhtml" xml:lang="en" lang="en">
 <head>
  <title>
</title>
<meta http-equiv="Content-Type" content="text/html;charset=utf-8" />
  <meta name='ocr-system' content='tesseract 3.04.00' />
  <meta name='ocr-capabilities' content='ocr_page ocr_carea ocr_par ocr_line ocrx_word'/>
</head>
<body>
  <div class='ocr_page' id='page_1' title='image "./philosophiamoral00cath_0352.png"; bbox 0 0 2182 3682; ppageno 0'>
   <div class='ocr_carea' id='block_1_1' title="bbox 211 148 1697 210">
    <p class='ocr_par' dir='ltr' id='par_1_1' title="bbox 211 148 1697 210">
     <span class='ocr_line' id='line_1_1' title="bbox 211 148 1697 210; baseline 0.001 -26"><span class='ocrx_word' id='word_1_1' title='bbox 211 148 315 210; x_wconf 74' lang='lat'>328</span> <span class='ocrx_word' id='word_1_2' title='bbox 607 155 721 184; x_wconf 90' lang='lat' dir='ltr'>PARS</span> <span class='ocrx_word' id='word_1_3' title='bbox 756 155 803 184; x_wconf 90' lang='grc' dir='ltr'>ΙΙ.</span> <span class='ocrx_word' id='word_1_4' title='bbox 855 155 1173 185; x_wconf 89' lang='lat' dir='ltr'>PHILOSOPHIA</span> <span class='ocrx_word' id='word_1_5' title='bbox 1208 155 1411 184; x_wconf 87' lang='lat' dir='ltr'><strong>MORALIS</strong></span> <span class='ocrx_word' id='word_1_6' title='bbox 1447 155 1697 185; x_wconf 89' lang='lat' dir='ltr'>SPECIALIS.</span> 
     </span>
    </p>
   </div>
   <div class='ocr_carea' id='block_1_2' title="bbox 206 292 2122 653">
    <p class='ocr_par' dir='ltr' id='par_1_2' title="bbox 206 292 2122 653">
     <span class='ocr_line' id='line_1_2' title="bbox 287 292 2116 354; baseline 0.001 -14"><span class='ocrx_word' id='word_1_7' title='bbox 287 303 439 351; x_wconf 79' lang='lat' dir='ltr'>Resp.</span> <span class='ocrx_word' id='word_1_8' title='bbox 513 292 647 340; x_wconf 75' lang='lat' dir='ltr'>Cone.</span> <span class='ocrx_word' id='word_1_9' title='bbox 685 293 794 339; x_wconf 79' lang='lat' dir='ltr'>mai.</span> <span class='ocrx_word' id='word_1_10' title='bbox 855 293 987 339; x_wconf 73' lang='lat' dir='ltr'><em>Dist.</em></span> <span class='ocrx_word' id='word_1_11' title='bbox 1025 293 1135 338; x_wconf 76' lang='lat' dir='ltr'>min.</span> <span class='ocrx_word' id='word_1_12' title='bbox 1156 309 1169 338; x_wconf 92' lang='lat'>.·</span> <span class='ocrx_word' id='word_1_13' title='bbox 1214 292 1319 338; x_wconf 82' lang='lat' dir='ltr'>Lex</span> <span class='ocrx_word' id='word_1_14' title='bbox 1357 292 1592 338; x_wconf 89' lang='lat' dir='ltr'>naturalis</span> <span class='ocrx_word' id='word_1_15' title='bbox 1627 292 1861 354; x_wconf 85' lang='lat' dir='ltr'>prohibet</span> <span class='ocrx_word' id='word_1_16' title='bbox 1905 309 2116 354; x_wconf 87' lang='lat' dir='ltr'>usuram,</span> 
     </span>
     <span class='ocr_line' id='line_1_3' title="bbox 206 362 2122 429; baseline 0.001 -15"><span class='ocrx_word' id='word_1_17' title='bbox 206 369 236 415; x_wconf 90' lang='lat' dir='ltr'>i.</span> <span class='ocrx_word' id='word_1_18' title='bbox 274 383 317 416; x_wconf 91' lang='lat' dir='ltr'>e.</span> <span class='ocrx_word' id='word_1_19' title='bbox 354 369 496 415; x_wconf 89' lang='lat' dir='ltr'>fenus</span> <span class='ocrx_word' id='word_1_20' title='bbox 531 367 761 414; x_wconf 90' lang='lat' dir='ltr'>iniustum</span> <span class='ocrx_word' id='word_1_21' title='bbox 800 362 1167 429; x_wconf 60' lang='lat' dir='ltr'>(excessurum),</span> <span class='ocrx_word' id='word_1_22' title='bbox 1207 382 1350 423; x_wconf 57' lang='lat' dir='ltr'>conc„</span> <span class='ocrx_word' id='word_1_23' title='bbox 1389 367 1530 413; x_wconf 87' lang='lat' dir='ltr'>fenus</span> <span class='ocrx_word' id='word_1_24' title='bbox 1568 366 1853 427; x_wconf 85' lang='lat' dir='ltr'>quodlibet,</span> <span class='ocrx_word' id='word_1_25' title='bbox 1900 369 2122 416; x_wconf 78' lang='lat' dir='ltr'>subdist.:</span> 
     </span>
     <span class='ocr_line' id='line_1_4' title="bbox 208 439 2120 505; baseline -0.001 -14"><span class='ocrx_word' id='word_1_26' title='bbox 208 439 462 505; x_wconf 90' lang='lat' dir='ltr'>supposito</span> <span class='ocrx_word' id='word_1_27' title='bbox 489 443 625 504; x_wconf 90' lang='lat' dir='ltr'>quod</span> <span class='ocrx_word' id='word_1_28' title='bbox 650 442 865 503; x_wconf 86' lang='lat' dir='ltr'>pecunia</span> <span class='ocrx_word' id='word_1_29' title='bbox 898 441 959 489; x_wconf 89' lang='lat' dir='ltr'>sit</span> <span class='ocrx_word' id='word_1_30' title='bbox 981 457 1059 489; x_wconf 89' lang='lat' dir='ltr'>res</span> <span class='ocrx_word' id='word_1_31' title='bbox 1083 457 1220 488; x_wconf 88' lang='lat' dir='ltr'>mere</span> <span class='ocrx_word' id='word_1_32' title='bbox 1248 441 1655 503; x_wconf 80' lang='lat' dir='ltr'>consumptibilis,</span> <span class='ocrx_word' id='word_1_33' title='bbox 1694 457 1828 498; x_wconf 62' lang='lat' dir='ltr'>conc„</span> <span class='ocrx_word' id='word_1_34' title='bbox 1866 443 2120 505; x_wconf 90' lang='lat' dir='ltr'>supposito</span> 
     </span>
     <span class='ocr_line' id='line_1_5' title="bbox 210 516 2120 580; baseline -0.001 -14"><span class='ocrx_word' id='word_1_35' title='bbox 210 518 346 580; x_wconf 90' lang='lat' dir='ltr'>quod</span> <span class='ocrx_word' id='word_1_36' title='bbox 396 517 669 580; x_wconf 83' lang='lat' dir='ltr'>possessori</span> <span class='ocrx_word' id='word_1_37' title='bbox 726 517 950 578; x_wconf 87' lang='lat' dir='ltr'>quolibet</span> <span class='ocrx_word' id='word_1_38' title='bbox 1003 525 1229 577; x_wconf 88' lang='lat' dir='ltr'>tempore</span> <span class='ocrx_word' id='word_1_39' title='bbox 1281 517 1520 577; x_wconf 89' lang='lat' dir='ltr'>praebeat</span> <span class='ocrx_word' id='word_1_40' title='bbox 1570 516 1853 564; x_wconf 82' lang='lat' dir='ltr'><strong>facultatem</strong></span> <span class='ocrx_word' id='word_1_41' title='bbox 1903 517 2120 565; x_wconf 86' lang='lat' dir='ltr'>faciendi</span> 
     </span>
     <span class='ocr_line' id='line_1_6' title="bbox 206 590 1675 653; baseline -0.001 -14"><span class='ocrx_word' id='word_1_42' title='bbox 206 594 396 641; x_wconf 89' lang='lat' dir='ltr'>lucrum</span> <span class='ocrx_word' id='word_1_43' title='bbox 431 601 580 653; x_wconf 84' lang='lat' dir='ltr'>atque</span> <span class='ocrx_word' id='word_1_44' title='bbox 617 593 683 640; x_wconf 88' lang='lat' dir='ltr'>ita</span> <span class='ocrx_word' id='word_1_45' title='bbox 719 593 865 639; x_wconf 90' lang='lat' dir='ltr'>rebus</span> <span class='ocrx_word' id='word_1_46' title='bbox 902 590 1148 651; x_wconf 77' lang='lat' dir='ltr'>frugiferis</span> <span class='ocrx_word' id='word_1_47' title='bbox 1185 591 1507 652; x_wconf 77' lang='lat' dir='ltr'>aequivaleat‚</span> <span class='ocrx_word' id='word_1_48' title='bbox 1546 606 1675 651; x_wconf 73' lang='lat' dir='ltr'>nego.</span> 
     </span>
    </p>
   </div>
   <div class='ocr_carea' id='block_1_3' title="bbox 563 897 1761 1078">
    <p class='ocr_par' dir='ltr' id='par_1_3' title="bbox 563 897 1761 1078">
     <span class='ocr_line' id='line_1_7' title="bbox 1003 897 1327 948; baseline 0 -1"><span class='ocrx_word' id='word_1_49' title='bbox 1003 897 1223 947; x_wconf 85' lang='lat' dir='ltr'>LIBER</span> <span class='ocrx_word' id='word_1_50' title='bbox 1264 898 1327 948; x_wconf 91' lang='grc' dir='ltr'>Π.</span> 
     </span>
     <span class='ocr_line' id='line_1_8' title="bbox 563 1020 1761 1078; baseline 0 -2"><span class='ocrx_word' id='word_1_51' title='bbox 563 1020 870 1077; x_wconf 83' lang='lat' dir='ltr'><strong>ETHICA</strong></span> <span class='ocrx_word' id='word_1_52' title='bbox 915 1020 1325 1077; x_wconf 85' lang='lat' dir='ltr'>SPECIALIS</span> <span class='ocrx_word' id='word_1_53' title='bbox 1370 1021 1761 1078; x_wconf 85' lang='lat' dir='ltr'>SOCIALIS.</span> 
     </span>
    </p>
   </div>
   <div class='ocr_carea' id='block_1_4' title="bbox 206 1164 2123 1796">
    <p class='ocr_par' dir='ltr' id='par_1_4' title="bbox 206 1164 2123 1796">
     <span class='ocr_line' id='line_1_9' title="bbox 210 1164 2121 1231; baseline -0.001 -14"><span class='ocrx_word' id='word_1_54' title='bbox 210 1164 357 1230; x_wconf 86' lang='lat'>426.</span> <span class='ocrx_word' id='word_1_55' title='bbox 440 1166 736 1231; x_wconf 80' lang='lat' dir='ltr'>Hucusque</span> <span class='ocrx_word' id='word_1_56' title='bbox 796 1165 1070 1216; x_wconf 89' lang='lat' dir='ltr'>hominem</span> <span class='ocrx_word' id='word_1_57' title='bbox 1132 1165 1587 1215; x_wconf 78' lang='lat' dir='ltr'>consideravimus</span> <span class='ocrx_word' id='word_1_58' title='bbox 1645 1166 1943 1216; x_wconf 91' lang='lat' dir='ltr'>secundum</span> <span class='ocrx_word' id='word_1_59' title='bbox 1998 1166 2121 1216; x_wconf 92' lang='lat' dir='ltr'>rela-</span> 
     </span>
     <span class='ocr_line' id='line_1_10' title="bbox 206 1246 2123 1314; baseline 0 -15"><span class='ocrx_word' id='word_1_60' title='bbox 206 1250 380 1299; x_wconf 87' lang='lat' dir='ltr'>tiones</span> <span class='ocrx_word' id='word_1_61' title='bbox 407 1248 792 1308; x_wconf 74' lang='lat' dir='ltr'>individuales,</span> <span class='ocrx_word' id='word_1_62' title='bbox 829 1265 969 1298; x_wconf 92' lang='lat' dir='ltr'>nunc</span> <span class='ocrx_word' id='word_1_63' title='bbox 1000 1249 1068 1298; x_wconf 92' lang='lat' dir='ltr'>de</span> <span class='ocrx_word' id='word_1_64' title='bbox 1097 1247 1291 1298; x_wconf 90' lang='lat' dir='ltr'>eodem</span> <span class='ocrx_word' id='word_1_65' title='bbox 1321 1254 1378 1297; x_wconf 93' lang='lat' dir='ltr'>ut</span> <span class='ocrx_word' id='word_1_66' title='bbox 1406 1246 1643 1297; x_wconf 68' lang='lat' dir='ltr'>membro</span> <span class='ocrx_word' id='word_1_67' title='bbox 1670 1247 1939 1299; x_wconf 78' lang='lat' dir='ltr'>societatis</span> <span class='ocrx_word' id='word_1_68' title='bbox 1965 1265 2123 1314; x_wconf 84' lang='lat' dir='ltr'>agen—</span> 
     </span>
     <span class='ocr_line' id='line_1_11' title="bbox 209 1329 2121 1396; baseline 0.001 -15"><span class='ocrx_word' id='word_1_69' title='bbox 209 1333 341 1382; x_wconf 90' lang='lat' dir='ltr'>dum</span> <span class='ocrx_word' id='word_1_70' title='bbox 392 1338 486 1381; x_wconf 88' lang='lat' dir='ltr'>est.</span> <span class='ocrx_word' id='word_1_71' title='bbox 568 1330 639 1380; x_wconf 88' lang='lat' dir='ltr'>Et</span> <span class='ocrx_word' id='word_1_72' title='bbox 691 1330 813 1396; x_wconf 87' lang='lat' dir='ltr'>quia</span> <span class='ocrx_word' id='word_1_73' title='bbox 853 1329 1055 1395; x_wconf 62' lang='lat' dir='ltr'>duplex</span> <span class='ocrx_word' id='word_1_74' title='bbox 1095 1329 1433 1396; x_wconf 91' lang='lat' dir='ltr'>potissimum</span> <span class='ocrx_word' id='word_1_75' title='bbox 1473 1330 1703 1381; x_wconf 88' lang='lat' dir='ltr'>societas</span> <span class='ocrx_word' id='word_1_76' title='bbox 1743 1330 1995 1382; x_wconf 88' lang='lat' dir='ltr'>naturalis</span> <span class='ocrx_word' id='word_1_77' title='bbox 2034 1331 2121 1382; x_wconf 89' lang='lat' dir='ltr'>ha-</span> 
     </span>
     <span class='ocr_line' id='line_1_12' title="bbox 208 1411 2118 1480; baseline 0 -16"><span class='ocrx_word' id='word_1_78' title='bbox 208 1415 377 1475; x_wconf 89' lang='lat' dir='ltr'>betur,</span> <span class='ocrx_word' id='word_1_79' title='bbox 422 1413 719 1463; x_wconf 85' lang='lat' dir='ltr'>domestica</span> <span class='ocrx_word' id='word_1_80' title='bbox 761 1420 814 1462; x_wconf 93' lang='lat' dir='ltr'>et</span> <span class='ocrx_word' id='word_1_81' title='bbox 854 1411 1032 1473; x_wconf 76' lang='lat' dir='ltr'>civilis,</span> <span class='ocrx_word' id='word_1_82' title='bbox 1078 1412 1146 1461; x_wconf 92' lang='lat' dir='ltr'>de</span> <span class='ocrx_word' id='word_1_83' title='bbox 1186 1419 1411 1478; x_wconf 86' lang='lat' dir='ltr'>utraque</span> <span class='ocrx_word' id='word_1_84' title='bbox 1439 1414 1661 1463; x_wconf 86' lang='lat' dir='ltr'>seorsim</span> <span class='ocrx_word' id='word_1_85' title='bbox 1690 1430 1913 1479; x_wconf 80' lang='lat' dir='ltr'>agemus</span> <span class='ocrx_word' id='word_1_86' title='bbox 1940 1431 2055 1480; x_wconf 89' lang='lat' dir='ltr'>cap.</span> <span class='ocrx_word' id='word_1_87' title='bbox 2091 1428 2118 1464; x_wconf 90' lang='lat'><em>2</em></span> 
     </span>
     <span class='ocr_line' id='line_1_13' title="bbox 209 1494 2121 1562; baseline -0.001 -15"><span class='ocrx_word' id='word_1_88' title='bbox 209 1506 262 1547; x_wconf 93' lang='lat' dir='ltr'>et</span> <span class='ocrx_word' id='word_1_89' title='bbox 305 1511 362 1560; x_wconf 80' lang='lat'>3,</span> <span class='ocrx_word' id='word_1_90' title='bbox 416 1495 720 1562; x_wconf 78' lang='lat' dir='ltr'>praemissis</span> <span class='ocrx_word' id='word_1_91' title='bbox 774 1512 889 1561; x_wconf 89' lang='lat' dir='ltr'>cap.</span> <span class='ocrx_word' id='word_1_92' title='bbox 943 1510 959 1544; x_wconf 88' lang='grc' dir='ltr'>Ι</span> <span class='ocrx_word' id='word_1_93' title='bbox 1009 1494 1348 1561; x_wconf 78' lang='lat' dir='ltr'>generalibus</span> <span class='ocrx_word' id='word_1_94' title='bbox 1402 1496 1540 1545; x_wconf 89' lang='lat' dir='ltr'>circa</span> <span class='ocrx_word' id='word_1_95' title='bbox 1591 1496 1904 1546; x_wconf 86' lang='lat' dir='ltr'>societatem</span> <span class='ocrx_word' id='word_1_96' title='bbox 1953 1497 2121 1547; x_wconf 90' lang='lat' dir='ltr'>notio-</span> 
     </span>
     <span class='ocr_line' id='line_1_14' title="bbox 209 1577 2122 1644; baseline -0.001 -15"><span class='ocrx_word' id='word_1_97' title='bbox 209 1579 377 1629; x_wconf 63' lang='lat' dir='ltr'>nibus</span> <span class='ocrx_word' id='word_1_98' title='bbox 461 1577 591 1644; x_wconf 87' lang='lat' dir='ltr'>Cap.</span> <span class='ocrx_word' id='word_1_99' title='bbox 633 1592 670 1640; x_wconf 83' lang='lat'>4</span> <span class='ocrx_word' id='word_1_100' title='bbox 711 1578 944 1644; x_wconf 82' lang='lat' dir='ltr'>denique</span> <span class='ocrx_word' id='word_1_101' title='bbox 997 1578 1369 1644; x_wconf 84' lang='lat' dir='ltr'>quaestionem</span> <span class='ocrx_word' id='word_1_102' title='bbox 1420 1578 1758 1628; x_wconf 83' lang='lat' dir='ltr'>instituemus</span> <span class='ocrx_word' id='word_1_103' title='bbox 1810 1579 1878 1628; x_wconf 92' lang='lat' dir='ltr'>de</span> <span class='ocrx_word' id='word_1_104' title='bbox 1919 1578 2122 1629; x_wconf 91' lang='lat' dir='ltr'>relatio-</span> 
     </span>
     <span class='ocr_line' id='line_1_15' title="bbox 209 1660 2121 1713; baseline -0.001 0"><span class='ocrx_word' id='word_1_105' title='bbox 209 1662 365 1713; x_wconf 88' lang='lat' dir='ltr'>nibus</span> <span class='ocrx_word' id='word_1_106' title='bbox 417 1661 741 1711; x_wconf 83' lang='lat' dir='ltr'>diversarum</span> <span class='ocrx_word' id='word_1_107' title='bbox 794 1661 1114 1711; x_wconf 80' lang='lat' dir='ltr'>societatum</span> <span class='ocrx_word' id='word_1_108' title='bbox 1169 1660 1400 1710; x_wconf 82' lang='lat' dir='ltr'>civilium</span> <span class='ocrx_word' id='word_1_109' title='bbox 1452 1661 1587 1711; x_wconf 91' lang='lat' dir='ltr'>inter</span> <span class='ocrx_word' id='word_1_110' title='bbox 1637 1679 1695 1711; x_wconf 91' lang='lat' dir='ltr'>se</span> <span class='ocrx_word' id='word_1_111' title='bbox 1745 1678 1841 1712; x_wconf 90' lang='lat' dir='ltr'>seu</span> <span class='ocrx_word' id='word_1_112' title='bbox 1893 1661 1961 1711; x_wconf 94' lang='lat' dir='ltr'>de</span> <span class='ocrx_word' id='word_1_113' title='bbox 2011 1661 2121 1712; x_wconf 90' lang='lat' dir='ltr'>iure</span> 
     </span>
     <span class='ocr_line' id='line_1_16' title="bbox 209 1743 613 1796; baseline -0.007 0"><span class='ocrx_word' id='word_1_114' title='bbox 209 1743 613 1796; x_wconf 88' lang='lat' dir='ltr'>internationali.</span> 
     </span>
    </p>
   </div>
   <div class='ocr_carea' id='block_1_5' title="bbox 575 1856 1749 2044">
    <p class='ocr_par' dir='ltr' id='par_1_5' title="bbox 575 1856 1749 2044">
     <span class='ocr_line' id='line_1_17' title="bbox 1015 1856 1316 1904; baseline -0.003 -1"><span class='ocrx_word' id='word_1_115' title='bbox 1015 1856 1243 1904; x_wconf 80' lang='lat' dir='ltr'>CAPUT</span> <span class='ocrx_word' id='word_1_116' title='bbox 1281 1858 1316 1903; x_wconf 85' lang='lat'>1.</span> 
     </span>
     <span class='ocr_line' id='line_1_18' title="bbox 575 1984 1749 2044; baseline 0.001 -1"><span class='ocrx_word' id='word_1_117' title='bbox 575 1984 692 2043; x_wconf 90' lang='lat' dir='ltr'>DE</span> <span class='ocrx_word' id='word_1_118' title='bbox 740 1984 1227 2044; x_wconf 81' lang='lat' dir='ltr'>SOCIETATE</span> <span class='ocrx_word' id='word_1_119' title='bbox 1275 1985 1749 2044; x_wconf 68' lang='lat' dir='ltr'>UNIVERSIM.</span> 
     </span>
    </p>
   </div>
   <div class='ocr_carea' id='block_1_6' title="bbox 966 2151 1363 2192">
    <p class='ocr_par' dir='ltr' id='par_1_6' title="bbox 966 2151 1363 2192">
     <span class='ocr_line' id='line_1_19' title="bbox 966 2151 1363 2192; baseline 0.008 -3"><span class='ocrx_word' id='word_1_120' title='bbox 966 2151 1297 2191; x_wconf 75' lang='lat' dir='ltr'>ARTICULUS</span> <span class='ocrx_word' id='word_1_121' title='bbox 1332 2152 1363 2192; x_wconf 88' lang='grc' dir='ltr'>Ι.</span> 
     </span>
    </p>
   </div>
   <div class='ocr_carea' id='block_1_7' title="bbox 1001 2270 1334 2330">
    <p class='ocr_par' dir='ltr' id='par_1_7' title="bbox 1001 2270 1334 2330">
     <span class='ocr_line' id='line_1_20' title="bbox 1001 2270 1334 2330; baseline 0 -13"><span class='ocrx_word' id='word_1_122' title='bbox 1001 2270 1176 2330; x_wconf 79' lang='lat' dir='ltr'><strong>QUID</strong></span> <span class='ocrx_word' id='word_1_123' title='bbox 1216 2270 1334 2317; x_wconf 79' lang='lat' dir='ltr'>siT.</span> 
     </span>
    </p>
   </div>
   <div class='ocr_carea' id='block_1_8' title="bbox 280 2387 2057 2442">
    <p class='ocr_par' dir='ltr' id='par_1_8' title="bbox 280 2387 2057 2442">
     <span class='ocr_line' id='line_1_21' title="bbox 280 2387 2057 2442; baseline 0 -14"><span class='ocrx_word' id='word_1_124' title='bbox 280 2388 525 2442; x_wconf 71' lang='lat' dir='ltr'>(Zallz&#39;ngcr‚</span> <span class='ocrx_word' id='word_1_125' title='bbox 558 2389 738 2429; x_wconf 80' lang='lat' dir='ltr'>Institut.</span> <span class='ocrx_word' id='word_1_126' title='bbox 774 2397 856 2428; x_wconf 85' lang='lat' dir='ltr'>nat.</span> <span class='ocrx_word' id='word_1_127' title='bbox 892 2402 933 2428; x_wconf 86' lang='lat' dir='ltr'>n.</span> <span class='ocrx_word' id='word_1_128' title='bbox 976 2389 1066 2428; x_wconf 85' lang='lat'>166.</span> <span class='ocrx_word' id='word_1_129' title='bbox 1134 2390 1288 2442; x_wconf 64' lang='lat' dir='ltr'>Akyer,</span> <span class='ocrx_word' id='word_1_130' title='bbox 1322 2389 1503 2429; x_wconf 82' lang='lat' dir='ltr'>Institut.</span> <span class='ocrx_word' id='word_1_131' title='bbox 1540 2389 1638 2428; x_wconf 88' lang='lat' dir='ltr'>iuris</span> <span class='ocrx_word' id='word_1_132' title='bbox 1673 2396 1757 2429; x_wconf 88' lang='lat' dir='ltr'>nat.</span> <span class='ocrx_word' id='word_1_133' title='bbox 1791 2390 1822 2439; x_wconf 80' lang='grc' dir='ltr'>Ι,</span> <span class='ocrx_word' id='word_1_134' title='bbox 1859 2403 1898 2429; x_wconf 91' lang='lat' dir='ltr'>n.</span> <span class='ocrx_word' id='word_1_135' title='bbox 1934 2387 2057 2442; x_wconf 81' lang='lat'><strong>347.)</strong></span> 
     </span>
    </p>
   </div>
   <div class='ocr_carea' id='block_1_9' title="bbox 214 2508 2124 2658">
    <p class='ocr_par' dir='ltr' id='par_1_9' title="bbox 214 2508 2124 2658">
     <span class='ocr_line' id='line_1_22' title="bbox 214 2508 2124 2574; baseline -0.002 -13"><span class='ocrx_word' id='word_1_136' title='bbox 214 2519 362 2573; x_wconf 89' lang='lat'><strong>427.</strong></span> <span class='ocrx_word' id='word_1_137' title='bbox 452 2523 492 2560; x_wconf 90' lang='grc' dir='ltr'>Ι.</span> <span class='ocrx_word' id='word_1_138' title='bbox 537 2508 777 2559; x_wconf 73' lang='lat' dir='ltr'>Sociclas</span> <span class='ocrx_word' id='word_1_139' title='bbox 807 2517 887 2559; x_wconf 75' lang='lat' dir='ltr'>est</span> <span class='ocrx_word' id='word_1_140' title='bbox 910 2508 1200 2559; x_wconf 67' lang='lat' dir='ltr'>coniunctio</span> <span class='ocrx_word' id='word_1_141' title='bbox 1229 2509 1465 2559; x_wconf 70' lang='lat' dir='ltr'>moralis</span> <span class='ocrx_word' id='word_1_142' title='bbox 1492 2518 1543 2560; x_wconf 78' lang='lat' dir='ltr'>et</span> <span class='ocrx_word' id='word_1_143' title='bbox 1565 2509 1777 2559; x_wconf 72' lang='lat' dir='ltr'>stabilis</span> <span class='ocrx_word' id='word_1_144' title='bbox 1792 2508 2040 2574; x_wconf 65' lang='lat' dir='ltr'>plurium</span> <span class='ocrx_word' id='word_1_145' title='bbox 2068 2508 2124 2559; x_wconf 80' lang='lat' dir='ltr'>in</span> 
     </span>
     <span class='ocr_line' id='line_1_23' title="bbox 214 2591 1891 2658; baseline -0.001 -16"><span class='ocrx_word' id='word_1_146' title='bbox 214 2609 538 2642; x_wconf 76' lang='lat' dir='ltr'>communem</span> <span class='ocrx_word' id='word_1_147' title='bbox 581 2591 816 2657; x_wconf 73' lang='lat' dir='ltr'>aliquem</span> <span class='ocrx_word' id='word_1_148' title='bbox 841 2592 1014 2658; x_wconf 67' lang='lat' dir='ltr'>finem</span> <span class='ocrx_word' id='word_1_149' title='bbox 1055 2592 1169 2641; x_wconf 77' lang='lat' dir='ltr'>sm&#39;s</span> <span class='ocrx_word' id='word_1_150' title='bbox 1209 2592 1413 2642; x_wconf 73' lang='lat' dir='ltr'>aclibus</span> <span class='ocrx_word' id='word_1_151' title='bbox 1455 2591 1891 2657; x_wconf 67' lang='lat' dir='ltr'>conspirantium.</span> 
     </span>
    </p>
   </div>
   <div class='ocr_carea' id='block_1_10' title="bbox 213 2678 2128 3390">
    <p class='ocr_par' dir='ltr' id='par_1_10' title="bbox 213 2678 2128 3390">
     <span class='ocr_line' id='line_1_24' title="bbox 289 2678 2126 2746; baseline -0.001 -16"><span class='ocrx_word' id='word_1_152' title='bbox 289 2681 496 2730; x_wconf 91' lang='lat' dir='ltr'>Dicitur</span> <span class='ocrx_word' id='word_1_153' title='bbox 545 2681 596 2744; x_wconf 86' lang='lat' dir='ltr'>a)</span> <span class='ocrx_word' id='word_1_154' title='bbox 650 2681 957 2730; x_wconf 90' lang='lat' dir='ltr'>coniunctio</span> <span class='ocrx_word' id='word_1_155' title='bbox 1010 2680 1270 2742; x_wconf 73' lang='lat' dir='ltr'>moraliS,</span> <span class='ocrx_word' id='word_1_156' title='bbox 1326 2680 1356 2730; x_wconf 93' lang='lat' dir='ltr'>i.</span> <span class='ocrx_word' id='word_1_157' title='bbox 1413 2698 1456 2731; x_wconf 89' lang='lat' dir='ltr'>e.</span> <span class='ocrx_word' id='word_1_158' title='bbox 1512 2680 1657 2741; x_wconf 75' lang='lat' dir='ltr'>talis,</span> <span class='ocrx_word' id='word_1_159' title='bbox 1714 2697 1853 2746; x_wconf 86' lang='lat' dir='ltr'>quae</span> <span class='ocrx_word' id='word_1_160' title='bbox 1903 2678 2126 2729; x_wconf 83' lang='lat' dir='ltr'>vinculis</span> 
     </span>
     <span class='ocr_line' id='line_1_25' title="bbox 213 2761 2125 2830; baseline -0.001 -17"><span class='ocrx_word' id='word_1_161' title='bbox 213 2762 572 2830; x_wconf 82' lang='lat' dir='ltr'>spiritualibus</span> <span class='ocrx_word' id='word_1_162' title='bbox 601 2762 840 2824; x_wconf 86' lang='lat' dir='ltr'>efficitur,</span> <span class='ocrx_word' id='word_1_163' title='bbox 872 2779 901 2812; x_wconf 89' lang='lat' dir='ltr'>a</span> <span class='ocrx_word' id='word_1_164' title='bbox 930 2780 1036 2828; x_wconf 83' lang='lat' dir='ltr'>qua</span> <span class='ocrx_word' id='word_1_165' title='bbox 1064 2763 1213 2829; x_wconf 87' lang='lat' dir='ltr'>proin</span> <span class='ocrx_word' id='word_1_166' title='bbox 1246 2780 1353 2812; x_wconf 92' lang='lat' dir='ltr'>non</span> <span class='ocrx_word' id='word_1_167' title='bbox 1382 2762 1559 2812; x_wconf 88' lang='lat' dir='ltr'>solum</span> <span class='ocrx_word' id='word_1_168' title='bbox 1587 2762 1903 2828; x_wconf 78' lang='lat' dir='ltr'>aggregatio</span> <span class='ocrx_word' id='word_1_169' title='bbox 1926 2761 2125 2811; x_wconf 88' lang='lat' dir='ltr'>entium</span> 
     </span>
     <span class='ocr_line' id='line_1_26' title="bbox 214 2842 2125 2911; baseline -0.001 -16"><span class='ocrx_word' id='word_1_170' title='bbox 214 2845 623 2907; x_wconf 87' lang='lat' dir='ltr'>irrationalium,</span> <span class='ocrx_word' id='word_1_171' title='bbox 667 2854 724 2895; x_wconf 91' lang='lat' dir='ltr'>ut</span> <span class='ocrx_word' id='word_1_172' title='bbox 776 2861 1002 2894; x_wconf 75' lang='lat' dir='ltr'>examen</span> <span class='ocrx_word' id='word_1_173' title='bbox 1055 2861 1243 2911; x_wconf 83' lang='lat' dir='ltr'>apum,</span> <span class='ocrx_word' id='word_1_174' title='bbox 1299 2845 1396 2894; x_wconf 86' lang='lat' dir='ltr'>sed</span> <span class='ocrx_word' id='word_1_175' title='bbox 1438 2845 1599 2894; x_wconf 88' lang='lat' dir='ltr'>etiam</span> <span class='ocrx_word' id='word_1_176' title='bbox 1639 2845 1915 2894; x_wconf 89' lang='lat' dir='ltr'>hominum</span> <span class='ocrx_word' id='word_1_177' title='bbox 1956 2842 2125 2893; x_wconf 92' lang='lat' dir='ltr'>multi-</span> 
     </span>
     <span class='ocr_line' id='line_1_27' title="bbox 214 2924 2125 2992; baseline -0.002 -13"><span class='ocrx_word' id='word_1_178' title='bbox 214 2929 347 2979; x_wconf 90' lang='lat' dir='ltr'>tudo</span> <span class='ocrx_word' id='word_1_179' title='bbox 399 2929 452 2978; x_wconf 91' lang='lat' dir='ltr'>in</span> <span class='ocrx_word' id='word_1_180' title='bbox 504 2945 669 2977; x_wconf 90' lang='lat' dir='ltr'>unum</span> <span class='ocrx_word' id='word_1_181' title='bbox 723 2926 904 2977; x_wconf 87' lang='lat' dir='ltr'>locum</span> <span class='ocrx_word' id='word_1_182' title='bbox 956 2934 1215 2992; x_wconf 88' lang='lat' dir='ltr'>congesta</span> <span class='ocrx_word' id='word_1_183' title='bbox 1268 2934 1321 2977; x_wconf 89' lang='lat' dir='ltr'>et</span> <span class='ocrx_word' id='word_1_184' title='bbox 1361 2945 1470 2977; x_wconf 92' lang='lat' dir='ltr'>non</span> <span class='ocrx_word' id='word_1_185' title='bbox 1514 2927 1610 2977; x_wconf 92' lang='lat' dir='ltr'>nisi</span> <span class='ocrx_word' id='word_1_186' title='bbox 1651 2935 1874 2977; x_wconf 83' lang='lat' dir='ltr'>externo</span> <span class='ocrx_word' id='word_1_187' title='bbox 1914 2924 2125 2976; x_wconf 88' lang='lat' dir='ltr'>vinculo</span> 
     </span>
     <span class='ocr_line' id='line_1_28' title="bbox 217 3009 2123 3076; baseline -0.001 -16"><span class='ocrx_word' id='word_1_188' title='bbox 217 3011 390 3071; x_wconf 89' lang='lat' dir='ltr'>unita,</span> <span class='ocrx_word' id='word_1_189' title='bbox 442 3029 490 3061; x_wconf 87' lang='lat' dir='ltr'>v.</span> <span class='ocrx_word' id='word_1_190' title='bbox 546 3027 595 3076; x_wconf 91' lang='lat' dir='ltr'>g.</span> <span class='ocrx_word' id='word_1_191' title='bbox 657 3009 942 3059; x_wconf 88' lang='lat' dir='ltr'>multitudo</span> <span class='ocrx_word' id='word_1_192' title='bbox 999 3009 1278 3059; x_wconf 89' lang='lat' dir='ltr'>hominum</span> <span class='ocrx_word' id='word_1_193' title='bbox 1335 3010 1403 3059; x_wconf 90' lang='lat' dir='ltr'>ad</span> <span class='ocrx_word' id='word_1_194' title='bbox 1460 3010 1724 3059; x_wconf 89' lang='lat' dir='ltr'>nundinas</span> <span class='ocrx_word' id='word_1_195' title='bbox 1781 3016 2123 3074; x_wconf 85' lang='lat' dir='ltr'>congregata,</span> 
     </span>
     <span class='ocr_line' id='line_1_29' title="bbox 217 3091 2128 3157; baseline -0.002 -14"><span class='ocrx_word' id='word_1_196' title='bbox 217 3092 532 3143; x_wconf 82' lang='lat' dir='ltr'>excluditur.</span> <span class='ocrx_word' id='word_1_197' title='bbox 614 3091 707 3142; x_wconf 82' lang='lat' dir='ltr'>Ad</span> <span class='ocrx_word' id='word_1_198' title='bbox 756 3109 935 3142; x_wconf 85' lang='lat' dir='ltr'>veram</span> <span class='ocrx_word' id='word_1_199' title='bbox 990 3092 1128 3141; x_wconf 92' lang='lat' dir='ltr'>enim</span> <span class='ocrx_word' id='word_1_200' title='bbox 1180 3093 1496 3142; x_wconf 87' lang='lat' dir='ltr'>societatem</span> <span class='ocrx_word' id='word_1_201' title='bbox 1550 3092 1854 3157; x_wconf 86' lang='lat' dir='ltr'>requiritur,</span> <span class='ocrx_word' id='word_1_202' title='bbox 1911 3098 1966 3140; x_wconf 89' lang='lat' dir='ltr'>ut</span> <span class='ocrx_word' id='word_1_203' title='bbox 2016 3091 2128 3140; x_wconf 91' lang='lat' dir='ltr'>eius</span> 
     </span>
     <span class='ocr_line' id='line_1_30' title="bbox 218 3172 2124 3240; baseline -0.002 -15"><span class='ocrx_word' id='word_1_204' title='bbox 218 3175 461 3225; x_wconf 87' lang='lat' dir='ltr'>membra</span> <span class='ocrx_word' id='word_1_205' title='bbox 490 3191 831 3225; x_wconf 88' lang='lat' dir='ltr'>communem</span> <span class='ocrx_word' id='word_1_206' title='bbox 861 3174 1022 3224; x_wconf 88' lang='lat' dir='ltr'>finem</span> <span class='ocrx_word' id='word_1_207' title='bbox 1052 3183 1387 3240; x_wconf 89' lang='lat' dir='ltr'>cognoscant</span> <span class='ocrx_word' id='word_1_208' title='bbox 1416 3183 1468 3224; x_wconf 91' lang='lat' dir='ltr'>et</span> <span class='ocrx_word' id='word_1_209' title='bbox 1494 3175 1546 3224; x_wconf 93' lang='lat' dir='ltr'>in</span> <span class='ocrx_word' id='word_1_210' title='bbox 1576 3174 1763 3224; x_wconf 89' lang='lat' dir='ltr'>ordine</span> <span class='ocrx_word' id='word_1_211' title='bbox 1790 3173 1860 3224; x_wconf 89' lang='lat' dir='ltr'>ad</span> <span class='ocrx_word' id='word_1_212' title='bbox 1893 3172 2124 3223; x_wconf 92' lang='lat' dir='ltr'>eundem</span> 
     </span>
     <span class='ocr_line' id='line_1_31' title="bbox 219 3254 2128 3322; baseline -0.002 -15"><span class='ocrx_word' id='word_1_213' title='bbox 219 3256 513 3307; x_wconf 91' lang='lat' dir='ltr'>volendum</span> <span class='ocrx_word' id='word_1_214' title='bbox 565 3265 618 3307; x_wconf 90' lang='lat' dir='ltr'>et</span> <span class='ocrx_word' id='word_1_215' title='bbox 670 3256 830 3306; x_wconf 89' lang='lat' dir='ltr'>unitis</span> <span class='ocrx_word' id='word_1_216' title='bbox 870 3257 1068 3307; x_wconf 86' lang='lat' dir='ltr'>viribus</span> <span class='ocrx_word' id='word_1_217' title='bbox 1121 3256 1563 3322; x_wconf 86' lang='lat' dir='ltr'>consequendum</span> <span class='ocrx_word' id='word_1_218' title='bbox 1612 3256 1808 3306; x_wconf 88' lang='lat' dir='ltr'>mutuis</span> <span class='ocrx_word' id='word_1_219' title='bbox 1847 3254 2035 3305; x_wconf 89' lang='lat' dir='ltr'>officiis</span> <span class='ocrx_word' id='word_1_220' title='bbox 2075 3261 2128 3304; x_wconf 91' lang='lat' dir='ltr'>et</span> 
     </span>
     <span class='ocr_line' id='line_1_32' title="bbox 219 3339 842 3390; baseline 0.002 -2"><span class='ocrx_word' id='word_1_221' title='bbox 219 3339 417 3389; x_wconf 87' lang='lat' dir='ltr'>iuribus</span> <span class='ocrx_word' id='word_1_222' title='bbox 458 3339 842 3390; x_wconf 88' lang='lat' dir='ltr'>contineantur.</span> 
     </span>
    </p>
   </div>
  </div>
 </body>
</html>
