2182 3682
228 175 298 236 64
633 185 745 214 PARS
780 186 809 215 1.
861 185 1175 215 PHILOSOPHIA
1209 186 1412 215 MORALIS
1447 186 1727 228 GENERALIS,

229 318 331 383 67.
452 334 497 385 3.
542 320 858 371 Doctrinam
898 321 1064 371 modo
1107 322 1408 388 expositam
1439 320 1773 391 Sff‚H9⁷nas
1809 325 1963 374 variis
2001 324 2132 376 locis

223 402 362 452 clare
413 403 588 454 tradit.
671 398 757 454 Sic
798 422 845 453 v.
891 421 942 470 g.
986 404 1079 474 ait:
1140 403 1393 453 «Bonitas
1445 403 1732 454 voluntatis
1788 407 2061 472 dependet
2100 423 2132 457 a

223 485 464 535 bonitate
513 485 692 536 voliti»
752 487 833 549 (Ι,
895 500 956 547 2,
1007 480 1067 552 q.
1133 499 1222 549 19,
1278 501 1323 535 a.
1383 497 1440 550 7;
1508 486 1572 537 cf.
1629 487 1697 537 ib.
1752 503 1797 538 a.
1837 488 1925 552 i).
2006 488 2161 557 Hoc·

222 566 343 617 loco
386 567 438 618 S.
483 568 694 618 Doctor
735 569 1009 633 distinguit
1050 567 1322 634 duplicem
1375 568 1672 619 bonitatem
1715 569 2128 635 (honestatem):

221 667 380 699 unam
420 650 732 710 voluntatis,
772 650 800 700 i.
846 667 890 700 e.
935 659 1086 700 actus
1125 649 1413 700 voluntatis
1453 651 1772 715 (bonitatem
1813 651 2128 717 formalem),

220 731 440 782 alteram
493 732 664 794 veliti,
718 733 747 782 i.
793 749 836 783 e.
881 732 1105 793 obiecti,
1152 734 1211 782 ‘in
1264 733 1413 798 quod
1469 732 1718 784 voluntas
1758 734 1922 784 fertur
1962 735 2130 800 (boni-

219 822 386 864 tatem
446 814 806 877 obiectivam).
898 814 1176 864 Praeterea
1242 815 1427 864 asserit
1490 815 1788 866 bonitatem
1843 816 2132 867 voluntatis

218 896 514 962 dependere
554 914 584 946 a
624 897 865 946 bonitate
907 897 1103 947 obiecti
1143 896 1308 957 voliti,
1350 915 1442 947 seu
1472 898 1769 948 bonitatem
1811 899 2130 950 obiectivam

219 996 335 1028 esse
391 996 605 1029 causam
662 979 916 1029 bonitatis
971 979 1220 1030 formalis.
1314 979 1463 1030 Alibi
1519 981 1672 1030 dicit:
1737 981 1981 1031 «Bonum
2037 1000 2132 1049 per

218 1061 477 1111 rationem
518 1070 944 1127 repraesentatur
997 1062 1258 1113 voluntati
1310 1071 1368 1112 ut
1410 1063 1722 1114 obiectum.
1758 1104 1766 1112 .
1801 1105 1809 1113 .
1854 1072 1908 1114 et
1948 1074 2131 1114 causat

217 1143 514 1193 bonitatem
556 1144 813 1194 moralem
866 1145 917 1194 in
958 1152 1112 1195 actu»
1162 1144 1213 1209 (l.
1259 1163 1303 1195 c.
1346 1162 1391 1195 a.
1446 1160 1463 1194 Ι
1512 1145 1580 1195 ad
1624 1146 1693 1209 3).
1774 1146 1926 1196 Idem
1969 1147 2131 1197 docet

226 1241 266 1286 Ι,
313 1240 360 1287 2,
405 1244 455 1292 q.
508 1228 596 1288 18,
656 1244 699 1276 a.
747 1241 793 1277 2.
875 1225 983 1277 Sed
1027 1237 1238 1277 contra:
1301 1227 1529 1277 «malitia
1571 1229 1896 1293 operationis
1937 1237 2017 1278 est
2055 1246 2131 1279 se-

217 1308 454 1357 cundum
496 1309 693 1358 obiecta
735 1309 904 1362 mala.
948 1327 1086 1375 quae
1128 1309 1298 1375 diligit
1339 1310 1520 1371 homo,
1565 1317 1618 1361 et
1658 1311 1846 1360 eadem
1889 1319 1969 1360 est
1996 1312 2130 1361 ratio

219 1390 287 1439 de
328 1390 568 1441 bonitate
608 1392 881 1441 actionis».
966 1391 1106 1457 Quia
1160 1393 1374 1442 bonitas
1429 1401 1481 1442 et
1522 1391 1719 1442 malitia
1759 1400 1909 1442 actus
1947 1392 2130 1443 volun-

216 1473 338 1522 tatis
398 1474 672 1540 dependet
730 1491 760 1523 a
819 1475 1059 1523 bonitate
1119 1484 1172 1524 et
1232 1474 1430 1524 malitia
1489 1474 1686 1524 obiecti
1746 1475 1929 1536 voliti,
1992 1475 2130 1526 hanc

218 1556 571 1621 posteriorem
613 1556 664 1606 S.
698 1555 940 1606 Thomas
987 1556 1446 1622 «primordialem»
1481 1564 1641 1607 vocat
1669 1557 1776 1621 (De
1804 1557 1946 1607 malo
1989 1575 2039 1624 q.
2080 1571 2127 1619 2,

219 1654 263 1687 a.
311 1638 378 1702 3).
446 1638 666 1707 Bonitas
707 1640 970 1689 obiectiva
1011 1648 1218 1689 actlczmz
1260 1639 1619 1689 humanorum
1673 1639 1914 1690 consistit
1952 1640 2003 1689 in
2045 1658 2127 1701 eo,

220 1721 368 1786 quod
410 1710 646 1772 habeant
687 1722 924 1772 debitam
966 1723 1241 1771 materiam
1285 1731 1337 1771 et
1378 1722 1827 1791 circumstantias,
1883 1731 1942 1772 ut
1981 1731 2130 1789 patet

219 1820 288 1851 ex
329 1803 403 1864 iis,
448 1820 586 1869 quae
615 1803 666 1855 S.
700 1805 910 1854 Doctor
951 1805 1189 1870 disputat
1229 1805 1369 1867 inl,
1416 1818 1462 1866 2,
1508 1822 1558 1870 q.
1599 1818 1682 1866 20,
1727 1822 1772 1854 a.
1823 1819 1841 1854 Ι
1890 1813 1944 1854 et
1986 1819 2033 1866 2,
2077 1814 2129 1855 et

219 1885 279 1934 In
322 1899 369 1947 2,
415 1886 532 1936 dist.
576 1901 664 1949 40,
709 1904 758 1953 q.
800 1901 841 1947 Ι,
886 1904 930 1936 a.
977 1901 1023 1951 3.
1094 1885 1354 1951 Quamvis
1384 1887 1525 1936 enim
1564 1887 1636 1937 ibi
1664 1886 1841 1937 solum
1882 1886 2130 1954 loquatur

220 1968 287 2017 de
328 1969 537 2019 actibus
577 1970 956 2031 exterioribus,
1013 1970 1256 2020 doctrina
1311 1970 1559 2035 exposita
1608 1987 1706 2019 suo
1761 1970 1927 2020 modo
1968 1971 2129 2020 etiam

218 2050 359 2101 valet
400 2051 468 2101 de
509 2052 750 2102 bonitate
792 2060 845 2102 et
886 2051 1084 2102 malitia
1125 2052 1391 2102 obiectiva
1431 2062 1650 2102 actuum
1690 2053 2013 2103 interiorum.

222 2203 324 2256 68.
402 2221 452 2268 4.
507 2207 594 2256 Ex
646 2208 800 2258 dictis
842 2207 1018 2258 elucet
1059 2207 1514 2258 fundamentalem
1553 2208 1922 2273 quaestionem
1963 2208 2015 2257 in
2055 2208 2126 2258 in-

216 2289 532 2354 vestiganda
571 2307 759 2339 norma
809 2290 1105 2340 honestatis
1146 2307 1288 2340 esse:
1347 2307 1612 2359 quaenam
1653 2290 1720 2339 sit
1759 2307 1975 2351 norma,
2020 2307 2127 2356 qua

215 2370 468 2420 honestas
518 2371 601 2421 vel
653 2372 961 2422 inhonestas
1014 2372 1203 2422 obiecti
1240 2364 1514 2436 (honestas
1564 2360 1648 2421 vel
1696 2370 2006 2422 inhonestas
2047 2372 2125 2422 ob-

214 2453 429 2520 ieelim)
485 2455 713 2505 discerni
768 2456 949 2521 possit.
1009 2455 1301 2505 —Porro
1357 2472 1465 2504 non
1521 2455 1827 2520 quaerimus
1880 2471 2124 2504 normam

213 2553 357 2586 mere
398 2537 761 2599 materialevz,
805 2555 944 2604 quae
984 2537 1160 2587 solum
1200 2537 1414 2599 indicet,
1458 2537 1588 2603 quid
1616 2537 1683 2586 sit
1722 2536 2123 2597 honestum‚vel

212 2618 581 2680 inhonestum,
639 2620 735 2669 sed
791 2637 1034 2689 normam
1061 2618 1404 2685 formalem,
1463 2635 1600 2685 quae
1653 2619 1809 2668 nobis
1849 2619 2007 2687 etiam
2049 2636 2122 2668 ra-

211 2701 413 2751 tionem
476 2702 813 2752 intrinsecam
844 2688 1178 2752 :hone-'statis
1240 2701 1323 2751 vel
1391 2701 1743 2751 inhonestatis
1800 2699 2118 2751 manifestet.

212 2782 416 2833 Norma
471 2785 754 2834 materialis
810 2793 951 2835 esset
1001 2803 1048 2835 v.
1104 2801 1155 2850 g.
1212 2783 1460 2834 voluntas
1500 2783 1606 2834 Dei
1659 2783 1989 2849 praecipiens
2037 2782 2121 2832 vel

213 2866 506 2931 prohibens
546 2866 631 2916 vel
671 2867 918 2918 suadens.

213 3017 314 3082 69.
395 3020 488 3070 Ad
540 3024 872 3088 propositam
924 3040 1055 3089 ergo
1112 3022 1483 3088 quaestionem
1524 3019 1914 3085 respondemus
1974 3018 2119 3069 illam

210 3118 454 3161 normam
506 3120 622 3153 esse
677 3113 920 3154 naturam
986 3102 1302 3154 rationalem
1358 3119 1464 3169 qua
1521 3100 1711 3162 talem,
1782 3117 1877 3150 seu
1933 3109 1991 3150 ut
2045 3118 2118 3150 ra-

210 3183 419 3234 tionalis
460 3194 554 3236 est.
624 3183 934 3251 Spectanda
962 3195 1042 3235 est
1069 3194 1250 3235 autem
1289 3184 1423 3234 haec
1451 3192 1638 3233 natura
1666 3182 1933 3248 complete,
1974 3184 2114 3254 {ese-³

1916 3253 1978 3269 f

285 3282 334 3345 a)
374 3283 672 3332 secundum
713 3300 892 3333 onmes
919 3291 1131 3347 partes,
1172 3288 1286 3331 tum
1329 3279 1641 3331 rationalem
1669 3288 1783 3329 tum
1811 3276 2117 3330 sensitivam

210 3369 323 3411 tum
364 3365 739 3430 vegetativam,
785 3359 1084 3414 dummodo
1126 3364 1226 3413 hae
1255 3363 1577 3429 posteriores
1617 3362 2020 3411 considerentur
2061 3368 2117 3410 ut
