2182 3682
115 176 214 206 CAP.
249 176 315 205 111.
361 176 422 204 DE
455 176 690 205 BONITATE
723 176 781 205 ET
815 176 1014 205 MALITIA
1049 177 1228 205 MORALI
1261 178 1460 207 ACTUUM
1493 179 1818 210 HUMANORUM.
1883 179 1948 233 59

126 311 219 361 Ad
296 312 562 378 duplicem
628 330 787 378 porro
855 312 1080 362 classem
1145 314 1457 378 positivismi
1520 325 1809 366 assertores
1876 334 1948 366 re-

52 401 322 444 vocantur.
403 394 596 443 Prz’ma
636 393 765 443 illud
819 394 1102 444 discrimen
1154 395 1222 444 ab
1264 395 1382 460 ipso
1423 395 1638 446 homine
1679 399 1787 447 sive
1829 416 1949 448 con-

49 475 165 525 silio
216 476 326 525 sive
378 485 586 541 praeter
637 475 912 525 consilium
966 475 1181 525 fortuito
1231 476 1486 542 paulatim
1526 478 1792 528 invectum
1834 497 1949 529 esse

53 557 192 606 dicit.
261 557 340 606 Ita
379 558 514 607 inter
554 567 760 607 veteres
816 556 1126 607 Cmneadcs
1173 557 1379 624 aliique.
1448 559 1590 608 Inter
1631 562 1950 610 recentiores

53 638 267 714 Hobbes
305 638 391 688 illa
443 639 634 689 iudicia
686 639 753 688 de
805 639 1044 688 bonitate
1097 649 1149 688 et
1202 639 1400 690 malitia
1453 640 1639 690 morali
1679 642 1949 691 actionum

53 738 148 790 per
187 720 473 770 humanam
516 721 935 787 legislationem,
992 720 1070 770 Sz‘-
1076 720 1336 771 Lamberz‘
1374 740 1468 788 per
1509 724 1950 773 consuetudinem

51 810 119 872 61Π
159 803 464 868 opinionem
521 801 793 868 publicam
849 803 1151 852 introducta
1207 821 1323 853 esse
1379 804 1614 869 fingunt,
1670 805 1734 853 B
1790 805 1949 854 filan-

51 885 248 934 deville
287 902 381 950 per
432 885 793 934 inventionem
834 885 1065 934 virorum
1118 886 1331 950 ingenio
1386 896 1438 935 et
1486 888 1799 936 auctoritate
1839 886 1950 952 pol-

50 966 285 1035 lentium.
368 967 465 1016 Per
504 967 720 1016 easdem
763 983 970 1028 causas,
1016 967 1208 1032 quibus
1250 968 1531 1017 discrimen
1573 969 1707 1018 inter
1746 969 1948 1018 bonum

51 1036 351 1098 e'fi‘“malum
404 1049 767 1098 introductum
822 1057 926 1109 est,
987 1058 1246 1114 perpetuo
1300 1059 1545 1099 mutatur.
1640 1049 1949 1100 Secundum

49 1130 336 1181 N'z'etasclte
377 1131 618 1180 doctrina
670 1130 881 1180 moralis
933 1131 1118 1197 vigens
1171 1140 1250 1180 est
1301 1133 1518 1197 propria
1566 1132 1947 1198 mancipiorum

50 1220 102 1262 et
157 1229 438 1278 perperam
495 1230 590 1278 per
642 1213 1086 1262 christianismum
1139 1213 1494 1279 principatum
1548 1214 1803 1275 obtinuit3
1859 1214 1950 1264 ho—

50 1295 217 1344 mines
273 1295 564 1344 eminentes
615 1303 888 1344 versantur
940 1304 1083 1345 trans
1136 1296 1341 1344 bonum
1394 1303 1447 1345 et
1498 1295 1712 1346 malum.
1794 1296 1949 1345 Multi

51 1377 381 1427 Positivistae
447 1385 499 1426 et
558 1377 879 1426 Darwiniani
945 1394 1039 1443 per
1104 1376 1464 1426 evolutionem
1531 1377 1783 1444 paulatim
1851 1379 1950 1427 dis-

51 1460 248 1509 crimen
299 1460 433 1508 inter
484 1460 685 1508 bonum
727 1468 780 1508 et
821 1459 1016 1508 malum
1060 1459 1341 1509 invaluisse
1383 1461 1730 1509 contendunt.
1813 1460 1946 1509 Cum

50 1542 188 1592 enim
240 1547 444 1607 ponant
496 1541 766 1590 hominem
820 1558 926 1590 non
980 1559 1008 1590 a
1050 1542 1171 1591 Deo
1223 1551 1457 1591 creatum
1510 1559 1650 1603 esse,
1705 1543 1799 1592 sed
1851 1542 1948 1591 for-

51 1608 412 1674 tuitffse—ex
463 1630 604 1672 statu
656 1622 871 1672 beluino
925 1623 1210 1684 exolxisse,
1267 1625 1564 1674 necessario
1618 1641 1814 1689 negare
1867 1641 1950 1673 co·

55 1714 249 1772 guntur
289 1705 401 1754 dari
441 1705 779 1754 intrinsecum
822 1712 874 1754 et
915 1705 1207 1755 universale
1251 1706 1531 1755 discrimen
1573 1706 1707 1755 inter
1747 1706 1948 1755 bonum

54 1795 107 1837 et
146 1787 355 1836 malum.

126 1869 320 1918 Altera
361 1868 579 1933 classis.
623 1869 690 1918 ad
733 1886 891 1934 quam
933 1869 1197 1935 pertinent
1238 1869 1414 1935 plures
1455 1869 1782 1930 Nominales,
1833 1869 1950 1920 Car—

53 1951 212 2001 tesius
233 1940 305 2000 et
346 1925 727 2011 PufendorfiuS,
773 1968 931 2000 omne
973 1952 1255 2001 disciimen
1297 1952 1498 2002 morale
1539 1953 1673 2002 inter
1713 1953 1950 2002 actiones

51 2033 310 2083 humanas
349 2049 381 2082 a
421 2032 585 2083 libera
624 2033 726 2082 Dei
767 2032 1051 2083 voluntate
1083 2034 1300 2084 derivat.

801 2174 1068 2223 THESIS
1105 2176 1199 2222 XI.

55 2256 155 2309 62.
272 2267 416 2314 Sunt
462 2267 712 2314 actiones
759 2267 1060 2315 intrinsece
1110 2275 1164 2314 et
1213 2274 1411 2314 natura
1457 2282 1560 2315 sua
1597 2268 1836 2329 ideoque
1873 2268 1950 2314 in-

53 2342 438 2401 dependenter
463 2356 494 2388 a
520 2356 878 2403 quacumque
895 2342 1184 2389 voluntate
1204 2344 1476 2389 honestae
1494 2343 1584 2389 vel
1602 2342 1950 2390 inhonestae.

129 2441 218 2493 St.
264 2441 340 2508 Q.
430 2459 470 2494 1.
516 2443 670 2495 Ultro
722 2445 1068 2495 concedimus
1110 2445 1302 2495 multas
1343 2446 1581 2519 actiones
1622 2463 1729 2494 non
1771 2463 1838 2495 ex
1879 2462 1951 2509 se,

51 2525 147 2575 sed
187 2526 310 2575 ideo
350 2525 525 2575 solum
554 2543 670 2576 esse
699 2526 954 2597 honestas
981 2527 1062 2577 vel
1093 2528 1418 2595 inhonestas,
1463 2545 1590 2593 qma
1619 2527 1794 2593 aliqua
1835 2526 1953 2593 lege

51 2617 371 2677 praeceptae
398 2608 482 2658 vel
511 2595 815 2685 prohibitae
840 2617 976 2660 sunt.
1041 2608 1148 2660 Sed
1180 2592 1553 2660 contendimus
1582 2627 1698 2659 esse
1728 2600 1954 2675 praeter-

53 2707 116 2739 ea
154 2689 356 2740 morale
397 2691 678 2741 discrimen
713 2700 1073 2746 lnl‘lmsecmll
1118 2709 1224 2758 quo
1253 2692 1474 2757 alzqztae
1500 2691 1690 2741 saltem
1717 2693 1954 2742 actiones

53 2772 157 2822 sint
196 2772 456 2822 honestae
495 2772 579 2822 vel
619 2774 933 2824 inhonestae
962 2783 1071 2839 pel*
1108 2792 1164 2823 se
1205 2783 1257 2823 et
1297 2783 1498 2824 natura
1539 2791 1665 2839 sua,
1717 2774 1855 2824 adeo
1897 2781 1955 2823 ut

53 2853 429 2920 intellegantur
478 2864 798 2921 praeceptae
838 2855 920 2906 vel
973 2856 1300 2922 prohibitae,
1356 2857 1477 2922 quia
1528 2865 1651 2905 sunt
1697 2856 1954 2905 honestae

53 2935 137 2986 vel
178 2936 505 2987 inhonestae.

131 3032 176 3069 2.
239 3019 363 3068 Non
423 3019 747 3070 affirmamus
806 3020 1105 3070 bonitatem
1164 3028 1218 3070 et
1277 3020 1531 3071 malitiam
1591 3028 1806 3069 actuum
1866 3018 1953 3067 1111-

55 3116 332 3150 manorum
372 3102 624 3168 complete
663 3119 780 3152 esse
820 3119 851 3152 a
891 3111 1182 3178 praecepto
1223 3102 1307 3152 vel
1348 3102 1709 3168 prohibitione
1742 3101 1844 3150 Dei
1884 3101 1959 3171 111

55 3183 476 3249 dependentem3
535 3185 630 3234 sed
682 3184 855 3234 solum
908 3176 1289 3235 antecedenter
1344 3185 1412 3234 ad
1464 3168 1797 3233 voluntatem
1850 3183 1953 3232 Dei

56 3265 469 3331 praecipientem
509 3266 592 3315 vel
645 3267 1020 3333 prohibentem
1073 3284 1189 3317 esse
1240 3269 1290 3317 in
1343 3266 1442 3317 illis
1488 3265 1757 3330 quandam
1808 3264 1953 3314 boni-

55 3353 220 3396 tatem
271 3353 325 3397 et
379 3347 657 3410 malitiam,
710 3349 761 3398 vi
813 3349 958 3399 cuius
1005 3349 1239 3415 praecipi
1277 3348 1360 3398 vel
1402 3346 1671 3414 prohiberi
1712 3346 1947 3421 dfjljeam-
