2182 3682
245 179 330 209 LIB.
366 179 394 207 Ι.
441 178 535 207 cAP.
571 177 636 206 111.
686 177 746 205 DE
779 175 976 204 OFFICHS
1011 174 1241 204 HOMINUM
1277 175 1454 203 MUTUIS
1491 175 1633 202 INTER
1669 175 1733 202 SE.
1824 171 1924 225 255

111 314 286 364 Nemo
327 313 466 363 enim
506 319 686 377 potest
726 310 949 376 obligari
990 310 1086 359 nisi
1125 325 1156 358 a
1196 316 1484 374 potestate,
1530 327 1666 374 quae
1704 308 1788 357 vel
1829 325 1932 357 me-

39 397 178 446 diate
213 394 296 444 vel
336 394 640 444 immediate
681 410 711 442 a
742 393 864 441 Deo
907 391 1196 440 descendit.
1260 390 1429 454 Atqui
1467 398 1728 455 repugnat
1756 390 1933 438 Deum

38 477 190 528 alicui
230 493 324 542 per
363 492 419 525 se
460 483 782 540 potestatem
826 473 996 522 facere
1036 471 1168 521 alios
1209 470 1482 535 obligandi
1522 471 1591 520 ad
1631 470 1933 520 violandam

39 559 267 609 divinam
310 556 485 621 legem
526 563 671 606 certo
721 555 1007 620 cognitam.
1088 552 1242 617 Ergo
1283 569 1441 601 nemo
1483 570 1577 618 per
1616 569 1672 601 se
1713 551 1935 615 obligari

37 647 215 706 potest
265 639 333 689 ad
385 637 653 704 agendum
710 644 896 686 contra
946 634 1351 695 conscientiam,
1411 650 1547 699 quae
1604 634 1793 698 cuique
1849 650 1934 681 ex-

38 722 185 772 hibet
226 720 401 787 legem
443 719 671 769 divinam
714 718 783 768 ad
824 716 1167 783 particulares
1209 733 1360 765 casus
1401 715 1737 781 applicatam.

112 803 251 853 Dico
273 811 380 867 per
404 820 475 851 se.
534 800 799 851 Accidere
833 800 971 848 enim
1000 806 1194 865 potest,
1239 806 1296 847 ut
1330 797 1444 863 quis
1478 814 1696 846 erronee
1736 795 1803 845 ad
1835 795 1935 845 dic-

36 892 214 936 tamen
267 884 621 935 conscientiae
662 881 960 948 perveniat,
1017 880 1164 946 quod
1207 897 1329 929 cum
1370 888 1515 929 certo
1568 878 1790 928 aliorum
1831 879 1938 928 iure

35 968 143 1017 sive
184 965 401 1032 publico
442 965 550 1015 sive
584 964 788 1030 privato
832 962 1062 1013 collidat.
1125 962 1184 1010 In
1218 962 1322 1011 hoc
1364 978 1486 1010 casu
1528 959 1627 1021 ille,
1672 960 1819 1009 cuius
1860 961 1938 1009 ius

36 1048 288 1109 violatur,
347 1055 566 1113 propter
616 1063 845 1095 errorem
902 1043 1287 1094 accidentalem
1338 1042 1549 1093 alterius
1601 1043 1939 1107 quantumvis

35 1129 438 1196 inculpabilem,
491 1146 590 1178 suo
631 1128 726 1177 iuri
778 1136 923 1177 certo
966 1126 1261 1176 renuntiare
1313 1143 1420 1175 non
1461 1132 1695 1185 tenetur,
1750 1123 1936 1172 saltem

37 1230 106 1262 ex
144 1211 350 1273 iustitia,
395 1211 633 1277 quamvis
660 1218 880 1276 propter
911 1207 1161 1275 specialia
1201 1208 1450 1257 adiuncta
1491 1224 1559 1256 ex
1599 1207 1816 1256 caritate
1856 1205 1938 1254 ali-

38 1294 255 1361 quando
294 1294 363 1343 ad
404 1293 509 1343 hoc
551 1292 775 1358 obligari
816 1292 998 1357 possit.

114 1390 160 1440 3.
204 1375 379 1425 Etiam
421 1374 635 1425 libertas
677 1373 1046 1424 conformandi
1086 1373 1441 1422 conscientiae
1483 1370 1753 1421 dictamini
1794 1376 1939 1420 certo

38 1458 269 1508 actiones
307 1465 561 1507 externas
591 1457 704 1506 sive
724 1456 989 1521 privatas
1027 1455 1141 1505 sive
1162 1454 1410 1520 publicas
1438 1453 1672 1517 (libertas
1700 1453 1855 1502 tertio
1889 1461 1940 1501 et

38 1548 228 1606 quarto
263 1538 384 1590 loco
425 1539 752 1603 enumerata)
782 1555 875 1604 per
915 1555 971 1587 se
1012 1539 1120 1586 iure
1153 1546 1372 1586 naturae
1405 1535 1624 1601 singulis
1665 1534 1938 1600 competit.

111 1622 287 1672 Nemo
339 1622 479 1671 enim
529 1621 581 1670 in
633 1620 978 1686 exsequenda
1019 1621 1138 1685 lege
1186 1619 1362 1668 divina
1412 1617 1647 1684 legitime
1698 1616 1941 1682 impediri

37 1712 233 1771 potest.
287 1702 459 1769 Atqui
488 1703 755 1752 dictamen
789 1702 1143 1752 conscientiae
1178 1710 1380 1751 certum
1413 1700 1633 1750 exhibet
1661 1699 1941 1764 unicuique

39 1785 214 1852 legem
245 1786 474 1835 divinam
515 1785 583 1834 ad
613 1783 955 1851 particulares
995 1800 1146 1834 casus
1180 1783 1516 1849 applicatam.
1581 1781 1731 1831 Haec
1765 1788 1942 1830 autem

37 1867 252 1918 libertas
292 1867 359 1917 ab
400 1867 714 1917 auctoritate
743 1865 972 1932 publica,
1017 1866 1323 1932 praesertim
1359 1864 1538 1931 quoad
1572 1864 1734 1913 vitam
1775 1862 1943 1929 publi-

39 1966 171 2011 cam,
214 1950 355 1999 varie
397 1948 602 1999 limitari
644 1957 837 2015 potest.

114 2031 370 2097 Quamvis
421 2033 561 2081 enim
613 2031 746 2081 haec
799 2030 1013 2081 libertas
1067 2031 1347 2095 unicuique
1399 2028 1707 2088 conveniat,
1766 2035 1942 2092 potest

39 2123 219 2164 tamen
255 2130 419 2179 saepe
446 2114 624 2163 venire
664 2114 717 2163 in
758 2112 1088 2163 collisionem
1130 2129 1251 2162 cum
1292 2111 1404 2161 aliis
1437 2111 1631 2160 iuribus
1672 2109 1943 2158 altioribus

39 2196 148 2246 sive
189 2195 515 2246 naturalibus
555 2195 664 2245 sive
698 2195 950 2261 positivis.
1013 2195 1123 2244 Iam
1164 2195 1215 2244 in
1257 2193 1518 2243 eiusmodi
1551 2192 1761 2242 casibus
1802 2199 1944 2241 recta

41 2278 173 2328 ratio
212 2277 360 2328 vario
414 2277 579 2327 modo
621 2294 772 2327 usum
815 2277 970 2326 huius
1011 2277 1266 2326 libertatis
1307 2275 1591 2342 prohibere
1632 2281 1837 2340 potest,
1892 2280 1945 2322 et

41 2360 369 2410 auctoritatis
409 2351 656 2426 publicae
704 2368 810 2420 est,
864 2359 1005 2409 hunc
1046 2376 1199 2409 usum
1241 2359 1428 2408 intuitu
1469 2358 1596 2407 boni
1647 2355 1945 2406 communis

43 2441 279 2492 limitare.

114 2538 164 2586 4.
214 2523 308 2573 Illa
349 2524 703 2574 conscientiae
744 2523 958 2574 libertas
999 2522 1281 2583 illimitata‚
1326 2538 1485 2588 quam
1528 2520 1828 2571 liberalismi
1869 2536 1945 2570 as-

41 2605 214 2655 seclae
254 2606 416 2655 hodie
455 2613 565 2656 tam
606 2605 910 2672 frequenter
949 2606 999 2655 in
1041 2623 1132 2655 ore
1173 2606 1401 2666 habent,
1457 2613 1509 2653 et
1549 2606 1599 2653 vi
1640 2599 1787 2653 cuius
1838 2602 1944 2650 uni-

43 2688 233 2753 cuique
272 2687 473 2738 homini
513 2689 592 2738 ius
632 2697 940 2755 competere
982 2688 1188 2749 dicunt,
1231 2688 1284 2738 in
1326 2687 1484 2737 rebus
1524 2687 1592 2736 ad
1635 2684 1942 2749 religionem

44 2777 97 2818 et
136 2770 516 2820 conscientiam
555 2770 941 2836 pertinentibus
990 2769 1242 2835 opinandi
1283 2778 1335 2819 et
1377 2768 1627 2828 faciendi,
1683 2766 1944 2832 quidquid

44 2850 293 2913 voluerit,
352 2861 534 2918 aperte
591 2861 867 2918 repugnat.
953 2850 1117 2915 Quod
1173 2851 1449 2917 speciatim
1505 2849 1802 2899 libertatem
1858 2848 1946 2897 ab·

45 2931 274 2983 solutam
325 2933 578 3000 opinandi
619 2942 854 3000 spectat,
909 2951 1026 2983 eam
1075 2933 1270 2983 nemini
1321 2939 1626 2998 competere
1666 2947 1825 2997 posse
1876 2946 1944 2978 ex

46 3020 158 3064 tota
198 3014 372 3065 ethica
412 3015 626 3065 abunde
668 3015 847 3081 liquet.
930 3015 1080 3065 Haec
1122 3015 1261 3065 enim
1302 3014 1517 3064 libertas
1558 3014 1815 3063 rationem
1856 3011 1944 3060 hu-

47 3111 256 3145 manam
295 3106 644 3147 autonomam
686 3106 739 3147 et
777 3098 856 3148 sui
895 3097 1016 3148 iuris
1057 3114 1172 3148 esse
1212 3098 1480 3163 supponit,
1525 3103 1687 3161 negat
1721 3093 1944 3160 proinde

47 3177 155 3227 eius
206 3178 621 3244 dependentiam
673 3197 702 3229 a
754 3180 902 3241 Deo,
959 3197 1211 3246 supremo
1264 3178 1590 3244 legislatore,
1645 3184 1806 3242 negat
1857 3193 1944 3225 ex-

48 3258 335 3310 sistentiam
370 3259 502 3326 legis
543 3261 790 3311 naturalis
832 3270 883 3311 et
924 3279 1108 3311 eorum
1151 3261 1462 3320 officiorum,
1507 3276 1642 3324 quae
1671 3258 1944 3323 hucusque

49 3340 403 3405 probavimus.
