2182 3682
218 195 320 246 242
620 191 735 220 PARS
769 190 817 219 11.
867 190 1182 219 PHILOSOPHIA
1216 189 1418 219 MORALIS
1454 189 1704 219 SPECIALIS.

219 327 509 396 periculum
556 334 849 376 vocaretur.
932 323 1056 390 Quo
1113 324 1322 375 fidelius
1377 326 1517 375 enim
1572 326 1884 376 innocentes
1935 343 1966 376 a
2015 327 2121 376 vio-

215 411 357 461 lenta
398 408 709 459 defensione
750 407 1104 468 abstinerent,
1149 425 1213 457 eo
1256 407 1428 474 magis
1469 415 1731 458 cresceret
1769 407 1992 459 audacia
2029 409 2119 458 im-

216 493 524 559 proborum.

217 643 364 698 305.
449 631 650 682 Coroll.
703 645 743 681 1.
825 628 980 695 Quae
1022 630 1090 680 de
1131 630 1441 684 defensione
1481 630 1635 693 vitae,
1679 630 1870 680 eadem
1910 636 2120 680 servato

216 716 401 766 debito
461 713 828 764 moderamine
888 713 957 762 de
1017 712 1326 763 defensione
1386 712 1778 773 membrorum,
1847 711 2118 775 libertatiS‚

215 799 482 848 bonorum
548 794 898 845 materialium
965 795 1146 861 magni
1212 794 1506 855 momenti,
1573 794 1860 860 pudicitiae
1923 793 2117 845 valent.

215 880 356 929 Nam
408 879 565 929 etiam
622 878 802 943 quoad
854 876 987 927 haec
1039 877 1184 926 bona
1235 878 1487 927 securitas
1529 876 1826 927 communis
1865 876 2118 943 postulat,

217 972 274 1012 ut
314 962 521 1028 possint
562 976 656 1026 per
695 960 802 1008 vim
844 976 1011 1025 usque
1053 959 1121 1009 ad
1164 960 1488 1010 occisionem
1530 959 1860 1025 aggressoris
1888 959 2118 1009 defendi.

216 1044 422 1110 Excipe
463 1043 723 1093 honorem
766 1052 818 1091 et
861 1041 1071 1103 famam,
1118 1042 1185 1091 de
1226 1042 1418 1108 quibus
1457 1041 1590 1091 infra
1630 1058 1866 1107 agemus.

293 1139 494 1191 Coroll.
547 1155 593 1189 2.
672 1138 819 1190 Sicut
871 1155 927 1188 se
980 1139 1179 1204 ipsum,
1239 1138 1462 1204 quilibet
1514 1139 1674 1188 etiam
1727 1137 1887 1188 alium
1945 1138 2121 1189 defen-

215 1224 343 1274 dere
384 1231 579 1289 potest,
623 1222 787 1271 immo
828 1221 1095 1271 interdum
1139 1239 1208 1271 ex
1250 1222 1467 1271 caritate
1509 1221 1687 1270 debet.

295 1319 497 1370 Coroll.
543 1334 599 1383 3.
692 1318 868 1368 Etiam
921 1328 1107 1368 contra
1158 1319 1560 1385 aggressionem
1613 1319 1838 1368 amentis
1890 1327 1943 1369 et
1994 1319 2119 1369 ebrii

214 1403 335 1453 licet
375 1420 432 1452 se
474 1402 618 1452 dicto
660 1401 825 1450 modo
866 1400 1178 1462 defendere,
1222 1401 1346 1466 quia
1385 1417 1697 1467 aggressor,
1741 1401 1839 1451 etsi
1878 1419 1985 1452 non
2025 1400 2123 1452 for-

214 1485 435 1545 maliter,
479 1494 659 1534 tamen
701 1482 1039 1533 materialiter
1080 1491 1133 1534 et
1174 1483 1438 1534 obiective
1480 1491 1560 1533 est
1599 1484 1837 1534 iniustus.

218 1627 364 1692 306.
447 1628 621 1678 Sclzol.
658 1644 704 1678 J.
772 1628 859 1677 Ex
887 1645 969 1689 e0‚
1001 1629 1147 1694 quod
1177 1628 1333 1679 liceat
1359 1646 1416 1679 se
1445 1636 1663 1680 cruente
1692 1628 1997 1690 defendere,
2031 1646 2124 1695 per

214 1729 270 1762 se
312 1712 552 1761 nondum
595 1711 834 1776 sequitur
875 1711 1135 1777 obligatio
1177 1711 1281 1761 hoc
1323 1712 1433 1761 iure
1475 1712 1671 1761 utendi.

290 1807 465 1857 Schol.
511 1822 558 1857 2.
641 1807 929 1873 Disputant
971 1815 1242 1869 auctores,
1296 1826 1420 1857 num
1462 1809 1514 1858 in
1557 1816 1773 1858 cruenta
1815 1807 2123 1878 defensione

213 1890 369 1940 liceat
409 1890 608 1940 directe
654 1889 926 1939 inlendem‘
978 1889 1265 1940 laesionem
1317 1900 1370 1940 et
1410 1891 1735 1940 occisionem
1775 1890 2119 1956 aggressoriS.

216 1970 414 2037 Quoad
456 1972 748 2022 laesionem
790 1972 1016 2022 dubitari
1065 1974 1275 2039 nequit,
1331 1974 1458 2039 quin
1500 1972 1655 2023 liceat
1696 1990 1814 2023 eam
1854 1972 2121 2023 interdum

217 2055 416 2105 directe
468 2063 523 2104 ut
576 2055 807 2104 medium
865 2054 1186 2105 defensionis
1233 2056 1523 2106 intendere.
1606 2055 1829 2105 Possum
1871 2056 2011 2105 enim
2051 2054 2122 2104 in-

217 2138 436 2187 tendere
488 2137 541 2187 id
582 2144 782 2198 totum,
839 2138 987 2203 quod
1030 2138 1098 2187 ad
1139 2155 1314 2187 meam
1356 2137 1722 2188 defensionem
1765 2137 1849 2187 hic
1890 2134 2123 2188 etnunc

216 2219 569 2269 necessarium
628 2229 732 2288 est,
793 2228 847 2268 ut
900 2219 1035 2269 vires
1090 2220 1217 2269 mihi
1268 2220 1520 2270 adversas
1571 2219 1639 2269 ad
1692 2220 2001 2269 nocendum
2052 2219 2122 2268 in-

215 2302 420 2352 habiles
471 2302 720 2362 reddam,
775 2302 828 2351 id
882 2302 1031 2368 quod
1083 2320 1244 2368 saepe
1297 2302 1446 2352 aliter
1498 2302 1608 2352 fieri
1659 2302 1844 2368 nequit
1892 2302 1989 2352 nisi
2018 2310 2126 2367 per

219 2384 406 2434 vulnus
460 2384 733 2434 inflictum.
815 2384 961 2449 Ergo
1018 2384 1157 2455 hanc
1210 2384 1500 2434 laesionem
1554 2385 1832 2434 intendere
1886 2401 2120 2450 possum.

217 2466 304 2518 Sic
331 2485 378 2517 v.
424 2484 473 2532 g.
518 2466 815 2516 secundum
857 2465 909 2516 S.
941 2466 1279 2532 Alphonsum
1322 2466 1534 2531 (Theol.
1577 2484 1708 2517 mor.
1753 2466 1840 2517 lib.
1881 2459 2125 2530 3*,⁷‘tra‘c‘t'.s

215 2564 266 2612 4,
310 2567 359 2599 n.
393 2550 518 2613 382)
567 2547 720 2598 «licet
762 2548 930 2598 furem
971 2549 1079 2598 telo
1122 2550 1370 2600 occidere
1412 2549 1657 2613 (fortasse
1698 2548 1885 2598 melius
1929 2549 2125 2598 dicere-

215 2639 324 2681 tur:
367 2630 666 2691 vulnerare,
722 2640 778 2680 ut
819 2630 911 2681 fiat
950 2632 1220 2697 impotens
1261 2632 1329 2680 ad
1372 2631 1732 2696 fugiendum),
1775 2631 1819 2680 si
1857 2631 1972 2697 ipse
2013 2647 2123 2680 rem

216 2721 455 2780 asportet
507 2721 559 2762 et
609 2714 976 2779 praemonitus
1028 2713 1095 2763 de
1147 2731 1245 2763 suo
1301 2712 1538 2780 periculo
1595 2730 1714 2763 eam
1769 2711 1901 2762 nolit
1956 2712 2124 2762 dimit-

219 2804 380 2846 tere».
462 2795 519 2844 In
560 2794 665 2845 hoc
707 2804 849 2845 certe
891 2812 1015 2845 casu
1057 2813 1164 2845 non
1205 2795 1526 2861 permittitur
1572 2794 1762 2856 laesio,
1817 2795 1912 2845 sed
1964 2795 2017 2844 in
2067 2810 2125 2843 se

217 2878 507 2927 intenditur
561 2885 618 2926 ut
674 2878 910 2927 medium
964 2878 1034 2927 ad
1088 2876 1429 2927 defendenda
1480 2877 1624 2927 bona
1674 2894 1785 2927 sua.
1866 2876 1983 2926 Nee
2035 2875 2145 2941 ob-,

216 2960 341 3009 icias
392 2976 499 3008 non
553 2975 668 3008 esse
722 2958 964 3009 facienda
1016 2959 1180 3020 mala,
1240 2968 1297 3009 ut
1349 2959 1594 3009 eveniant
1645 2960 1803 3009 bona.
1883 2958 1982 3008 Per
2020 2956 2126 3018 hoc

218 3042 356 3091 enim
426 3034 742 3106 prineipium
809 3040 983 3090 solum
1045 3050 1254 3091 vetatur
1320 3041 1642 3107 perpetratio
1704 3040 1828 3090 mali
1894 3039 2126 3089 moralis

220 3124 288 3173 ad
330 3123 681 3173 obtinendum
722 3121 940 3189 aliquod
982 3123 1211 3184 bonum,
1266 3140 1374 3173 non
1416 3132 1595 3173 autem
1635 3122 1959 3189 perpetratio
2001 3112 2146 3170 mali*

208 3205 441 3271 physici.

295 3287 436 3336 Num
490 3294 667 3336 autem
720 3286 875 3336 liceat
917 3285 1226 3336 occisionem
1268 3303 1361 3336 seu
1415 3286 1594 3352 potius
1644 3294 1867 3336 mortem
1915 3301 2125 3350 aggres-

219 3370 351 3419 soris
407 3370 605 3418 directe
660 3369 964 3429 intendere,
1023 3369 1448 3418 controvertitur.
1545 3368 1724 3432 Negat
1780 3366 1831 3418 S.
1885 3367 2122 3417 Thomas
