2182 3682
507 177 594 206 LIB.
631 177 676 206 11.
723 177 822 206 CAP.
858 176 926 205 ΙΙΙ.
973 177 1035 204 DE
1070 176 1327 205 SOCIETATE
1362 177 1518 205 CIVILI.
1840 179 1942 231 377

387 317 464 354 IV.
511 315 751 354 Sententia
782 326 1000 353 asserens
1033 315 1106 352 ius
1138 313 1610 353 historico-naturale.

736 429 1003 477 THESIS
1041 430 1262 476 LXXX.

57 535 201 589 504-
270 533 679 581 Determinatio
717 533 1010 594 originaria
1046 532 1282 580 subiecti
1316 533 1608 593 potestatis
1635 533 1808 581 civilis
1833 535 1951 581 fieri

53 613 240 668 potest
274 607 441 654 variis
479 607 688 663 causis,
740 622 882 668 quae
920 607 1083 654 alicui
1120 621 1397 667 personae
1434 607 1490 653 in
1529 607 1804 655 concretis
1852 608 1951 655 cir-

56 681 407 728 cumstantiis
442 688 657 728 tantam
697 682 972 729 moralem
1010 681 1577 741 praeponderantiam
1616 688 1670 728 et
1718 682 1952 729 auctori-

53 761 228 802 tatem
256 756 558 811 conferant,
594 762 656 802 ut
680 756 802 816 ipsa
827 756 947 802 sola
973 757 1041 802 ad
1068 756 1372 816 regendam
1399 755 1727 803 societatem
1754 756 1955 803 idonea

53 828 150 884 sit;
199 829 345 876 inter
381 831 484 876 has
521 836 713 876 autem
752 844 951 877 causas
987 830 1293 890 praecipua
1330 836 1415 876 est
1451 829 1689 891 dignitas
1725 830 1953 891 patriar-

56 902 245 959 chalis,
287 903 587 951 coniuncta
623 918 755 950 cum
795 904 1045 951 dominio
1083 904 1406 951 fundorum.

57 1004 284 1058 (Scln'sfim',
318 1007 470 1046 Philos.
506 1021 608 1046 mor.
643 1008 695 1055 H,
732 1021 770 1046 n.
807 1015 904 1057 451.
949 1007 1136 1054 Fel‘rctll',
1171 1007 1354 1045 Institut.
1389 1008 1541 1058 philos.
1577 1008 1756 1055 mor.III,
1792 1022 1831 1047 n.
1863 1018 1955 1057 172.

409 1074 563 1126 liseyely
598 1074 778 1112 Institut.
814 1074 865 1121 II,
902 1087 941 1111 n.
977 1083 1077 1121 422.
1131 1073 1369 1125 Moralphil.
1406 1075 1445 1111 Π
1479 1072 1601 1125 493.)

132 1165 220 1218 St.
267 1166 343 1234 Q.
434 1184 472 1218 Ι.
518 1169 641 1219 Non
694 1169 1029 1219 excludimus
1080 1169 1210 1218 alios
1262 1170 1456 1219 modos
1504 1169 1958 1220 determinationis

56 1260 113 1300 ut
159 1250 455 1316 possibiles,
498 1251 594 1301 sed
634 1250 807 1300 solum
850 1251 1173 1300 affirmamus
1215 1251 1324 1300 fieri
1353 1252 1609 1316 potuisse,
1656 1260 1713 1301 ut
1754 1252 1958 1317 absque

55 1339 216 1398 pacto
257 1350 351 1398 per
379 1333 797 1383 circumstantias
826 1333 1013 1399 aliquis
1042 1342 1181 1383 esset
1209 1333 1476 1383 moraliter
1511 1333 1786 1399 loquendo
1814 1335 1959 1384 solus

56 1422 233 1479 capax
258 1414 526 1464 societaz‘is
549 1416 831 1480 regendae,
854 1415 1086 1481 ideoque
1109 1414 1367 1481 obligatio
1391 1417 1435 1465 ei
1458 1416 1677 1481 parendi
1699 1416 1749 1465 in
1773 1417 1959 1466 ordine

56 1497 123 1545 ad
152 1496 357 1545 bonum
385 1514 668 1547 commune
689 1497 1000 1547 immedialc
1021 1515 1087 1547 ex
1110 1498 1226 1562 lege
1248 1499 1495 1547 naturali
1515 1507 1790 1561 meretum·
1818 1499 1960 1549 unde

56 1579 215 1628 etiam
268 1580 610 1644 consequitur
662 1596 782 1628 eum
823 1579 1133 1629 l'lmnedl'alc
1173 1597 1202 1628 a
1243 1579 1362 1644 lege
1416 1580 1637 1629 naturali
1687 1581 1959 1646 accepisse

57 1667 380 1726 potestatem
422 1660 706 1726 politicam.
733 1693 803 1698 -—
828 1661 991 1711 Porro
1033 1662 1132 1711 sub
1175 1662 1388 1710 nomine
1429 1661 1732 1712 exclusivae
1762 1663 1959 1712 idonei-

57 1743 179 1792 tatis
230 1760 337 1792 non
388 1752 498 1792 tam
549 1743 904 1809 intellegimus
956 1744 1112 1793 dotes
1153 1761 1297 1793 mere
1338 1743 1658 1809 personales,
1703 1763 1748 1795 v.
1795 1762 1844 1810 g.
1889 1746 1959 1794 in-

59 1824 290 1890 genium,
334 1825 428 1874 sed
459 1825 636 1890 potius
678 1834 846 1875 totam
888 1826 1262 1875 condicionem
1302 1825 1555 1875 socialem
1596 1825 1810 1876 alicuius
1851 1845 1959 1893 per-

59 1923 250 1967 sonae,
300 1908 349 1956 vi
400 1908 548 1957 cuius
597 1907 785 1968 fiebat,
841 1916 897 1958 ut
938 1909 1051 1974 ipsa
1090 1907 1205 1958 sola
1245 1917 1428 1974 posset
1467 1925 1771 1975 supremam
1815 1918 1961 1975 pote-

58 1997 250 2038 statem
284 2006 549 2050 exercere,
593 1990 634 2039 si
675 1989 907 2050 volebat,
953 2000 1005 2039 et
1047 1991 1114 2039 de
1157 1990 1297 2040 facto
1340 1991 1644 2052 exercebat,
1687 2008 1785 2041 nec
1828 1993 1962 2057 quis·

59 2087 219 2137 quam
261 2070 392 2121 alius
433 2080 615 2137 posset
657 2079 843 2122 contra
882 2073 1043 2138 ipsius
1084 2071 1416 2122 voluntatem
1458 2090 1576 2123 eam
1616 2073 1828 2124 habere.

135 2167 180 2202 2.
238 2153 468 2203 Nomine
521 2155 876 2214 auctoritatis,
936 2155 1003 2204 de
1055 2171 1158 2220 qua
1210 2155 1259 2204 in
1314 2155 1450 2204 thesi
1506 2155 1796 2221 loquimur,
1856 2173 1963 2206 non

59 2234 415 2301 intellegimus
454 2237 532 2285 ius
573 2235 816 2302 aliquod,
870 2237 965 2285 sed
1007 2237 1180 2286 solum
1223 2254 1474 2302 magnam
1516 2238 1962 2288 existimationem

59 2334 152 2367 seu
194 2317 451 2368 moralem
492 2318 923 2384 praevalentiam,
967 2336 1071 2385 qua
1113 2320 1230 2385 quis
1272 2319 1469 2370 fruitur.

65 2449 211 2504 505.
294 2442 461 2489 Prob.
530 2441 680 2492 Haec
709 2442 872 2492 thesis
902 2441 1008 2491 fere
1036 2459 1130 2507 per
1158 2443 1381 2491 modum
1413 2441 1673 2492 corollarii
1701 2460 1768 2492 ex
1791 2443 1964 2509 priore

61 2523 418 2588 consequitur.
500 2522 791 2590 Speciatim
844 2533 1215 2590 argumentum
1264 2525 1465 2590 primae
1506 2525 1668 2590 partis
1709 2524 1813 2575 huc
1854 2543 1964 2591 per—

60 2605 205 2656 tinet.
275 2604 415 2655 Sane
456 2605 654 2656 multos
702 2607 1025 2672 principatus
1073 2606 1450 2672 patriarchales
1493 2606 1728 2673 aliosque
1771 2607 1966 2657 similes

62 2704 91 2736 e
129 2687 386 2737 societate
439 2688 760 2750 domestica,
814 2706 909 2755 per
960 2705 1299 2738 numerosam
1351 2689 1666 2754 progeniem
1718 2698 1873 2739 aucta
1914 2698 1966 2739 et

61 2785 310 2834 agrorum
352 2771 689 2836 possessione
727 2770 947 2837 aliisque
987 2771 1202 2820 dotibus
1242 2779 1479 2837 potente,
1524 2779 1717 2836 sponte
1753 2770 1965 2820 affluen-

62 2851 202 2901 tibus
241 2852 438 2902 accolis
467 2854 748 2909 extraneis,
792 2853 1049 2919 paulatim
1077 2860 1251 2902 ortum
1281 2853 1530 2903 habuisse
1560 2860 1786 2903 constat.
1855 2853 1966 2902 Iam

63 2933 179 2999 quis
218 2942 379 3000 neget
414 2935 465 2984 in
505 2935 765 2985 eiusmodi
795 2936 1199 2985 circumstantiis
1226 2935 1338 2985 sine
1367 2936 1511 2984 omni
1539 2943 1699 3001 pacto
1728 2934 1963 3001 politico,

63 3016 172 3066 sive
212 3016 466 3082 explicito
507 3018 615 3067 sive
656 3017 930 3084 implicito,
974 3035 1069 3083 per
1109 3018 1222 3084 ipsa
1264 3035 1435 3067 rerum
1477 3018 1726 3067 adiuncta
1754 3017 1965 3082 patriar-

63 3097 219 3148 cham
258 3098 342 3148 Vel
383 3100 494 3149 eius
534 3099 656 3150 loco
699 3109 860 3166 caput
901 3099 1128 3149 familiae
1171 3100 1328 3149 fuisse
1356 3099 1657 3149 subiectum
1686 3099 1966 3165 potestatis

62 3178 309 3245 politicae
349 3181 653 3232 naturaliter
689 3183 1115 3243 determinatum,
1160 3182 1230 3231 ita
1257 3181 1462 3242 saltem,
1506 3190 1563 3230 ut
1591 3198 1750 3230 nemo
1780 3188 1965 3230 contra

62 3261 224 3327 ipsius
262 3261 593 3313 voluntatem
646 3273 820 3314 rector
872 3264 1268 3314 communitatis
1319 3281 1434 3313 esse
1475 3261 1767 3329 potuisset?
1843 3261 1963 3312 Pro-

64 3341 203 3394 fecto
241 3345 292 3393 in
333 3345 486 3395 dictis
519 3345 925 3396 condicionibus
952 3346 1129 3413 aliqua
1157 3363 1404 3413 suprema
1431 3351 1671 3412 potestas
1699 3344 1766 3394 ad
1795 3343 1961 3394 multi-
