2182 3682
483 151 568 180 LIB.
604 151 650 180 ΙΙ.
698 151 798 181 CAP.
833 151 893 180 IV.
942 151 1004 179 DE
1038 150 1150 179 IURE
1184 150 1610 181 INTERNATIONALI.
1890 143 1993 204 483

824 285 1092 332 THESIS
1130 285 1268 332 CIV.

102 387 248 453 655.
331 397 558 444 Bellum
596 411 710 444 non
748 403 833 443 est
868 411 971 457 per
1006 410 1067 443 se
1103 396 1488 443 inhonestum.

148 498 211 551 (S.
254 499 392 538 leom.
430 510 467 547 2,
505 509 541 547 2,
577 513 616 550 q.
651 509 722 546 40.
786 498 953 545 Suarez,
987 499 1126 536 Traet.
1163 498 1214 536 de
1248 497 1404 536 caritat.
1441 497 1547 549 disp.
1590 509 1651 548 13.
1706 500 1948 551 Moralphil.

950 566 991 603 II
1026 562 1146 615 716.)

174 677 339 724 Prob.
381 691 421 723 1.
504 673 699 740 Quoad
739 673 940 725 bellum
980 691 1137 724 sensu
1177 675 1361 724 stricto
1403 674 1752 739 defensivmn.

174 756 412 822 Quilibet
461 765 642 823 potest
681 774 737 806 se
785 765 971 806 contra
1010 756 1273 806 actualem
1314 757 1713 822 aggressionem
1766 773 1858 822 per
1897 757 2002 806 vim

99 840 255 901 tueri;
308 839 453 888 idem
505 856 633 904 ergo
686 839 765 888 ius
806 855 835 888 a
888 838 1089 888 fortiori
1140 839 1383 888 societati
1424 837 1560 887 civili
1600 846 1873 903 competat
1919 856 2002 888 ne-

100 938 249 971 cesse
288 929 383 971 est.

175 1004 340 1051 Prob.
378 1017 422 1050 2.
488 1001 685 1068 Quoad
714 1001 912 1052 bellum
942 1002 1275 1066 Offensz'wcm.
1322 1032 1390 1036 ——
1420 1002 1568 1051 Deus
1610 1010 1751 1052 certe
1793 1002 2004 1068 populis

100 1086 272 1151 potuit
302 1085 428 1135 dare
457 1084 721 1134 licentiam
751 1083 950 1134 bellum
979 1084 1296 1134 offensivum
1324 1084 1648 1150 suscipiendi
1676 1084 1743 1134 ad
1773 1085 1883 1133 iura
1911 1101 2005 1133 sua

100 1168 300 1217 tuenda
339 1166 422 1216 vel
474 1166 854 1233 recuperanda.
934 1166 1056 1232 Ipse
1108 1166 1248 1215 enim
1300 1174 1380 1215 est
1432 1167 1678 1215 dominus
1730 1183 2006 1232 supremus

101 1249 237 1299 vitae
277 1248 505 1298 hominis
545 1257 597 1298 et
638 1249 875 1298 omnium
916 1249 1103 1298 iurium
1155 1249 1410 1298 eiusdem.
1491 1248 1644 1313 Ergo
1698 1249 1857 1298 etiam
1914 1265 2007 1314 per

101 1335 270 1398 ipsam
311 1340 553 1381 naturam
594 1330 732 1381 hanc
773 1331 1039 1381 licentiam
1081 1331 1293 1380 dedisse
1335 1331 1632 1380 censendus
1672 1339 1767 1380 est.

174 1412 332 1463 Proh.
391 1430 525 1463 cons.
618 1411 783 1464 Secus
839 1414 979 1462 enim
1034 1413 1303 1462 securitati
1358 1420 1411 1462 et
1468 1413 1855 1463 conservationi
1915 1430 2005 1478 po-

104 1495 349 1561 pulorum
390 1513 497 1545 non
545 1497 671 1546 satis
722 1496 1057 1562 providisset.
1138 1495 1328 1544 Privati
1379 1495 1623 1544 homines
1675 1505 1898 1561 possunt
1939 1495 2007 1543 ad

102 1579 213 1627 iura
252 1595 345 1627 sua
386 1578 750 1644 recuperanda
790 1578 1160 1628 auctoritatem
1202 1577 1471 1643 publicam
1511 1578 1681 1640 adire3
1725 1578 2008 1627 societates

104 1659 281 1710 civiles
322 1660 584 1709 eiusmodi
624 1661 950 1726 superiorem
983 1677 1090 1709 non
1132 1660 1347 1709 habent.
1403 1659 1556 1724 Ergo
1598 1668 1823 1725 possunt
1863 1660 2008 1725 ipsae

105 1759 199 1808 per
238 1742 343 1791 vim
386 1743 494 1792 iura
536 1759 631 1792 sua
671 1742 951 1792 vindicare.

846 1897 1115 1946 THESIS
1154 1898 1265 1946 CV.

107 1998 253 2064 656.
323 2009 696 2057 Condiciones
722 2011 791 2056 ad
817 2009 947 2057 belli
972 2009 1274 2057 liceitatem
1301 2009 1600 2071 requisitae
1625 2016 1785 2056 sunt:
1817 2023 1857 2055 1.
1877 2008 2005 2069 legi-

104 2084 244 2132 tima
280 2083 610 2141 auctoritas;
649 2099 692 2132 2.
730 2084 877 2132 iusta
915 2099 1110 2141 causa;
1149 2099 1193 2146 3.
1233 2084 1456 2132 debitus
1495 2085 1719 2132 modus.

184 2196 350 2234 PARS
384 2196 416 2234 I.
479 2196 720 2245 Legitima
756 2196 1034 2234 auctoritas.

180 2283 283 2333 Hic
311 2284 518 2349 agimus
546 2285 830 2351 praecipue
860 2285 927 2334 de
956 2283 1098 2334 bello
1129 2284 1406 2339 offensiVO.
1456 2284 1597 2334 Nam
1626 2282 2009 2350 rempublicam

105 2365 283 2415 subito
324 2367 512 2416 iniuste
553 2367 788 2416 invasam
830 2368 880 2416 vi
934 2366 1225 2416 defendere
1277 2383 1372 2433 per
1424 2383 1481 2415 se
1535 2365 1749 2415 cuilibet
1804 2366 2009 2432 privato

105 2446 246 2497 licet.
326 2448 592 2514 Legitima
633 2449 922 2499 auctoritas
962 2458 1043 2498 est
1082 2465 1329 2515 suprema
1370 2456 1611 2514 potestas
1653 2447 1828 2498 civilis.

182 2531 340 2578 Prob.
407 2530 491 2580 Ius
519 2530 787 2581 indicendi
826 2531 1026 2581 bellum
1060 2532 1287 2597 pertinet
1313 2531 1382 2580 ad
1411 2531 1581 2596 ipsam
1609 2530 2007 2597 rempublicam.

106 2612 260 2677 Ergo
311 2611 499 2662 saltem
552 2614 799 2679 primario
851 2614 920 2663 ad
973 2631 1122 2675 eum,
1180 2614 1265 2663 cui
1305 2630 1430 2662 cura
1481 2614 1644 2662 totius
1691 2611 2011 2678 reipublicae

106 2694 379 2745 incumbit.
436 2694 608 2744 Immo
635 2713 884 2762 suprema
923 2704 1163 2762 potestas
1190 2695 1309 2745 sola
1338 2703 1418 2745 est
1446 2694 1682 2761 legitima
1708 2695 2007 2745 auctoritas.

107 2776 248 2825 Nam
286 2776 517 2826 indicere
558 2777 756 2827 bellum
797 2778 1111 2828 offensivum
1140 2777 1314 2828 solum
1356 2777 1478 2827 licet
1506 2795 1575 2827 ex
1604 2794 1760 2827 causa
1800 2776 2012 2843 publica

108 2865 161 2908 et
199 2858 268 2908 ad
308 2859 469 2925 ipsius
508 2861 777 2910 societatis
823 2861 934 2910 iura
973 2861 1316 2922 vindicanda3
1373 2877 1496 2909 nam
1548 2860 1736 2925 privati
1787 2867 2012 2925 possunt

109 2941 480 2991 auctoritatem
527 2942 688 2992 adire.
781 2941 920 2992 Cura
971 2951 1149 2992 autem
1201 2943 1363 2992 totius
1416 2941 1736 3008 reipublicae
1787 2941 2012 3007 pertinet

108 3039 204 3088 per
241 3040 299 3073 se
338 3023 409 3073 ad
449 3041 568 3073 eum
609 3023 796 3086 solum,
841 3026 930 3091 qui
968 3025 1337 3076 auctoritatem
1377 3041 1679 3090 supremam
1721 3023 1897 3073 habet.

113 3138 259 3204 657.
341 3151 507 3190 PARS
537 3152 592 3190 II.
658 3151 825 3190 Causa
857 3151 1001 3190 iusta.

185 3236 336 3288 Haec
377 3246 556 3303 potest
596 3255 712 3288 esse
751 3238 971 3304 triplex:
1015 3239 1065 3304 a)
1107 3238 1347 3303 defensio
1389 3245 1575 3287 contra
1614 3237 2013 3301 aggressionem
2056 3280 2059 3282 .

111 3319 374 3369 actualem
426 3320 691 3370 bonorum
743 3322 826 3371 vel
877 3322 1016 3370 vitae
1067 3322 1404 3371 subditorum
1446 3336 1516 3369 ex
1562 3327 1712 3385 parte
1752 3318 2011 3382 hostium;

1654 3407 1749 3458 31·⁴5
