2182 3682
560 153 714 182 CAPUT
747 153 846 181 VIII.
899 152 960 180 DE
994 151 1107 180 IURE
1142 151 1189 179 IN
1228 151 1430 180 GENERE.
1847 153 1946 203 199

51 291 290 338 actualem
338 288 552 350 cogendi
599 287 971 350 possibilitatem
1019 282 1395 347 (coactivitatem
1444 286 1493 331 in
1541 295 1651 332 actu
1695 280 1947 345 secundo),

51 380 178 424 nego,
217 365 313 410 hoc
348 363 549 409 nomine
586 361 921 422 intellegendo
959 360 1239 407 facultatem
1266 359 1534 406 adhibendi
1558 360 1655 405 vim
1680 359 1947 420 physicam,

52 445 287 499 quantum
336 451 425 497 per
473 435 858 483 circumstantias
904 434 1019 481 licet
1067 442 1115 481 et
1149 433 1253 480 fieri
1290 441 1451 491 potest
1487 429 1865 493 (coactivitatem
1901 432 1950 478 in

52 521 162 558 actu
198 506 390 572 primo),
439 526 554 557 com.
626 511 755 556 Dz'st.
794 511 936 556 mm:
983 510 1132 554 Extra
1180 508 1466 554 societatem
1514 507 1707 553 civilem
1743 507 1814 553 ius
1850 521 1952 552 non

53 594 125 633 est
171 584 471 642 coactivum,
520 584 548 630 i.
589 601 629 631 e.
668 599 769 630 non
818 583 957 630 adest
1004 583 1206 629 facultas
1253 580 1524 628 adhibendi
1563 580 1660 626 vim
1700 580 1952 641 physicam

53 660 117 706 ad
152 659 334 706 tuenda
370 658 498 717 iura,
537 673 665 717 nega),
702 673 804 704 non
842 657 979 704 adest
1015 655 1308 717 possibilitas
1346 654 1545 702 actualis
1582 654 1820 715 cogendi,
1858 654 1955 699 sub-

53 735 188 781 dist.-
233 734 388 789 nulla,
441 747 569 791 nega,
618 732 891 793 generatim
939 746 1041 778 non
1090 730 1361 788 sufficiens,
1411 745 1526 777 conc.
1598 731 1763 775 Potest
1809 728 1955 774 etiam

55 817 190 856 extra
226 815 400 854 statum
438 807 632 853 civilem
668 806 873 867 quilibet
908 822 993 852 sua
1028 805 1132 852 iura
1167 806 1215 851 vi
1251 805 1387 852 tueri.
1449 803 1600 864 Quod
1636 812 1796 850 autem
1832 802 1957 849 haec

54 882 125 929 vis
171 883 462 943 plerumque
510 896 612 927 non
660 882 718 927 sit
758 880 1029 937 sufficiens,
1077 880 1197 926 nihil
1235 879 1365 926 aliud
1403 879 1720 934 demonstrat,
1758 877 1850 923 nisi
1887 892 1958 924 so-

57 956 282 1003 cietatem
330 955 522 1002 civilem
559 954 831 1015 generatim
868 970 974 1002 esse
1010 954 1338 1002 necessariam
1376 953 1439 1000 ad
1474 953 1659 1000 tuenda
1694 951 1959 998 efficaciter

57 1031 161 1078 iura
196 1031 452 1078 hominum
488 1030 741 1076 naturalia.

790 1191 1117 1230 ARTICL‘LL'S
1152 1192 1223 1229 lv.

228 1289 318 1334 DE
356 1289 756 1336 RELATIONE
793 1290 1007 1335 INTER
1045 1288 1369 1336 ORDINEM
1406 1287 1783 1335 IURIDICUM

764 1365 854 1410 ET
890 1365 1255 1411 MORALEM.

788 1503 1055 1552 THESIS
1093 1504 1237 1550 XLI.

68 1617 212 1669 240·
304 1614 456 1662 Ordo
507 1614 775 1661 iuridicus
828 1621 914 1661 est
964 1629 1095 1674 pars
1147 1614 1393 1661 universi
1446 1613 1656 1661 ordinis
1709 1611 1964 1667 moralis3

63 1689 300 1749 proinde
337 1688 619 1736 reicienda
667 1696 752 1736 est
799 1689 1078 1749 separatio
1128 1688 1339 1736 ordinis
1385 1687 1601 1735 iuridici
1650 1688 1717 1734 ab
1771 1686 1965 1733 ordine

67 1763 279 1820 morali,
318 1770 487 1824 prout
523 1778 555 1810 a
593 1763 793 1810 Kantio
830 1763 1107 1810 statuitur.

127 1870 305 1926 (lileyer,
339 1874 471 1913 Instit.
507 1874 582 1913 iur.
617 1882 699 1913 nat.
735 1875 765 1921 I,
802 1887 841 1911 n.
880 1882 977 1924 507.
1044 1874 1360 1920 Costa-lx'ossettj,
1396 1873 1551 1913 l'hilos.
1586 1887 1688 1912 mor.
1722 1887 1762 1925 p.
1799 1882 1896 1922 232.

790 1941 1029 1993 Moralphil.
1066 1942 1083 1979 I
1119 1938 1240 1992 514.)

143 2045 231 2098 St.
277 2045 351 2114 Q.
431 2050 698 2110 lsanfl'us,
752 2052 835 2101 cui
887 2051 1182 2117 praeiverat
1223 2049 1279 2100 C.
1325 2050 1673 2112 Thomasius,
1729 2050 1970 2100 ordinem

66 2130 343 2180 iuridicuni
384 2133 594 2198 penitus
634 2133 701 2182 ab
744 2134 929 2183 ordine
970 2133 1147 2183 ethico
1191 2132 1405 2183 divellit.
1472 2133 1623 2182 Haec
1663 2140 1786 2182 sunt
1826 2149 1970 2199 prae-

69 2213 225 2278 cipua
280 2215 455 2280 capita
510 2214 748 2264 theoriae
803 2215 923 2264 iuris
978 2215 1301 2265 Kantianae:
1361 2215 1580 2281 Duplex
1636 2215 1973 2281 distinguitur

69 2295 204 2344 ordo
255 2297 519 2361 practicus
559 2304 806 2363 respectu
853 2297 1153 2348 hominurn:
1209 2297 1409 2347 ethicus
1449 2306 1500 2347 et
1541 2297 1828 2359 juridicus,
1883 2298 1972 2363 qui

69 2377 204 2426 inter
242 2395 298 2426 se
338 2378 496 2444 plane
537 2380 727 2429 diversi
767 2387 905 2429 sunt.

146 2474 411 2525 Differunt
451 2476 589 2525 enim
610 2493 618 2526 :

153 2564 411 2628 1.s072te,
463 2565 587 2630 quia
639 2565 773 2615 ordo
825 2565 1076 2615 iuridicus
1125 2565 1320 2630 (officia
1371 2566 1608 2630 iuridica)
1661 2565 1904 2632 procedit
1944 2582 1975 2615 a

72 2644 403 2710 legislatione
431 2656 671 2710 externa,
703 2647 838 2697 ordo
867 2647 1072 2697 ethicus
1102 2665 1130 2698 a
1159 2646 1491 2714 legislatione
1520 2649 1730 2698 interna
1761 2648 1975 2697 rationis

72 2736 422 2791 autonomae;

150 2831 195 2867 2.
223 2817 354 2884 fine.
437 2818 580 2868 Finis
630 2818 764 2885 legis
804 2827 1058 2869 externae
1099 2827 1179 2869 est
1219 2819 1435 2869 libertas
1475 2827 1715 2868 arle‘rna.
1797 2819 1974 2883 Leges

75 2899 214 2948 enim
260 2908 513 2950 externae
554 2900 772 2966 (civiles)
814 2901 1169 2951 determinant
1222 2901 1589 2962 condiciones,
1643 2901 1740 2950 sub
1783 2901 1975 2969 quibus

75 2981 310 3047 aequalis
361 2983 600 3032 omniurn
653 2982 867 3033 libertas
920 2984 1244 3033 coexsistere
1295 2984 1479 3049 possit.
1560 2975 1847 3048 Propterea
1897 2983 1974 3031 ius

75 3078 107 3112 a
163 3063 363 3113 Kantio
425 3064 671 3115 definitur
736 3064 1085 3132 «complexus
1145 3065 1549 3126 condicionum,
1616 3081 1752 3130 quae
1811 3065 1974 3129 requi-

77 3152 283 3206 runtur,
338 3154 394 3195 ut
449 3145 664 3197 libertas
715 3148 868 3197 unius
917 3165 1040 3198 cum
1080 3147 1288 3213 aequali
1340 3147 1582 3196 libertate
1623 3146 1861 3195 omnium
1901 3163 1976 3195 se-

78 3226 311 3276 cundum
341 3228 690 3279 universalem
734 3228 909 3295 legem
942 3228 1198 3279 libertatis
1226 3230 1516 3279 consistere
1556 3228 1776 3294 possit».
1833 3228 1976 3291 Finis

78 3324 202 3357 vero
243 3308 375 3374 legis
414 3310 650 3360 internae
691 3319 770 3360 est
810 3311 1024 3361 libertas
1064 3311 1297 3371 interna,
1344 3327 1481 3376 quae
1520 3310 1571 3358 in
1613 3326 1676 3358 eo
1719 3309 1973 3370 consistit,
