2182 3682
205 159 311 221 236
613 167 726 195 PARS
761 167 808 196 ΙΙ.
858 165 1173 194 l'HlLOSOPHIA
1207 165 1409 194 MORALIS
1445 165 1693 195 SPECIALIS.

203 313 337 366 tate,
392 320 550 370 quam
604 302 848 351 homines
900 299 1270 367 colloquentes
1321 300 1421 350 sibi
1474 309 1661 351 mutuo
1714 301 1914 352 debere
1964 300 2110 352 intel-

202 386 415 452 legunt;
445 384 572 435 alias
600 383 898 434 locutiones
927 382 1248 433 deliberatas
1277 391 1464 433 contra
1490 391 1728 433 mentem
1752 390 1951 453 vocant
1979 382 2111 434 falsi-

202 468 410 535 loquia,
463 461 707 533 haecque
759 454 900 516 licita
940 482 1058 515 esse
1100 465 1311 526 dicunt,
1357 465 1581 539 quoties
1619 464 1703 515 alii
1754 483 1864 516 non
1910 465 2117 536 habent

202 552 282 600 ius
322 549 712 616 interrogandi,
761 548 957 598 nemini
998 548 1253 598 damnum
1297 506 1530 608 infertur,
1575 564 1738 613 grave
1778 532 1977 598 malum
2019 565 2114 614 per

202 651 264 684 ea
320 633 484 683 averti
536 639 730 698 potest.
810 631 953 680 Inter
1004 630 1295 680 hodiernos
1351 638 1709 696 protestantes
1760 629 1919 697 pauci
1947 621 2161 690 sunt?

202 716 291 782 qui
342 714 627 765 liceitatem
680 713 945 763 mendacii
997 712 1222 762 officiosi
1274 712 1325 761 in
1366 712 1688 778 quibusdam
1743 712 1952 763 casibus
2003 730 2111 763 non

202 797 507 847 defendant.
591 796 863 861 (Longum
913 813 1098 845 eorum
1151 793 1458 861 catalogum
1510 794 1746 845 invenies
1792 796 1844 845 in
1885 795 2113 846 auctoris

202 879 568 946 Moralphilos.
613 878 661 927 H
705 878 962 941 80—84.)

205 1018 351 1083 298.
434 1028 601 1067 PARS
632 1029 664 1066 I.
728 1028 1037 1066 Mendacium
1070 1028 1173 1076 legi
1201 1029 1412 1066 naturali
1440 1031 1692 1077 repugnat.

277 1111 442 1158 Prob.
518 1110 693 1159 Recto
735 1109 906 1158 ordini
947 1117 1167 1159 naturae
1209 1117 1487 1174 repugnat,
1532 1118 1589 1158 ut
1629 1109 1914 1159 abutamur
1954 1108 2112 1175 rebus

202 1192 270 1242 ad
312 1209 467 1242 usum
509 1191 600 1241 fini
639 1191 863 1242 naturali
904 1209 1084 1241 earum
1125 1199 1517 1257 repugnantem
1555 1208 1784 1257 eumque
1824 1191 2112 1258 impedien-

203 1283 337 1336 tem,
389 1273 577 1324 saltem
619 1275 661 1323 si
701 1273 787 1323 hic
828 1273 945 1324 finis
986 1274 1285 1324 necessario
1327 1272 1555 1323 obtineri
1595 1273 1772 1323 debet.
1854 1273 2024 1339 Atqui
2059 1272 2114 1322 id

196 1351 261 1407 'fit
300 1357 351 1406 in
394 1344 690 1406 mendacio.
771 1356 858 1406 Ε]
853 1374 927 1422 go
959 1398 966 1406 .
1003 1398 1010 1406 .
1048 1398 1055 1407 .
1570 1346 1575 1347 ⁷
1643 1344 1649 1345 ἶ

277 1447 374 1496 Ad
408 1464 535 1496 maz.
606 1445 815 1496 «Omne
856 1445 1002 1521 illud,
1048 1446 1196 1512 quod
1238 1447 1507 1496 actionem
1537 1446 1713 1496 reddit
1745 1446 2113 1512 inconvenien-

202 1536 311 1579 tem
340 1528 445 1589 fini,
490 1546 650 1594 quem
693 1537 879 1578 natura
908 1546 978 1578 ex
1007 1545 1171 1594 opere
1200 1527 1378 1595 aliquo
1420 1529 1663 1589 intendit,
1708 1520 1893 1578 contra
1934 1508 2118 1594 legem

203 1620 422 1662 naturae
463 1628 578 1662 esse
620 1611 841 1661 dicitur>
890 1611 964 1676 (ὁ.
1019 1610 1227 1671 leom„
1269 1610 1457 1677 Suppl
1502 1628 1552 1677 q
1597 1611 1683 1675 65,
1728 1628 1772 1660 a.
1825 1612 1888 1675 1).
2127 1602 2135 1606 ⁴

277 1700 434 1751 Proh.
468 1701 594 1751 min.
652 1701 885 1771 Locutio
925 1701 1161 1750 instituta
1202 1709 1282 1750 est
1321 1700 1390 1750 ad
1433 1700 1838 1767 exprimendam
1877 1709 2111 1769 mentem

205 1800 433 1850 eamque
475 1801 593 1833 cum
624 1782 735 1833 aliis
776 1783 1296 1843 communicandam,
1339 1791 1396 1832 ut
1436 1784 1508 1833 ita
1543 1783 1713 1848 possit
1741 1799 1857 1832 esse
1884 1770 2113 1833 societas

205 1866 341 1916 inter
381 1866 625 1916 homines
667 1883 789 1916 cum
830 1874 1016 1915 mutua
1056 1865 1162 1915 fide
1204 1874 1256 1915 et
1297 1865 1505 1926 fiducia,
1549 1874 1606 1915 ut
1647 1866 1805 1916 decet
1845 1875 2113 1916 creaturas

206 1948 503 2000 rationales,
597 1948 700 1998 Hic
757 1956 935 1999 autem
991 1948 1109 1998 finis
1168 1955 1249 1998 est
1313 1963 1352 1999 Ι.
1414 1949 1714 1998 necessario
1770 1948 2108 1998 obtinendus

206 2032 362 2094 Nam,
413 2033 565 2098 «quia
605 2032 770 2081 homo
813 2040 894 2081 est
935 2018 1127 2080 animal
1169 2031 1381 2097 sociale,
1426 2025 1731 2081 naturaliter
1771 2048 1908 2081 unus
1948 2026 2125 2081 homo

206 2103 369 2164 debet
409 2114 558 2165 alteri
585 2115 655 2175 id,
698 2114 810 2164 sine
852 2131 959 2179 quo
999 2113 1229 2164 societas
1269 2113 1502 2164 humana
1542 2113 1737 2164 servari
1773 2130 1883 2163 non
1910 2122 2110 2180 posset.

206 2197 330 2246 Non
359 2206 536 2247 autem
566 2203 788 2263 possent
815 2196 1058 2246 homines
1086 2196 1155 2246 ad
1184 2196 1411 2246 invicem
1440 2196 1748 2257 convivere,
1792 2195 1890 2245 nisi
1916 2196 2017 2246 sibi
2043 2195 2112 2245 in-

204 2280 377 2329 vicem
396 2279 688 2341 crederent,
714 2287 989 2344 tamquam
1008 2279 1282 2328 veritatem
1302 2278 1792 2329 manifestantibus»
1818 2277 1894 2343 (S.
1923 2277 2110 2328 leom.

209 2375 254 2423 2,
302 2375 348 2421 2,
394 2379 445 2428 q.
498 2375 614 2425 109,
659 2379 703 2411 a.
751 2375 776 2424 3
821 2361 891 2410 ad
941 2361 1003 2424 1).
1087 2361 1365 2411 Praeterea
1408 2374 1454 2411 2.
1499 2361 1764 2418 assecutio
1806 2360 1956 2410 huius
1992 2360 2115 2431 ,finis

206 2461 301 2510 per
340 2444 564 2494 abusum
605 2444 891 2494 verborum
933 2443 1002 2492 ad
1042 2443 1454 2509 significandum
1493 2444 1574 2504 id,
1620 2443 1765 2509 quod
1806 2460 1914 2493 non
1954 2441 2112 2492 habe-

207 2543 324 2595 mus
375 2527 426 2576 in
479 2535 682 2588 mente,
738 2526 1038 2592 impeditur.
1120 2525 1262 2575 Nam
1303 2526 1370 2575 de
1422 2525 1530 2575 fide
1581 2533 1635 2575 et
1686 2525 1882 2575 fiducia
1931 2511 2114 2595 mutua

205 2617 385 2658 actum
427 2617 581 2670 esset,
625 2609 669 2658 si
708 2608 891 2659 liceret
930 2625 1187 2674 umquam
1230 2616 1415 2657 contra
1455 2616 1692 2657 mentem
1725 2607 1887 2674 loqui.
1951 2596 2112 2657 Adeo

207 2690 348 2740 enirn
398 2692 552 2757 proni
591 2699 715 2740 sunt
754 2690 998 2740 homines
1049 2690 1118 2739 ad
1161 2689 1553 2750 mentiendum,
1607 2698 1689 2751 ut,
1742 2691 1785 2739 si
1824 2689 2113 2756 aliquando

207 2772 409 2823 licitum
450 2782 589 2822 esset
630 2773 865 2833 mentiri,
916 2771 1067 2822 facile
1107 2772 1207 2822 sibi
1247 2772 1492 2822 homines
1531 2773 1913 2839 persuaderent
1951 2771 2113 2821 talem

209 2872 390 2906 casum
431 2873 570 2905 nunc
612 2855 826 2916 adesse,
884 2864 936 2904 et
978 2855 1254 2904 audientes
1294 2862 1556 2920 perpetuo
1610 2855 1796 2905 timere
1836 2855 2109 2914 deberent,

208 2955 274 2987 ne
315 2937 543 3004 loquens
595 2955 664 2987 ex
705 2938 853 3003 gravi
904 2936 1079 3002 aliqua
1131 2954 1291 2986 causa
1331 2954 1455 2986 vera
1495 2936 1579 2987 vel
1619 2937 1920 2987 existimata
1971 2953 2113 2986 nunc

209 3020 532 3071 mentiretur.
615 3019 756 3069 Hinc
812 3018 942 3068 illud
998 3019 1367 3084 proverbium:
1435 3018 1571 3085 «Qui
1625 3018 1791 3069 semel
1846 3019 2110 3079 mentitur,

209 3102 373 3152 fidem
413 3119 521 3152 non
561 3102 776 3163 invenit,
820 3101 979 3150 etiam
1022 3101 1239 3167 quando
1270 3118 1452 3150 verum
1495 3101 1669 3152 dicit.»
1741 3100 1992 3151 Illustrari
2030 3117 2112 3150 res

209 3191 390 3250 potest
431 3182 683 3250 exemplo
726 3183 887 3233 falsae
928 3190 1193 3243 monetae,
1237 3200 1373 3249 quae
1414 3201 1521 3233 non
1561 3182 1736 3234 solum
1775 3184 1823 3233 ei
1856 3183 2111 3233 damnum

211 3266 388 3327 affert,
444 3266 589 3332 apud
641 3283 804 3332 quem
859 3265 1300 3330 deprehenditur,
1359 3265 1454 3315 sed
1508 3265 1801 3331 generatim
1851 3265 2109 3316 societati.

211 3348 388 3397 Etiam
429 3357 678 3397 monetae
718 3347 981 3413 genuinae
1021 3364 1117 3414 per
1158 3346 1315 3397 falsas
1357 3347 1487 3396 fiunt
1526 3354 1822 3413 suspectae.
