2182 3682
204 195 315 249 454
617 196 732 225 PARS
766 196 814 226 11.
864 195 1178 225 PHILOSOPHIA
1211 195 1414 225 MORALIS
1449 196 1700 227 SPECIALIS.

204 332 606 398 aggressionem
658 332 797 398 regis
847 331 931 382 vel
983 333 1095 382 eius
1145 331 1433 382 satellitum
1483 349 1790 383 succurrere
1841 341 1896 383 et
1944 350 2002 384 se
2042 334 2110 384 ad

203 414 364 464 talem
405 413 772 465 defensionem
815 414 1031 464 foedere
1071 415 1289 465 sociare.
1346 413 1440 464 Ad
1481 414 1585 465 hoc
1627 416 1766 465 enim
1807 433 1915 466 non
1945 416 2111 482 requi-

203 497 331 547 ritur
370 496 422 546 in
461 497 686 547 subditis
726 514 976 563 suprema
1015 505 1271 563 potestas,
1315 514 1414 547 nec
1441 497 1643 547 subditi
1669 515 1853 564 regem
1879 497 2115 549 iudicant

203 586 256 630 et
297 580 591 645 deponunt,
634 579 731 629 sed
772 579 924 628 unice
964 596 1021 628 se
1061 579 1208 645 ipsos
1249 588 1303 629 et
1342 579 1487 630 bona
1525 596 1622 630 sua
1662 580 1972 631 defendunt.

277 669 429 718 Haec
484 676 663 719 tamen
719 667 897 718 valent
940 677 1048 734 per
1100 686 1157 718 se
1211 668 1471 734 loquendo
1528 677 1579 718 et
1634 670 1678 719 si
1732 686 1814 720 res
1865 686 2009 719 mere
2059 670 2111 720 in

201 752 472 802 abstracto
527 751 906 801 consideratur.
995 750 1135 800 Nam
1186 751 1238 800 in
1291 760 1545 801 concreto
1598 769 1692 818 per
1742 752 1991 802 accidens
2043 769 2113 802 ex

202 834 464 883 eiusmodi
494 833 805 883 defensione
832 850 995 900 saepe
1023 832 1193 882 multo
1235 834 1479 899 graviora
1508 833 1647 884 mala
1675 835 1925 896 oriuntur,
1969 834 2111 884 ideo-

202 933 307 982 que
347 917 416 966 ab
458 916 649 966 eadem
690 915 1070 966 abstinendum
1111 916 1222 967 erit.

1026 1076 1200 1108 SECTIO
1227 1075 1289 1109 III.

666 1172 754 1209 DE
785 1169 1026 1210 FORMIS
1062 1170 1372 1210 GUBERNII
1403 1170 1648 1210 CIVILIS.

839 1293 867 1347 ξ
907 1306 938 1333 1.
990 1296 1196 1334 EARUM
1229 1295 1465 1335 DIVISIO.

205 1395 350 1460 617.
433 1397 745 1448 Subiectum
798 1398 1078 1463 potestatis
1132 1397 1293 1447 civilis
1345 1405 1525 1463 potest
1577 1414 1693 1447 esse
1748 1415 1976 1464 persona
2026 1396 2110 1448 vel

200 1480 423 1546 physica
463 1479 543 1530 vel
586 1479 813 1530 moralis.
880 1479 964 1529 Ex
1006 1480 1106 1530 hac
1148 1480 1450 1529 diversitate
1492 1480 1729 1529 oriuntur
1767 1481 1940 1530 variae
1981 1481 2112 1546 regi-

200 1563 353 1612 minis
395 1562 610 1624 formae,
656 1580 876 1629 quarum
920 1571 1207 1628 praeeunte
1248 1562 1543 1612 Arz‘stolele
1584 1562 1754 1627 (Polit.
1800 1562 1830 1614 l.
1876 1576 1923 1627 3,
1968 1581 2010 1613 c.
2061 1563 2109 1627 5)

199 1654 305 1694 tres
345 1644 612 1710 simplices
654 1645 1074 1711 distinguuntur:
1120 1645 1363 1694 nimirum
1406 1645 1778 1707 monarchica,
1819 1645 2108 1695 aristocra-

198 1727 330 1789 fl'ca,
383 1727 771 1789 democraz‘l‘ca,
825 1734 984 1794 prout
1024 1728 1327 1777 subiectum
1367 1729 1648 1793 potestatis
1689 1736 1770 1778 est
1807 1726 1892 1777 vel
1933 1727 2109 1794 aliqua
2158 1766 2161 1769 r

199 1826 428 1876 persona
479 1810 701 1876 physica
743 1811 883 1874 (rex,
940 1811 1234 1876 princeps),
1290 1809 1374 1859 vel
1416 1809 1597 1860 classis
1638 1811 1982 1876 optimatum,
2024 1809 2109 1860 vel

200 1892 430 1958 denique
470 1900 615 1943 totus
656 1892 901 1959 populus.
959 1892 1045 1941 Ex
1086 1892 1274 1942 harum
1304 1892 1592 1942 formarum
1620 1892 1940 1959 simplicium
1968 1910 2108 1943 com-

200 1975 458 2024 mixtione
510 1976 632 2024 dein
686 1975 925 2024 oriuntur
965 1976 1138 2024 variae
1180 1974 1380 2024 formae
1421 1992 1620 2035 novae,
1675 1992 1814 2041 quae
1853 1984 2112 2025 vocantur

199 2058 424 2119 mixtae,
479 2057 649 2123 qualis
691 2066 771 2107 est
809 2076 856 2107 v.
901 2075 952 2122 g.
1003 2057 1260 2107 hodierna
1301 2057 1610 2107 monarchia
1651 2057 2108 2108 constitutionalis.

274 2146 411 2197 Sunt
463 2148 551 2213 qui
605 2148 989 2197 aristocratiam
1043 2157 1095 2197 et
1149 2147 1534 2197 democratiam
1588 2164 1695 2197 non
1747 2146 2109 2208 essentialiter,

200 2230 295 2279 sed
336 2230 509 2279 solum
551 2230 721 2296 gradu
764 2230 1017 2296 distingui
1059 2238 1273 2296 putent,
1331 2231 1452 2296 quia
1493 2230 1651 2280 etiam
1691 2230 1743 2279 in
1785 2230 2113 2280 democratia

198 2329 492 2378 numquam
534 2329 721 2361 omnes
763 2312 1038 2378 imperium
1084 2312 1429 2378 participent3
1480 2312 1707 2362 feminae
1748 2313 1904 2372 enim,
1947 2312 2111 2362 mino-

199 2412 412 2455 rennes,
468 2395 791 2460 quicumque
844 2395 926 2444 sui
977 2395 1099 2444 iuris
1151 2412 1259 2444 non
1312 2403 1434 2444 sunt
1492 2395 1560 2444 ab
1615 2412 1680 2444 eo
1733 2394 2107 2445 excluduntur.

197 2477 327 2526 Ideo
370 2494 477 2526 non
518 2477 616 2526 nisi
657 2477 789 2526 duas
819 2476 1015 2526 formas
1055 2477 1345 2542 primitivas
1373 2477 1689 2527 admittunt:
1733 2476 2111 2527 722072a7‘cl22‘am

199 2568 251 2609 et
270 2558 672 2625 polyarclcz'am.
731 2558 839 2609 Sed
869 2559 995 2608 nihil
1024 2559 1240 2609 obstare
1268 2560 1492 2620 videtur,
1537 2560 1822 2625 quominus
1849 2560 1903 2609 in
1930 2559 2110 2625 aliquo

199 2641 352 2692 Statu
394 2659 580 2691 omnes
629 2643 770 2691 cives
808 2659 1114 2708 supremam
1154 2649 1479 2707 potestatem
1523 2642 1839 2707 participent
1879 2641 2112 2707 ideoque

198 2742 379 2774 veram
421 2724 805 2774 democratiam
848 2725 1188 2774 constituant.
1256 2723 1491 2789 Populus
1531 2725 1673 2774 enim
1702 2724 1924 2789 politice
1962 2741 2110 2790 spec-

199 2816 340 2857 tatus
391 2823 499 2856 non
546 2807 853 2856 immediate
895 2815 1106 2856 constat
1147 2807 1348 2856 cunctis
1389 2806 1670 2856 individuis
1711 2807 1883 2855 omnis
1923 2807 2110 2856 aetatis

200 2898 252 2939 et
302 2906 490 2950 sexus,
543 2889 639 2938 sed
692 2888 867 2938 solum
921 2890 1124 2938 cunctis
1165 2888 1391 2950 civibus,
1446 2896 1709 2955 quatenus
1760 2888 1813 2937 hi
1861 2887 2108 2938 familiam

168 2980 611 3037 repraesentant.
692 2970 880 3036 Atque
920 2972 993 3021 ita
1032 2988 1159 3021 sane
1200 2978 1345 3020 totus
1385 2970 1621 3036 populus
1660 2989 1769 3020 non
1807 2988 1964 3037 vago,
2013 2971 2109 3020 sed

199 3054 420 3103 iuridico
463 3062 516 3103 et
557 3054 824 3104 constanti
876 3053 1040 3102 limite
1081 3070 1110 3102 a
1162 3052 1463 3119 particulari
1505 3053 1734 3119 collegio
1777 3053 2108 3119 quarundam

201 3135 513 3185 familiarum
575 3136 903 3185 discernitur.
1000 3135 1276 3185 Praeterea
1336 3152 1405 3184 ex
1463 3144 1642 3185 mente
1697 3134 2003 3185 Aristotelis
2056 3135 2108 3184 in

200 3218 526 3268 aristocratia
565 3217 665 3267 soli
704 3216 790 3278 illi,
835 3218 920 3283 qui
962 3217 1155 3267 virtute
1195 3225 1248 3266 et
1288 3217 1546 3283 sapientia
1586 3215 1870 3278 excellunt,
1921 3217 2109 3283 guber-

201 3316 326 3349 nare
367 3300 584 3360 debent,
626 3301 699 3350 ita
726 3308 782 3349 ut
810 3299 1090 3349 essentiale
1132 3300 1413 3349 discrimen
1446 3299 1741 3349 intercedat
1767 3299 1902 3348 inter
1929 3299 2109 3348 aristo-

201 3383 418 3431 cratiam
459 3390 512 3431 et
553 3382 951 3432 democratiam.
