2182 3682
227 182 333 232 236
624 192 738 221 PARS
773 191 821 221 Π.
872 190 1190 220 PHILosoPmA
1224 190 1432 220 MORALIS
1469 190 1720 220 SPECIALIS.

223 329 412 378 nullius
469 328 673 394 aliquas
727 329 828 379 sibi
896 345 1160 395 occupare
1211 327 1294 378 vel
1351 327 1541 378 saltem
1608 327 1792 378 labore
1858 328 2129 394 acquirere

221 412 494 477 potuisset.
553 409 936 477 Supponamus
962 429 1009 460 v.
1043 427 1092 476 g.
1134 410 1365 476 aliquem
1405 410 1503 460 sibi
1546 410 1769 460 domum
1798 410 2126 472 aedificasse,

222 510 408 559 agrum
460 492 713 555 coluisse,
768 493 1119 542 instrumenta
1172 492 1385 553 fecisse,
1440 509 1663 557 gregem
1713 509 1971 559 pecorum
2013 509 2130 558 pro·

222 592 455 626 creasse:
500 593 592 625 cur
631 575 764 625 haec
806 593 914 624 non
956 575 1296 641 pertinebant
1337 575 1405 624 ad
1434 574 1643 641 ipsum?
1682 575 2014 641 potuissetne
2042 573 2131 624 lex
2168 621 2176 623 s

221 656 308 707 illa
348 658 460 707 sine
501 657 684 706 iniuria
725 657 944 718 auferre,
990 657 1087 706 nisi
1127 663 1465 722 supponatur
1493 657 1673 707 omnia
1699 657 1768 707 ab
1795 656 1943 707 initio
1973 655 2131 707 fuisse

221 740 447 805 positive
490 739 826 790 communia?

294 835 451 886 Prob.
497 836 622 886 min.
704 835 798 885 Ad
841 837 904 901 a).
975 835 1136 886 Nulla
1177 837 1309 886 ratio
1352 853 1449 902 pro
1490 835 1580 886 tali
1622 835 1858 886 dominio
1901 837 2130 903 positivo

220 920 271 968 in
312 926 485 969 totam
526 927 717 968 terram
747 918 918 968 afferri
960 925 1156 984 potest,
1200 919 1363 968 immo
1405 917 1534 968 illud
1578 919 1760 969 fuisset
1799 917 1982 969 inutile
2021 919 2132 969 sive

221 1001 402 1068 primis
455 1000 760 1051 hominibus
813 1001 923 1051 sive
977 1002 1076 1052 toti
1128 1002 1310 1066 generi
1362 1000 1623 1063 humano,
1681 1002 1804 1067 quia
1843 1018 1900 1051 se
1951 1009 2131 1052 exten-

221 1084 385 1134 disset
436 1083 504 1133 ad
547 1092 724 1150 partes
774 1090 945 1133 terrae
998 1084 1379 1134 remotissimas
1430 1092 1482 1133 et
1521 1084 1760 1150 ignotas,
1819 1084 1887 1133 de
1940 1084 2133 1151 quibus

221 1166 507 1233 disponere
548 1165 647 1216 illis
687 1165 1016 1232 impossibile
1045 1174 1172 1217 erat.
1235 1165 1513 1216 Praeterea
1542 1184 1607 1216 eo
1648 1167 1931 1232 supposito
1973 1184 2131 1217 nemo

221 1249 481 1316 potuisset
521 1248 621 1298 sibi
648 1266 714 1298 ne
755 1266 850 1315 per
890 1247 1129 1299 laborem
1168 1248 1404 1314 quidem,
1449 1266 1571 1298 cum
1601 1249 1791 1298 diversi
1819 1249 1870 1298 in
1900 1249 2134 1299 diversas

221 1340 399 1398 partes
439 1331 779 1391 secederent,
835 1330 1067 1397 aliquam
1110 1337 1317 1398 partem
1358 1340 1528 1381 terrae
1569 1339 1627 1381 ut
1667 1332 1939 1397 propriam
1980 1348 2134 1382 occu-

221 1431 373 1480 pare,
429 1414 471 1463 si
512 1422 668 1463 antea
708 1414 959 1480 principis
999 1413 1082 1463 vel
1123 1414 1287 1463 totius
1328 1414 1726 1464 communitatis
1773 1414 1840 1464 ad
1884 1414 1937 1464 id
1979 1413 2133 1464 licen-

220 1497 349 1546 tiam
391 1513 580 1562 rogare
622 1495 821 1546 oblitus
862 1495 1043 1546 fuisset
1083 1495 1166 1546 vel
1209 1496 1437 1546 eandem
1477 1513 1585 1546 non
1628 1496 1960 1547 obtinuisset.

296 1578 389 1628 Ad
431 1579 503 1642 b).
585 1578 911 1644 Negandum
953 1587 1033 1629 est
1074 1578 1292 1628 Adamo
1334 1578 1417 1628 vel
1458 1578 1571 1628 aliis
1624 1579 2000 1645 competivisse
2041 1578 2132 1628 do-

223 1661 442 1711 minium
483 1660 855 1711 iurisdictionis
895 1662 946 1710 in
989 1669 1157 1711 totam
1200 1670 1408 1722 terram,
1453 1662 1525 1710 ita
1565 1670 1620 1710 ut
1660 1662 1961 1727 potuissent
2002 1660 2134 1711 alios

223 1744 508 1810 prohibere
549 1744 617 1793 ab
660 1744 978 1809 occupanda
1018 1752 1169 1810 parte
1210 1752 1395 1805 terrae,
1439 1744 1482 1793 si
1522 1744 1573 1793 in
1614 1745 1860 1809 regiones
1900 1751 2134 1794 remotas

223 1827 616 1892 immigrabant.
700 1825 832 1876 Tale
885 1827 1025 1876 enim
1079 1827 1373 1876 dominium
1427 1825 1611 1876 fuisset
1662 1843 1880 1892 prorsus
1933 1825 2130 1887 inutile,

225 1910 388 1959 immo
442 1909 617 1975 potius
670 1909 936 1959 nocivum.
1018 1908 1320 1959 Potuissent
1371 1909 1509 1958 enim
1563 1916 1809 1974 posteros
1855 1909 2131 1975 impedire,

227 1992 509 2057 quominus
542 1991 593 2040 in
626 1990 752 2041 alias
794 1992 1040 2057 regiones
1081 1992 1369 2058 migrarent
1410 2007 1608 2057 easque
1649 1991 1748 2040 sibi
1789 1999 2129 2057 occuparent.

232 2129 376 2194 368.
460 2133 624 2180 Prob.
663 2148 707 2194 3.
782 2132 901 2182 Lex
942 2132 1106 2183 civilis
1146 2150 1254 2182 non
1295 2131 1618 2183 sufficienter
1658 2130 1894 2198 explicat
1934 2130 2132 2181 factum

225 2221 334 2264 tam
364 2213 658 2264 universale
699 2224 751 2265 et
793 2223 1044 2266 constans
1085 2215 1423 2282 proprietatis
1463 2215 1698 2281 privatae
1726 2214 1871 2280 apud
1899 2212 2134 2280 populos

226 2313 334 2345 non
374 2295 547 2345 solum
589 2296 774 2359 cultos,
825 2298 920 2348 sed
963 2299 1121 2348 etiam
1164 2298 1397 2347 maxime
1437 2296 1679 2358 incultos,
1722 2296 1912 2346 saltem
1954 2295 2134 2362 quoad

226 2379 369 2429 bona
410 2378 642 2428 mobilia.

301 2477 467 2524 Prob.
511 2491 556 2537 4.
642 2477 850 2528 Privata
910 2478 1147 2528 dominia
1206 2476 1424 2543 singulis
1483 2476 1764 2526 individuis
1821 2484 1874 2525 et
1930 2473 2135 2525 familiis

225 2559 519 2624 generatim
570 2567 692 2609 sunt
743 2560 1055 2610 necessaria.
1137 2559 1309 2625 Az‘qm'
1344 2559 1615 2609 individua
1656 2566 1708 2608 et
1750 2556 1975 2607 familiae
2014 2564 2135 2607 sunt

225 2650 367 2691 statu
420 2640 556 2691 civili
611 2641 952 2708 antiquiores,
1033 2642 1188 2707 Ergo
1245 2642 1405 2692 etiam
1461 2641 1667 2707 privata
1723 2640 1959 2690 dominia
2012 2647 2135 2689 sunt

225 2730 365 2774 statu
420 2722 553 2773 civili
606 2724 930 2790 antiquiora,
986 2741 1085 2774 nec
1129 2732 1339 2790 poterat
1392 2724 1678 2773 auctoritas
1730 2720 1893 2772 civilis
1944 2721 2132 2771 eadem

227 2814 417 2872 utpote
457 2806 752 2856 necessaria
792 2806 1071 2872 abrogare.

232 2944 379 3009 369.
461 2955 628 2994 PARS
660 2956 714 2993 ΙΙ.
779 2956 890 2993 Non
925 2956 1036 2994 solo
1066 2958 1227 3004 pacto.

306 3044 470 3091 Prob.
545 3043 704 3092 Ratio
756 3057 796 3093 Ι.
841 3050 894 3092 et
937 3056 981 3093 2.
1026 3043 1213 3108 prioris
1253 3042 1415 3108 partis
1456 3041 1616 3090 etiam
1658 3047 1843 3089 contra
1882 3037 2019 3088 hanc
2060 3053 2134 3086 se-

231 3126 463 3176 cundam
504 3133 711 3191 partem
738 3124 894 3174 valet.
957 3124 1234 3174 Praeterea
1279 3138 1324 3187 3.
1369 3122 1632 3172 eiusmodi
1671 3128 1888 3187 pactum
1916 3119 2135 3169 omnino

234 3208 396 3272 gratis
437 3207 770 3273 confingitur.
835 3205 944 3256 Sed
986 3206 1146 3256 etiam
1187 3206 1315 3255 dato
1356 3206 1557 3271 primos
1583 3203 1828 3253 homines
1856 3200 1947 3251 tali
1974 3209 2134 3267 pacto

233 3290 367 3339 inter
406 3305 462 3338 se
504 3289 842 3350 convenisse,
897 3287 1171 3353 quodnam
1213 3288 1291 3336 ius
1331 3287 1605 3336 habebant
1656 3300 1844 3334 omnes
1891 3290 2136 3349 posteros

237 3370 543 3436 obligandi?
621 3370 727 3420 Cur
766 3370 929 3420 hodie
980 3370 1222 3420 homines
1273 3368 1463 3433 singuli
1503 3366 1585 3418 vel
1627 3374 1770 3416 certe
1811 3365 1977 3414 maior
2015 3381 2136 3431 pars
