2182 3682
209 162 314 214 132
613 160 727 189 PARS
761 160 790 190 Ι.
842 158 1157 189 PHILOSOPHIA
1189 158 1392 187 MORALIS
1427 157 1707 189 GENERALIS.

199 314 351 347 suam
390 295 739 358 voluntatem,
784 305 842 346 ut
882 296 1123 346 ordinem
1164 295 1456 346 naturalem
1484 305 1711 348 servent.
1769 296 1903 363 Quis
1929 297 1996 348 sit
2022 297 2108 349 ille

202 379 336 429 ordo
377 377 643 441 naturaliS,
688 387 839 445 patet
879 396 947 428 ex
988 377 1124 427 thesi
1165 377 1281 427 XII.

274 460 547 511 Exsistere
587 462 638 511 in
667 462 787 511 Deo
830 460 1091 510 eiusmodi
1119 459 1297 525 legem
1334 468 1607 510 aeternam
1635 467 1880 527 respectu
1909 462 2109 512 entium
2181 518 2182 522 Ἰ

201 542 533 594 rationalium
573 543 913 593 manifestum
955 551 1061 603 est,
1114 550 1168 591 et
1208 543 1425 608 quidem
1466 560 1497 592 a
1537 542 1738 593 fortiori
1778 560 1848 593 ex
1887 544 2107 606 ratione,
2181 562 2182 565 ¹

201 643 363 692 quam
414 625 580 675 modo
634 642 702 675 ex
757 624 808 674 S.
873 624 922 674 T
920 624 1083 674 stoma
1140 623 1428 675 retulimus.
1511 623 1567 675 Si
1618 626 1759 675 enim
1813 625 1963 675 Deus
2015 643 2110 676 sua

202 707 536 774 providentia
589 724 671 756 res
723 724 911 756 omnes
953 706 1158 772 dirigit,
1213 706 1383 756 multo
1425 707 1596 772 magis
1637 708 1778 757 entia
1819 707 2106 760 rationalia.

203 789 361 839 Ratio
403 796 581 839 autem
621 788 775 838 huius
816 789 1217 855 gubernationis
1257 790 1308 838 in
1349 797 1529 838 mente
1571 789 1745 839 divina
1787 789 1855 840 ab
1892 798 2110 841 aeterno

202 872 464 922 exsistens
515 878 596 921 est
648 870 735 921 lex
777 880 993 921 aeterna
1033 871 1225 921 iubens
1266 879 1319 921 et
1358 878 1559 922 vetans.
1643 870 1930 922 Creaturae
1969 873 2110 922 enim

202 953 484 1004 rationales
538 971 646 1003 non
703 963 927 1021 possunt
983 954 1398 1004 accommodate
1454 954 1523 1004 ad
1578 971 1729 1004 suam
1786 963 2030 1005 naturam
2081 972 2112 1005 a

203 1037 325 1086 Deo
367 1036 520 1101 dirigi
560 1036 657 1086 nisi
698 1054 792 1103 per
832 1036 1024 1103 legem.

276 1119 632 1185 Distinguitur
671 1119 763 1168 lex
813 1127 1036 1169 aelerna
1089 1137 1123 1169 a
1159 1118 1513 1185 providentia
1554 1119 1759 1169 divina.
1842 1119 1983 1170 Nam
2023 1119 2112 1170 lex

204 1209 420 1251 aeterna
473 1209 554 1251 est
606 1202 739 1251 ratio
782 1202 986 1263 divina,
1041 1202 1092 1251 in
1134 1210 1394 1268 quantum
1433 1202 1619 1251 statuit
1659 1193 2111 1269 regulasruniv'er-

203 1283 341 1333 sales
393 1301 490 1350 pro
539 1284 722 1333 mundi
776 1284 1058 1349 regimine;
1114 1284 1451 1349 providentia
1490 1301 1617 1334 vero
1666 1284 1966 1355 secundum
2007 1284 2112 1355 dhas

203 1365 413 1431 regulas
467 1366 534 1415 de
584 1365 804 1432 singulis
855 1367 904 1416 in
960 1365 1264 1432 particulari
1317 1365 1552 1433 disponit
1605 1374 1658 1416 et
1698 1354 2110 1433 quodammodo

204 1446 381 1514 legem
423 1449 743 1514 exsequitur.
1208 1439 1211 1440 ⁷

214 1589 353 1644 154.
434 1579 610 1632 Sclwl.
669 1582 755 1632 Ex
794 1581 916 1649 lege
956 1591 1172 1632 aeterna
1214 1581 1393 1632 omnia
1431 1582 1480 1631 in
1523 1581 1628 1632 hoc
1657 1582 1861 1632 mundo
1890 1582 2111 1632 admira-

204 1663 366 1713 bilem
418 1663 588 1714 lucem
638 1665 920 1732 accipiunt.
1003 1664 1168 1731 Quod
1208 1665 1260 1714 in
1302 1664 1487 1714 ordine
1528 1664 1755 1731 physico
1795 1663 1883 1714 lex
1923 1671 2110 1715 attrac-

203 1745 360 1795 tionis
399 1745 482 1796 vel
523 1748 887 1812 gravitationis
927 1746 1259 1808 universalis,
1311 1747 1455 1796 idern
1494 1747 1546 1796 in
1586 1753 1704 1797 toto
1746 1747 1991 1797 universo
2033 1755 2113 1797 est

204 1826 293 1877 lex
332 1835 567 1890 aeterna,
611 1847 707 1896 per
746 1846 907 1896 quam
949 1830 1152 1890 onmia,
1198 1847 1337 1895 quae
1378 1846 1409 1879 a
1451 1829 1573 1879 Deo
1616 1837 1840 1891 exeunt,
1882 1829 2018 1879 inter
2056 1846 2113 1879 se

204 1911 510 1976 conspirant
567 1921 619 1961 et
670 1913 905 1962 maxima
956 1913 1155 1961 unitate
1208 1921 1261 1962 et
1313 1912 1590 1962 harmonia
1642 1912 1711 1962 ad
1764 1929 1922 1962 suum
1978 1911 2115 1978 prin-

204 1993 398 2058 cipium
451 1994 791 2045 reducuntur.
884 1994 1260 2044 Materialistae
1313 2011 1606 2060 numquam
1659 2002 1913 2060 poterunt
1965 1993 2113 2043 mira-

203 2074 366 2124 bilem
407 2076 679 2137 ordinem,
724 2077 1009 2138 unitatem,
1053 2076 1466 2135 solidaritatem,
1514 2077 1555 2126 si
1596 2077 1669 2126 ita
1710 2075 1857 2143 loqui
1898 2075 1976 2126 fas
2016 2084 2110 2137 est,

205 2157 443 2207 omnium
477 2176 651 2208 rerum
690 2160 741 2209 in
780 2159 885 2209 hoc
926 2160 1128 2209 mundo
1157 2158 1440 2225 explicare.
1500 2158 1839 2209 Pantheistae
1866 2158 2112 2219 vicissim,

205 2240 359 2290 nimis
399 2241 537 2291 hanc
577 2242 837 2292 unitatem
879 2250 931 2292 et
971 2241 1354 2292 solidaritatem
1389 2249 1655 2306 urgenteS,
1699 2241 1750 2291 in
1792 2241 2115 2291 contrarium

206 2339 438 2373 errorem
493 2324 734 2374 incidunt
789 2331 844 2374 et
898 2342 1071 2374 rerum
1127 2323 1524 2374 multitudinem
1581 2332 1635 2373 et
1689 2323 2000 2374 varietatem
2053 2339 2115 2372 ac

207 2405 433 2470 proinde
488 2407 649 2457 etiam
706 2407 947 2456 ordinem
1003 2417 1229 2473 negant,
1289 2408 1380 2473 qui
1435 2414 1515 2456 est
1567 2406 1795 2472 plurium
1836 2405 2115 2473 dispositio

207 2488 504 2538 secundum
556 2488 787 2555 aliquam
839 2490 1114 2539 unitatem.
1196 2488 1542 2555 Philosophia
1591 2505 1718 2538 vero
1759 2504 1915 2550 sana,
1970 2503 2115 2554 prae-

207 2571 389 2620 sertim
445 2570 641 2621 lumine
694 2571 1029 2622 revelationis
1081 2572 1288 2633 adiuta,
1345 2589 1440 2637 per
1479 2570 1657 2637 legem
1697 2577 1970 2621 aeternam
2012 2570 2118 2619 uni-

209 2660 375 2702 tatem
415 2652 780 2704 harmonicam
817 2672 993 2704 rerum
1020 2653 1357 2704 multitudine
1387 2662 1438 2703 et
1466 2653 1721 2703 varietate
1750 2653 2117 2703 distinctarum

211 2735 377 2785 modo
421 2735 696 2797 facillimO,
750 2736 1141 2803 simplicissimo
1183 2743 1237 2787 et
1277 2736 1366 2802 qui
1418 2734 1710 2785 intellectui
1755 2735 2118 2801 undequaque

210 2817 513 2879 satisfaciat,
556 2818 803 2884 explicat.

220 2960 360 3014 155·
433 2966 535 3006 Obi.
559 2979 592 3006 1.
653 2961 986 3021 Promulgatio
1024 2969 1096 3008 est
1132 2960 1194 3008 de
1230 2959 1421 3007 ratione
1457 2958 1592 3020 legis.
1654 2957 1807 3019 Atqui
1827 2958 1889 3005 ab
1915 2964 2119 3004 aeterno

210 3034 344 3081 nulla
380 3033 468 3080 fuit
503 3036 846 3096 promulgatio.
917 3036 1056 3096 Ergo
1090 3050 1255 3096 neque
1291 3036 1383 3082 lex.

290 3133 442 3181 Resp.
520 3124 650 3171 Dz'st.
700 3127 808 3173 mai.
828 3143 842 3172 .·
890 3125 1224 3187 Promulgatio
1277 3133 1349 3172 est
1399 3124 1462 3171 de
1512 3122 1704 3169 ratione
1754 3119 1876 3182 legis
1925 3119 2118 3181 passive

213 3207 488 3260 spectatae,
530 3214 675 3255 coma,
725 3199 883 3247 active
920 3208 1196 3261 spectatae,
1233 3199 1454 3246 subdz'stn·
1498 3196 1828 3259 promulgatio
1864 3192 2121 3241 causaliter

214 3282 431 3336 sumpta,
484 3289 629 3331 conc„
683 3274 910 3321 effective
962 3289 1047 3322 seu
1094 3273 1403 3321 terminative
1451 3280 1669 3333 sumpta,
1722 3285 1837 3331 nego
1885 3263 1950 3330 (n.
1993 3262 2118 3329 149).

219 3349 504 3395 Contradz'st.
541 3350 651 3396 min.
689 3354 735 3395 et
765 3363 881 3395 cons.
