<?xml version="1.0" encoding="UTF-8"?>
<!DOCTYPE html PUBLIC "-//W3C//DTD XHTML 1.0 Transitional//EN"
    "http://www.w3.org/TR/xhtml1/DTD/xhtml1-transitional.dtd">
<html xmlns="http://www.w3.org/1999/xhtml" xml:lang="en" lang="en">
 <head>
  <title>
</title>
<meta http-equiv="Content-Type" content="text/html;charset=utf-8" />
  <meta name='ocr-system' content='tesseract 3.04.00' />
  <meta name='ocr-capabilities' content='ocr_page ocr_carea ocr_par ocr_line ocrx_word'/>
</head>
<body>
  <div class='ocr_page' id='page_1' title='image "./philosophiamoral00cath_0367.png"; bbox 0 0 2182 3682; ppageno 0'>
   <div class='ocr_carea' id='block_1_1' title="bbox 451 170 1959 225">
    <p class='ocr_par' dir='ltr' id='par_1_1' title="bbox 451 170 1959 225">
     <span class='ocr_line' id='line_1_1' title="bbox 451 170 1959 225; baseline 0 -26"><span class='ocrx_word' id='word_1_1' title='bbox 451 172 538 201; x_wconf 84' lang='lat' dir='ltr'>LIB.</span> <span class='ocrx_word' id='word_1_2' title='bbox 575 172 621 200; x_wconf 87' lang='grc' dir='ltr'>ΙΙ.</span> <span class='ocrx_word' id='word_1_3' title='bbox 669 171 767 200; x_wconf 84' lang='lat' dir='ltr'>CAP.</span> <span class='ocrx_word' id='word_1_4' title='bbox 797 171 841 199; x_wconf 92' lang='lat'>11.</span> <span class='ocrx_word' id='word_1_5' title='bbox 890 171 951 199; x_wconf 88' lang='lat' dir='ltr'>DE</span> <span class='ocrx_word' id='word_1_6' title='bbox 986 170 1242 199; x_wconf 84' lang='lat' dir='ltr'>SOClETATE</span> <span class='ocrx_word' id='word_1_7' title='bbox 1278 171 1566 201; x_wconf 84' lang='lat' dir='ltr'>DOMESTICA.</span> <span class='ocrx_word' id='word_1_8' title='bbox 1859 175 1959 225; x_wconf 72' lang='lat'>343</span> 
     </span>
    </p>
   </div>
   <div class='ocr_carea' id='block_1_2' title="bbox 63 304 1967 613">
    <p class='ocr_par' dir='ltr' id='par_1_2' title="bbox 63 304 1967 613">
     <span class='ocr_line' id='line_1_2' title="bbox 65 304 1964 372; baseline -0.001 -14"><span class='ocrx_word' id='word_1_9' title='bbox 65 307 323 358; x_wconf 88' lang='lat' dir='ltr'>stabilitas</span> <span class='ocrx_word' id='word_1_10' title='bbox 375 306 607 372; x_wconf 84' lang='lat' dir='ltr'>coniugii</span> <span class='ocrx_word' id='word_1_11' title='bbox 659 323 767 355; x_wconf 91' lang='lat' dir='ltr'>non</span> <span class='ocrx_word' id='word_1_12' title='bbox 819 322 1003 371; x_wconf 88' lang='lat' dir='ltr'>parum</span> <span class='ocrx_word' id='word_1_13' title='bbox 1056 304 1419 354; x_wconf 87' lang='lat' dir='ltr'>labefactatur.</span> <span class='ocrx_word' id='word_1_14' title='bbox 1500 306 1558 354; x_wconf 92' lang='lat' dir='ltr'>In</span> <span class='ocrx_word' id='word_1_15' title='bbox 1599 306 1846 356; x_wconf 85' lang='lat' dir='ltr'>Borussia</span> <span class='ocrx_word' id='word_1_16' title='bbox 1896 307 1964 356; x_wconf 91' lang='lat' dir='ltr'>ab</span> 
     </span>
     <span class='ocr_line' id='line_1_3' title="bbox 64 385 1966 452; baseline -0.001 -13"><span class='ocrx_word' id='word_1_17' title='bbox 64 406 204 439; x_wconf 90' lang='lat' dir='ltr'>anno</span> <span class='ocrx_word' id='word_1_18' title='bbox 256 388 644 452; x_wconf 83' lang='lat'>1881—1896:</span> <span class='ocrx_word' id='word_1_19' title='bbox 700 388 894 449; x_wconf 80' lang='lat'><strong>64400</strong></span> <span class='ocrx_word' id='word_1_20' title='bbox 937 386 1272 436; x_wconf 89' lang='lat' dir='ltr'>matrimonia</span> <span class='ocrx_word' id='word_1_21' title='bbox 1311 385 1484 435; x_wconf 89' lang='lat' dir='ltr'>soluta</span> <span class='ocrx_word' id='word_1_22' title='bbox 1524 396 1660 447; x_wconf 89' lang='lat' dir='ltr'>sunt,</span> <span class='ocrx_word' id='word_1_23' title='bbox 1704 389 1756 437; x_wconf 92' lang='lat' dir='ltr'>in</span> <span class='ocrx_word' id='word_1_24' title='bbox 1797 387 1966 437; x_wconf 87' lang='lat' dir='ltr'>Gallia</span> 
     </span>
     <span class='ocr_line' id='line_1_4' title="bbox 63 468 1967 534; baseline -0.001 -14"><span class='ocrx_word' id='word_1_25' title='bbox 63 471 132 521; x_wconf 90' lang='lat' dir='ltr'>ab</span> <span class='ocrx_word' id='word_1_26' title='bbox 184 487 323 520; x_wconf 89' lang='lat' dir='ltr'>anno</span> <span class='ocrx_word' id='word_1_27' title='bbox 372 471 730 534; x_wconf 78' lang='lat'>1888-1897</span> <span class='ocrx_word' id='word_1_28' title='bbox 774 470 929 533; x_wconf 83' lang='lat' dir='ltr'>(intra</span> <span class='ocrx_word' id='word_1_29' title='bbox 978 481 1040 517; x_wconf 88' lang='lat'>10</span> <span class='ocrx_word' id='word_1_30' title='bbox 1089 468 1306 530; x_wconf 81' lang='lat' dir='ltr'>annos):</span> <span class='ocrx_word' id='word_1_31' title='bbox 1362 468 1580 531; x_wconf 79' lang='lat'>60338,</span> <span class='ocrx_word' id='word_1_32' title='bbox 1639 468 1690 517; x_wconf 91' lang='lat' dir='ltr'>in</span> <span class='ocrx_word' id='word_1_33' title='bbox 1732 468 1967 519; x_wconf 80' lang='lat' dir='ltr'>Statibus</span> 
     </span>
     <span class='ocr_line' id='line_1_5' title="bbox 66 549 1377 613; baseline -0.003 -11"><span class='ocrx_word' id='word_1_34' title='bbox 66 552 240 603; x_wconf 92' lang='lat' dir='ltr'>Unitis</span> <span class='ocrx_word' id='word_1_35' title='bbox 279 551 564 601; x_wconf 85' lang='lat' dir='ltr'>Americae</span> <span class='ocrx_word' id='word_1_36' title='bbox 604 568 706 600; x_wconf 75' lang='lat' dir='ltr'>mm</span> <span class='ocrx_word' id='word_1_37' title='bbox 748 567 887 600; x_wconf 88' lang='lat' dir='ltr'>anno</span> <span class='ocrx_word' id='word_1_38' title='bbox 937 549 1125 613; x_wconf 82' lang='lat'>19030:</span> <span class='ocrx_word' id='word_1_39' title='bbox 1170 550 1377 599; x_wconf 82' lang='lat'>60000.</span> 
     </span>
    </p>
   </div>
   <div class='ocr_carea' id='block_1_3' title="bbox 65 686 1971 1247">
    <p class='ocr_par' dir='ltr' id='par_1_3' title="bbox 65 686 1971 1247">
     <span class='ocr_line' id='line_1_6' title="bbox 68 686 1967 754; baseline -0.001 -15"><span class='ocrx_word' id='word_1_40' title='bbox 68 701 214 753; x_wconf 88' lang='lat'>449.</span> <span class='ocrx_word' id='word_1_41' title='bbox 295 689 453 739; x_wconf 66' lang='lat' dir='ltr'>Proh.</span> <span class='ocrx_word' id='word_1_42' title='bbox 484 689 610 739; x_wconf 78' lang='lat' dir='ltr'>min.</span> <span class='ocrx_word' id='word_1_43' title='bbox 670 702 715 738; x_wconf 84' lang='lat'>2.</span> <span class='ocrx_word' id='word_1_44' title='bbox 768 686 966 749; x_wconf 72' lang='lat' dir='ltr'>Quoad</span> <span class='ocrx_word' id='word_1_45' title='bbox 981 688 1128 754; x_wconf 72' lang='lat' dir='ltr'>fines</span> <span class='ocrx_word' id='word_1_46' title='bbox 1154 687 1514 738; x_wconf 72' lang='lat' dir='ltr'>secundarios.</span> <span class='ocrx_word' id='word_1_47' title='bbox 1571 688 1967 739; x_wconf 77' lang='lat' dir='ltr'>Matrimonium</span> 
     </span>
     <span class='ocr_line' id='line_1_7' title="bbox 68 769 1969 835; baseline 0 -14"><span class='ocrx_word' id='word_1_48' title='bbox 68 772 360 821; x_wconf 88' lang='lat' dir='ltr'>humanum</span> <span class='ocrx_word' id='word_1_49' title='bbox 398 789 465 820; x_wconf 81' lang='lat' dir='ltr'>ex</span> <span class='ocrx_word' id='word_1_50' title='bbox 507 771 802 820; x_wconf 91' lang='lat' dir='ltr'>intentione</span> <span class='ocrx_word' id='word_1_51' title='bbox 830 770 935 819; x_wconf 91' lang='lat' dir='ltr'>Dei</span> <span class='ocrx_word' id='word_1_52' title='bbox 975 787 1081 818; x_wconf 91' lang='lat' dir='ltr'>non</span> <span class='ocrx_word' id='word_1_53' title='bbox 1121 769 1295 818; x_wconf 91' lang='lat' dir='ltr'>solum</span> <span class='ocrx_word' id='word_1_54' title='bbox 1338 770 1609 819; x_wconf 88' lang='lat' dir='ltr'>ordinatur</span> <span class='ocrx_word' id='word_1_55' title='bbox 1647 771 1715 820; x_wconf 91' lang='lat' dir='ltr'>ad</span> <span class='ocrx_word' id='word_1_56' title='bbox 1757 787 1969 835; x_wconf 79' lang='lat' dir='ltr'>genera-</span> 
     </span>
     <span class='ocr_line' id='line_1_8' title="bbox 65 852 1971 917; baseline 0 -14"><span class='ocrx_word' id='word_1_57' title='bbox 65 853 265 903; x_wconf 82' lang='lat' dir='ltr'>tionem</span> <span class='ocrx_word' id='word_1_58' title='bbox 306 862 358 902; x_wconf 93' lang='lat' dir='ltr'>et</span> <span class='ocrx_word' id='word_1_59' title='bbox 411 853 813 911; x_wconf 77' lang='lat' dir='ltr'>educationem,</span> <span class='ocrx_word' id='word_1_60' title='bbox 867 852 962 900; x_wconf 91' lang='lat' dir='ltr'>sed</span> <span class='ocrx_word' id='word_1_61' title='bbox 1018 852 1173 901; x_wconf 91' lang='lat' dir='ltr'>etiam</span> <span class='ocrx_word' id='word_1_62' title='bbox 1224 852 1291 900; x_wconf 92' lang='lat' dir='ltr'>ad</span> <span class='ocrx_word' id='word_1_63' title='bbox 1345 853 1744 917; x_wconf 80' lang='lat' dir='ltr'>promovendos</span> <span class='ocrx_word' id='word_1_64' title='bbox 1796 853 1971 903; x_wconf 91' lang='lat' dir='ltr'>bonos</span> 
     </span>
     <span class='ocr_line' id='line_1_9' title="bbox 65 932 1970 1000; baseline 0 -16"><span class='ocrx_word' id='word_1_65' title='bbox 65 951 241 984; x_wconf 90' lang='lat' dir='ltr'>mores</span> <span class='ocrx_word' id='word_1_66' title='bbox 281 935 597 1000; x_wconf 80' lang='lat' dir='ltr'>coniugum,</span> <span class='ocrx_word' id='word_1_67' title='bbox 653 935 704 983; x_wconf 92' lang='lat' dir='ltr'>in</span> <span class='ocrx_word' id='word_1_68' title='bbox 745 950 840 982; x_wconf 89' lang='lat' dir='ltr'>sua</span> <span class='ocrx_word' id='word_1_69' title='bbox 887 932 1140 982; x_wconf 76' lang='lat' dir='ltr'>relatione</span> <span class='ocrx_word' id='word_1_70' title='bbox 1192 941 1301 982; x_wconf 90' lang='lat' dir='ltr'>tum</span> <span class='ocrx_word' id='word_1_71' title='bbox 1344 934 1412 982; x_wconf 92' lang='lat' dir='ltr'>ad</span> <span class='ocrx_word' id='word_1_72' title='bbox 1455 951 1512 983; x_wconf 91' lang='lat' dir='ltr'>se</span> <span class='ocrx_word' id='word_1_73' title='bbox 1552 935 1698 999; x_wconf 91' lang='lat' dir='ltr'>ipsos</span> <span class='ocrx_word' id='word_1_74' title='bbox 1749 943 1860 983; x_wconf 88' lang='lat' dir='ltr'>tum</span> <span class='ocrx_word' id='word_1_75' title='bbox 1901 936 1970 984; x_wconf 90' lang='lat' dir='ltr'>ad</span> 
     </span>
     <span class='ocr_line' id='line_1_10' title="bbox 66 1014 1967 1082; baseline 0.001 -16"><span class='ocrx_word' id='word_1_76' title='bbox 66 1015 315 1067; x_wconf 85' lang='lat' dir='ltr'>familiam</span> <span class='ocrx_word' id='word_1_77' title='bbox 353 1025 464 1066; x_wconf 90' lang='lat' dir='ltr'>turn</span> <span class='ocrx_word' id='word_1_78' title='bbox 493 1016 562 1066; x_wconf 91' lang='lat' dir='ltr'>ad</span> <span class='ocrx_word' id='word_1_79' title='bbox 592 1024 763 1065; x_wconf 91' lang='lat' dir='ltr'>totam</span> <span class='ocrx_word' id='word_1_80' title='bbox 791 1015 1102 1064; x_wconf 88' lang='lat' dir='ltr'>societatem</span> <span class='ocrx_word' id='word_1_81' title='bbox 1133 1014 1340 1064; x_wconf 82' lang='lat' dir='ltr'>civilem</span> <span class='ocrx_word' id='word_1_82' title='bbox 1370 1014 1444 1079; x_wconf 78' lang='lat' dir='ltr'>(S.</span> <span class='ocrx_word' id='word_1_83' title='bbox 1486 1015 1690 1077; x_wconf 51' lang='lat' dir='ltr'>Thoan„</span> <span class='ocrx_word' id='word_1_84' title='bbox 1736 1015 1792 1066; x_wconf 91' lang='lat' dir='ltr'>C.</span> <span class='ocrx_word' id='word_1_85' title='bbox 1824 1026 1967 1082; x_wconf 82' lang='lat' dir='ltr'>gent.</span> 
     </span>
     <span class='ocr_line' id='line_1_11' title="bbox 65 1096 1970 1163; baseline 0 -15"><span class='ocrx_word' id='word_1_86' title='bbox 65 1098 95 1148; x_wconf 91' lang='lat' dir='ltr'>l.</span> <span class='ocrx_word' id='word_1_87' title='bbox 140 1098 222 1162; x_wconf 73' lang='grc'>0.).</span> <span class='ocrx_word' id='word_1_88' title='bbox 291 1097 462 1163; x_wconf 74' lang='lat' dir='ltr'><em>Alquz&#39;</em></span> <span class='ocrx_word' id='word_1_89' title='bbox 498 1097 598 1147; x_wconf 88' lang='lat' dir='ltr'>sub</span> <span class='ocrx_word' id='word_1_90' title='bbox 641 1096 829 1163; x_wconf 90' lang='lat' dir='ltr'>triplici</span> <span class='ocrx_word' id='word_1_91' title='bbox 870 1096 974 1146; x_wconf 87' lang='lat' dir='ltr'>hoc</span> <span class='ocrx_word' id='word_1_92' title='bbox 1016 1104 1262 1162; x_wconf 89' lang='lat' dir='ltr'>respectu</span> <span class='ocrx_word' id='word_1_93' title='bbox 1304 1097 1694 1146; x_wconf 81' lang='lat' dir='ltr'>matrimonium</span> <span class='ocrx_word' id='word_1_94' title='bbox 1737 1097 1970 1163; x_wconf 87' lang='lat' dir='ltr'>postulat</span> 
     </span>
     <span class='ocr_line' id='line_1_12' title="bbox 65 1179 786 1247; baseline -0.004 -17"><span class='ocrx_word' id='word_1_95' title='bbox 65 1180 468 1247; x_wconf 87' lang='lat' dir='ltr'>perennitatem.</span> <span class='ocrx_word' id='word_1_96' title='bbox 550 1179 704 1244; x_wconf 69' lang='lat' dir='ltr'>Ergo</span> <span class='ocrx_word' id='word_1_97' title='bbox 738 1221 744 1228; x_wconf 96' lang='lat'>.</span> <span class='ocrx_word' id='word_1_98' title='bbox 779 1220 786 1227; x_wconf 94' lang='lat'>.</span> 
     </span>
    </p>
   </div>
   <div class='ocr_carea' id='block_1_4' title="bbox 63 1275 1974 2738">
    <p class='ocr_par' dir='ltr' id='par_1_4' title="bbox 63 1275 1974 2738">
     <span class='ocr_line' id='line_1_13' title="bbox 139 1275 1967 1343; baseline 0.001 -17"><span class='ocrx_word' id='word_1_99' title='bbox 139 1276 298 1326; x_wconf 61' lang='lat' dir='ltr'>Proh.</span> <span class='ocrx_word' id='word_1_100' title='bbox 355 1276 482 1326; x_wconf 71' lang='lat' dir='ltr'>min.</span> <span class='ocrx_word' id='word_1_101' title='bbox 536 1275 670 1325; x_wconf 77' lang='lat' dir='ltr'>subs.</span> <span class='ocrx_word' id='word_1_102' title='bbox 753 1276 802 1338; x_wconf 83' lang='lat' dir='ltr'>a)</span> <span class='ocrx_word' id='word_1_103' title='bbox 844 1275 943 1324; x_wconf 76' lang='lat' dir='ltr'>Ad</span> <span class='ocrx_word' id='word_1_104' title='bbox 988 1275 1147 1325; x_wconf 71' lang='lat' dir='ltr'>bonos</span> <span class='ocrx_word' id='word_1_105' title='bbox 1187 1293 1366 1325; x_wconf 72' lang='lat' dir='ltr'>mores</span> <span class='ocrx_word' id='word_1_106' title='bbox 1405 1276 1683 1341; x_wconf 70' lang='lat' dir='ltr'>conjugum</span> <span class='ocrx_word' id='word_1_107' title='bbox 1735 1278 1967 1343; x_wconf 89' lang='lat' dir='ltr'>ipsorum</span> 
     </span>
     <span class='ocr_line' id='line_1_14' title="bbox 66 1357 1973 1424; baseline 0.001 -16"><span class='ocrx_word' id='word_1_108' title='bbox 66 1359 293 1424; x_wconf 88' lang='lat' dir='ltr'>pertinet</span> <span class='ocrx_word' id='word_1_109' title='bbox 344 1357 694 1408; x_wconf 78' lang='lat' dir='ltr'>insolubilitas</span> <span class='ocrx_word' id='word_1_110' title='bbox 747 1357 1092 1417; x_wconf 78' lang='lat' dir='ltr'>matrimonii,</span> <span class='ocrx_word' id='word_1_111' title='bbox 1152 1357 1275 1422; x_wconf 90' lang='lat' dir='ltr'>quia</span> <span class='ocrx_word' id='word_1_112' title='bbox 1326 1375 1388 1407; x_wconf 88' lang='lat' dir='ltr'>ea</span> <span class='ocrx_word' id='word_1_113' title='bbox 1438 1360 1716 1424; x_wconf 89' lang='lat' dir='ltr'>supposita</span> <span class='ocrx_word' id='word_1_114' title='bbox 1768 1359 1973 1409; x_wconf 85' lang='lat' dir='ltr'>fidelior</span> 
     </span>
     <span class='ocr_line' id='line_1_15' title="bbox 65 1439 1971 1500; baseline 0.001 -10"><span class='ocrx_word' id='word_1_115' title='bbox 65 1440 160 1490; x_wconf 91' lang='lat' dir='ltr'>erit</span> <span class='ocrx_word' id='word_1_116' title='bbox 199 1457 349 1490; x_wconf 89' lang='lat' dir='ltr'>amor</span> <span class='ocrx_word' id='word_1_117' title='bbox 389 1441 542 1489; x_wconf 90' lang='lat' dir='ltr'>unius</span> <span class='ocrx_word' id='word_1_118' title='bbox 582 1440 650 1488; x_wconf 93' lang='lat' dir='ltr'>ad</span> <span class='ocrx_word' id='word_1_119' title='bbox 692 1439 932 1500; x_wconf 89' lang='lat' dir='ltr'>alterum,</span> <span class='ocrx_word' id='word_1_120' title='bbox 978 1457 1098 1488; x_wconf 91' lang='lat' dir='ltr'>cum</span> <span class='ocrx_word' id='word_1_121' title='bbox 1140 1441 1309 1489; x_wconf 90' lang='lat' dir='ltr'>sciant</span> <span class='ocrx_word' id='word_1_122' title='bbox 1345 1457 1402 1489; x_wconf 91' lang='lat' dir='ltr'>se</span> <span class='ocrx_word' id='word_1_123' title='bbox 1442 1440 1824 1491; x_wconf 82' lang='lat' dir='ltr'>indivisibiliter</span> <span class='ocrx_word' id='word_1_124' title='bbox 1852 1459 1971 1491; x_wconf 89' lang='lat' dir='ltr'>con-</span> 
     </span>
     <span class='ocr_line' id='line_1_16' title="bbox 63 1521 1971 1589; baseline 0.001 -18"><span class='ocrx_word' id='word_1_125' title='bbox 63 1523 273 1572; x_wconf 90' lang='lat' dir='ltr'>iunctos</span> <span class='ocrx_word' id='word_1_126' title='bbox 320 1539 450 1572; x_wconf 92' lang='lat' dir='ltr'>esse.</span> <span class='ocrx_word' id='word_1_127' title='bbox 532 1521 705 1571; x_wconf 88' lang='lat' dir='ltr'>Immo</span> <span class='ocrx_word' id='word_1_128' title='bbox 757 1522 868 1570; x_wconf 94' lang='lat' dir='ltr'>sine</span> <span class='ocrx_word' id='word_1_129' title='bbox 921 1521 1301 1571; x_wconf 76' lang='lat' dir='ltr'>insolubilitate</span> <span class='ocrx_word' id='word_1_130' title='bbox 1354 1524 1642 1589; x_wconf 80' lang='lat' dir='ltr'>coniugum</span> <span class='ocrx_word' id='word_1_131' title='bbox 1695 1540 1845 1573; x_wconf 89' lang='lat' dir='ltr'>amor</span> <span class='ocrx_word' id='word_1_132' title='bbox 1886 1525 1971 1573; x_wconf 91' lang='lat' dir='ltr'>de-</span> 
     </span>
     <span class='ocr_line' id='line_1_17' title="bbox 66 1603 1973 1670; baseline 0.001 -16"><span class='ocrx_word' id='word_1_133' title='bbox 66 1605 206 1654; x_wconf 91' lang='lat' dir='ltr'>bitus</span> <span class='ocrx_word' id='word_1_134' title='bbox 261 1604 546 1670; x_wconf 88' lang='lat' dir='ltr'>plurimum</span> <span class='ocrx_word' id='word_1_135' title='bbox 603 1603 964 1669; x_wconf 83' lang='lat' dir='ltr'>impediretur.</span> <span class='ocrx_word' id='word_1_136' title='bbox 1055 1603 1191 1653; x_wconf 89' lang='lat' dir='ltr'>Cum</span> <span class='ocrx_word' id='word_1_137' title='bbox 1248 1604 1387 1653; x_wconf 91' lang='lat' dir='ltr'>enim</span> <span class='ocrx_word' id='word_1_138' title='bbox 1444 1622 1553 1654; x_wconf 92' lang='lat' dir='ltr'>non</span> <span class='ocrx_word' id='word_1_139' title='bbox 1607 1605 1781 1655; x_wconf 91' lang='lat' dir='ltr'>solum</span> <span class='ocrx_word' id='word_1_140' title='bbox 1836 1607 1973 1656; x_wconf 90' lang='lat' dir='ltr'>sicut</span> 
     </span>
     <span class='ocr_line' id='line_1_18' title="bbox 67 1686 1973 1752; baseline 0.001 -16"><span class='ocrx_word' id='word_1_141' title='bbox 67 1687 355 1736; x_wconf 87' lang='lat' dir='ltr'>animantia</span> <span class='ocrx_word' id='word_1_142' title='bbox 382 1687 451 1736; x_wconf 93' lang='lat' dir='ltr'>ad</span> <span class='ocrx_word' id='word_1_143' title='bbox 494 1686 891 1752; x_wconf 83' lang='lat' dir='ltr'>generationem</span> <span class='ocrx_word' id='word_1_144' title='bbox 921 1686 1181 1747; x_wconf 88' lang='lat' dir='ltr'>uniantur,</span> <span class='ocrx_word' id='word_1_145' title='bbox 1225 1686 1320 1735; x_wconf 91' lang='lat' dir='ltr'>sed</span> <span class='ocrx_word' id='word_1_146' title='bbox 1349 1687 1417 1736; x_wconf 88' lang='lat' dir='ltr'>ad</span> <span class='ocrx_word' id='word_1_147' title='bbox 1455 1688 1617 1737; x_wconf 90' lang='lat' dir='ltr'>totius</span> <span class='ocrx_word' id='word_1_148' title='bbox 1647 1688 1973 1738; x_wconf 87' lang='lat' dir='ltr'>domesticae</span> 
     </span>
     <span class='ocr_line' id='line_1_19' title="bbox 69 1768 1974 1829; baseline 0.001 -10"><span class='ocrx_word' id='word_1_149' title='bbox 69 1769 486 1819; x_wconf 88' lang='lat' dir='ltr'>conversationis</span> <span class='ocrx_word' id='word_1_150' title='bbox 527 1768 870 1829; x_wconf 84' lang='lat' dir='ltr'>consortium,</span> <span class='ocrx_word' id='word_1_151' title='bbox 914 1769 1048 1817; x_wconf 89' lang='lat' dir='ltr'>inter</span> <span class='ocrx_word' id='word_1_152' title='bbox 1088 1786 1181 1818; x_wconf 92' lang='lat' dir='ltr'>eos</span> <span class='ocrx_word' id='word_1_153' title='bbox 1223 1770 1456 1818; x_wconf 73' lang='lat' dir='ltr'>maxima</span> <span class='ocrx_word' id='word_1_154' title='bbox 1496 1770 1723 1820; x_wconf 89' lang='lat' dir='ltr'>amicitia</span> <span class='ocrx_word' id='word_1_155' title='bbox 1753 1771 1974 1820; x_wconf 73' lang='lat' dir='ltr'>exsistat</span> 
     </span>
     <span class='ocr_line' id='line_1_20' title="bbox 68 1849 1972 1917; baseline 0.001 -17"><span class='ocrx_word' id='word_1_156' title='bbox 68 1858 296 1916; x_wconf 90' lang='lat' dir='ltr'>oportet.</span> <span class='ocrx_word' id='word_1_157' title='bbox 354 1850 505 1900; x_wconf 90' lang='lat' dir='ltr'>Haec</span> <span class='ocrx_word' id='word_1_158' title='bbox 534 1856 714 1899; x_wconf 90' lang='lat' dir='ltr'>autem</span> <span class='ocrx_word' id='word_1_159' title='bbox 743 1850 970 1900; x_wconf 90' lang='lat' dir='ltr'>amicitia</span> <span class='ocrx_word' id='word_1_160' title='bbox 1000 1849 1150 1900; x_wconf 90' lang='lat' dir='ltr'>facile</span> <span class='ocrx_word' id='word_1_161' title='bbox 1180 1851 1539 1917; x_wconf 87' lang='lat' dir='ltr'>impediretur,</span> <span class='ocrx_word' id='word_1_162' title='bbox 1583 1853 1622 1901; x_wconf 89' lang='lat' dir='ltr'>si</span> <span class='ocrx_word' id='word_1_163' title='bbox 1653 1852 1972 1902; x_wconf 89' lang='lat' dir='ltr'>solutionem</span> 
     </span>
     <span class='ocr_line' id='line_1_21' title="bbox 68 1932 1974 2000; baseline 0.002 -18"><span class='ocrx_word' id='word_1_164' title='bbox 68 1933 301 1999; x_wconf 82' lang='lat' dir='ltr'>coniugii</span> <span class='ocrx_word' id='word_1_165' title='bbox 340 1933 447 1982; x_wconf 89' lang='lat' dir='ltr'>iure</span> <span class='ocrx_word' id='word_1_166' title='bbox 488 1933 672 1982; x_wconf 91' lang='lat' dir='ltr'>timere</span> <span class='ocrx_word' id='word_1_167' title='bbox 714 1932 988 1982; x_wconf 90' lang='lat' dir='ltr'>deberent.</span> <span class='ocrx_word' id='word_1_168' title='bbox 1059 1932 1179 1983; x_wconf 87' lang='lat' dir='ltr'>Huc</span> <span class='ocrx_word' id='word_1_169' title='bbox 1220 1934 1444 1994; x_wconf 91' lang='lat' dir='ltr'>accedit,</span> <span class='ocrx_word' id='word_1_170' title='bbox 1489 1935 1636 2000; x_wconf 86' lang='lat' dir='ltr'>quod</span> <span class='ocrx_word' id='word_1_171' title='bbox 1678 1934 1974 1985; x_wconf 91' lang='lat' dir='ltr'>solubilitas</span> 
     </span>
     <span class='ocr_line' id='line_1_22' title="bbox 66 2014 1972 2083; baseline 0.002 -19"><span class='ocrx_word' id='word_1_172' title='bbox 66 2014 497 2081; x_wconf 87' lang='lat' dir='ltr'>inaequalitatem</span> <span class='ocrx_word' id='word_1_173' title='bbox 533 2015 668 2064; x_wconf 89' lang='lat' dir='ltr'>inter</span> <span class='ocrx_word' id='word_1_174' title='bbox 696 2014 950 2079; x_wconf 79' lang='lat' dir='ltr'>coniuges</span> <span class='ocrx_word' id='word_1_175' title='bbox 980 2016 1281 2065; x_wconf 90' lang='lat' dir='ltr'>constituat.</span> <span class='ocrx_word' id='word_1_176' title='bbox 1339 2016 1389 2065; x_wconf 74' lang='lat' dir='ltr'>V</span> <span class='ocrx_word' id='word_1_177' title='bbox 1396 2017 1471 2065; x_wconf 91' lang='lat' dir='ltr'>iro</span> <span class='ocrx_word' id='word_1_178' title='bbox 1495 2017 1640 2066; x_wconf 83' lang='lat' dir='ltr'>enim</span> <span class='ocrx_word' id='word_1_179' title='bbox 1681 2019 1972 2083; x_wconf 82' lang='lat' dir='ltr'>generatim</span> 
     </span>
     <span class='ocr_line' id='line_1_23' title="bbox 68 2096 1973 2165; baseline 0.002 -18"><span class='ocrx_word' id='word_1_180' title='bbox 68 2096 220 2147; x_wconf 89' lang='lat' dir='ltr'>facile</span> <span class='ocrx_word' id='word_1_181' title='bbox 249 2105 329 2146; x_wconf 88' lang='lat' dir='ltr'>est</span> <span class='ocrx_word' id='word_1_182' title='bbox 360 2097 592 2146; x_wconf 82' lang='lat' dir='ltr'>invenire</span> <span class='ocrx_word' id='word_1_183' title='bbox 621 2097 933 2163; x_wconf 77' lang='lat' dir='ltr'>coniugem3</span> <span class='ocrx_word' id='word_1_184' title='bbox 977 2097 1130 2146; x_wconf 74' lang='lat' dir='ltr'>uxori</span> <span class='ocrx_word' id='word_1_185' title='bbox 1158 2116 1284 2148; x_wconf 84' lang='lat' dir='ltr'>vero</span> <span class='ocrx_word' id='word_1_186' title='bbox 1314 2116 1419 2148; x_wconf 90' lang='lat' dir='ltr'>non</span> <span class='ocrx_word' id='word_1_187' title='bbox 1449 2100 1535 2159; x_wconf 91' lang='lat' dir='ltr'>ita,</span> <span class='ocrx_word' id='word_1_188' title='bbox 1580 2100 1703 2165; x_wconf 93' lang='lat' dir='ltr'>quia</span> <span class='ocrx_word' id='word_1_189' title='bbox 1732 2109 1973 2151; x_wconf 89' lang='lat' dir='ltr'>cessante</span> 
     </span>
     <span class='ocr_line' id='line_1_24' title="bbox 67 2179 1972 2246; baseline 0.003 -18"><span class='ocrx_word' id='word_1_190' title='bbox 67 2180 342 2229; x_wconf 86' lang='lat' dir='ltr'>iuventute</span> <span class='ocrx_word' id='word_1_191' title='bbox 395 2179 587 2229; x_wconf 89' lang='lat' dir='ltr'>amittit</span> <span class='ocrx_word' id='word_1_192' title='bbox 644 2180 997 2245; x_wconf 85' lang='lat' dir='ltr'>proprietates</span> <span class='ocrx_word' id='word_1_193' title='bbox 1053 2179 1457 2246; x_wconf 89' lang='lat' dir='ltr'>pulchritudinis</span> <span class='ocrx_word' id='word_1_194' title='bbox 1509 2190 1560 2231; x_wconf 93' lang='lat' dir='ltr'>et</span> <span class='ocrx_word' id='word_1_195' title='bbox 1617 2181 1972 2243; x_wconf 85' lang='lat' dir='ltr'>fecunditatis,</span> 
     </span>
     <span class='ocr_line' id='line_1_25' title="bbox 67 2263 1974 2330; baseline 0.002 -20"><span class='ocrx_word' id='word_1_196' title='bbox 67 2268 287 2328; x_wconf 89' lang='lat' dir='ltr'>propter</span> <span class='ocrx_word' id='word_1_197' title='bbox 327 2279 460 2327; x_wconf 87' lang='lat' dir='ltr'>quas</span> <span class='ocrx_word' id='word_1_198' title='bbox 501 2279 530 2311; x_wconf 94' lang='lat' dir='ltr'>a</span> <span class='ocrx_word' id='word_1_199' title='bbox 570 2263 681 2311; x_wconf 76' lang='lat' dir='ltr'>viro</span> <span class='ocrx_word' id='word_1_200' title='bbox 724 2263 1008 2328; x_wconf 84' lang='lat' dir='ltr'>praecipue</span> <span class='ocrx_word' id='word_1_201' title='bbox 1049 2263 1331 2328; x_wconf 88' lang='lat' dir='ltr'>quaeritur.</span> <span class='ocrx_word' id='word_1_202' title='bbox 1388 2263 1527 2313; x_wconf 89' lang='lat' dir='ltr'>Dein</span> <span class='ocrx_word' id='word_1_203' title='bbox 1570 2281 1663 2330; x_wconf 90' lang='lat' dir='ltr'>per</span> <span class='ocrx_word' id='word_1_204' title='bbox 1690 2265 1974 2315; x_wconf 89' lang='lat' dir='ltr'>insolubili-</span> 
     </span>
     <span class='ocr_line' id='line_1_26' title="bbox 65 2343 1973 2398; baseline 0.002 -4"><span class='ocrx_word' id='word_1_205' title='bbox 65 2351 231 2394; x_wconf 90' lang='lat' dir='ltr'>tatem</span> <span class='ocrx_word' id='word_1_206' title='bbox 273 2343 528 2393; x_wconf 90' lang='lat' dir='ltr'>tolluntur</span> <span class='ocrx_word' id='word_1_207' title='bbox 568 2345 879 2394; x_wconf 91' lang='lat' dir='ltr'>occasiones</span> <span class='ocrx_word' id='word_1_208' title='bbox 920 2343 1300 2394; x_wconf 86' lang='lat' dir='ltr'>adulteriorum</span> <span class='ocrx_word' id='word_1_209' title='bbox 1338 2345 1420 2395; x_wconf 70' lang='lat' dir='ltr'>vel</span> <span class='ocrx_word' id='word_1_210' title='bbox 1460 2346 1647 2396; x_wconf 88' lang='lat' dir='ltr'>saltem</span> <span class='ocrx_word' id='word_1_211' title='bbox 1690 2347 1973 2398; x_wconf 90' lang='lat' dir='ltr'>multarum</span> 
     </span>
     <span class='ocr_line' id='line_1_27' title="bbox 69 2427 1974 2496; baseline 0.003 -21"><span class='ocrx_word' id='word_1_212' title='bbox 69 2427 619 2492; x_wconf 89' lang='lat' dir='ltr'>concupiscentiarum</span> <span class='ocrx_word' id='word_1_213' title='bbox 682 2427 1128 2487; x_wconf 87' lang='lat' dir='ltr'>inordinatarum,</span> <span class='ocrx_word' id='word_1_214' title='bbox 1192 2445 1330 2493; x_wconf 89' lang='lat' dir='ltr'>quae</span> <span class='ocrx_word' id='word_1_215' title='bbox 1390 2428 1639 2478; x_wconf 87' lang='lat' dir='ltr'>adessent</span> <span class='ocrx_word' id='word_1_216' title='bbox 1697 2431 1974 2496; x_wconf 90' lang='lat' dir='ltr'>supposita</span> 
     </span>
     <span class='ocr_line' id='line_1_28' title="bbox 67 2507 1974 2579; baseline 0.002 -21"><span class='ocrx_word' id='word_1_217' title='bbox 67 2507 405 2558; x_wconf 87' lang='lat' dir='ltr'>solubilitate.</span> <span class='ocrx_word' id='word_1_218' title='bbox 487 2507 673 2559; x_wconf 81' lang='lat' dir='ltr'>Sciunt</span> <span class='ocrx_word' id='word_1_219' title='bbox 714 2509 854 2559; x_wconf 89' lang='lat' dir='ltr'>enim</span> <span class='ocrx_word' id='word_1_220' title='bbox 896 2510 1154 2575; x_wconf 79' lang='lat' dir='ltr'>coniuges</span> <span class='ocrx_word' id='word_1_221' title='bbox 1193 2527 1249 2560; x_wconf 91' lang='lat' dir='ltr'>se</span> <span class='ocrx_word' id='word_1_222' title='bbox 1289 2512 1500 2560; x_wconf 69' lang='lat' dir='ltr'>vivente</span> <span class='ocrx_word' id='word_1_223' title='bbox 1539 2510 1705 2561; x_wconf 89' lang='lat' dir='ltr'>altero</span> <span class='ocrx_word' id='word_1_224' title='bbox 1748 2513 1974 2579; x_wconf 80' lang='lat' dir='ltr'>coniuge</span> 
     </span>
     <span class='ocr_line' id='line_1_29' title="bbox 68 2590 1974 2661; baseline 0.003 -22"><span class='ocrx_word' id='word_1_225' title='bbox 68 2590 329 2640; x_wconf 89' lang='lat' dir='ltr'>eiusmodi</span> <span class='ocrx_word' id='word_1_226' title='bbox 381 2590 654 2640; x_wconf 92' lang='lat' dir='ltr'>desideriis</span> <span class='ocrx_word' id='word_1_227' title='bbox 705 2591 845 2641; x_wconf 89' lang='lat' dir='ltr'>licite</span> <span class='ocrx_word' id='word_1_228' title='bbox 899 2592 1203 2642; x_wconf 87' lang='lat' dir='ltr'>satisfacere</span> <span class='ocrx_word' id='word_1_229' title='bbox 1255 2610 1362 2642; x_wconf 92' lang='lat' dir='ltr'>non</span> <span class='ocrx_word' id='word_1_230' title='bbox 1416 2611 1578 2660; x_wconf 92' lang='lat' dir='ltr'>posse</span> <span class='ocrx_word' id='word_1_231' title='bbox 1628 2594 1860 2661; x_wconf 90' lang='lat' dir='ltr'>ideoque</span> <span class='ocrx_word' id='word_1_232' title='bbox 1913 2612 1974 2644; x_wconf 92' lang='lat' dir='ltr'>ea</span> 
     </span>
     <span class='ocr_line' id='line_1_30' title="bbox 69 2671 873 2738; baseline 0.001 -16"><span class='ocrx_word' id='word_1_233' title='bbox 69 2671 269 2722; x_wconf 89' lang='lat' dir='ltr'>facilius</span> <span class='ocrx_word' id='word_1_234' title='bbox 310 2689 340 2721; x_wconf 91' lang='lat' dir='ltr'>a</span> <span class='ocrx_word' id='word_1_235' title='bbox 379 2671 556 2722; x_wconf 89' lang='lat' dir='ltr'>limine</span> <span class='ocrx_word' id='word_1_236' title='bbox 599 2673 873 2738; x_wconf 89' lang='lat' dir='ltr'>repellunt.</span> 
     </span>
    </p>
   </div>
   <div class='ocr_carea' id='block_1_5' title="bbox 68 2760 1974 3401">
    <p class='ocr_par' dir='ltr' id='par_1_5' title="bbox 68 2760 1974 3401">
     <span class='ocr_line' id='line_1_31' title="bbox 83 2760 1973 2829; baseline 0.003 -19"><span class='ocrx_word' id='word_1_237' title='bbox 83 2814 98 2823; x_wconf 50' lang='grc'><em>,</em></span> <span class='ocrx_word' id='word_1_238' title='bbox 142 2761 199 2826; x_wconf 85' lang='lat' dir='ltr'>b)</span> <span class='ocrx_word' id='word_1_239' title='bbox 240 2760 405 2811; x_wconf 76' lang='lat' dir='ltr'>Salus</span> <span class='ocrx_word' id='word_1_240' title='bbox 418 2761 690 2826; x_wconf 72' lang='lat' dir='ltr'>familiae</span> <span class='ocrx_word' id='word_1_241' title='bbox 719 2764 932 2829; x_wconf 85' lang='lat' dir='ltr'>requirit</span> <span class='ocrx_word' id='word_1_242' title='bbox 960 2762 1215 2825; x_wconf 87' lang='lat' dir='ltr'>sedulam,</span> <span class='ocrx_word' id='word_1_243' title='bbox 1261 2772 1611 2826; x_wconf 89' lang='lat' dir='ltr'>constantem,</span> <span class='ocrx_word' id='word_1_244' title='bbox 1649 2766 1973 2815; x_wconf 89' lang='lat' dir='ltr'>concordem</span> 
     </span>
     <span class='ocr_line' id='line_1_32' title="bbox 68 2843 1973 2913; baseline 0.003 -21"><span class='ocrx_word' id='word_1_245' title='bbox 68 2843 607 2905; x_wconf 87' lang='lat' dir='ltr'>administrationem,</span> <span class='ocrx_word' id='word_1_246' title='bbox 662 2845 732 2894; x_wconf 89' lang='lat' dir='ltr'>ita</span> <span class='ocrx_word' id='word_1_247' title='bbox 772 2854 828 2894; x_wconf 94' lang='lat' dir='ltr'>ut</span> <span class='ocrx_word' id='word_1_248' title='bbox 870 2846 1066 2895; x_wconf 78' lang='lat' dir='ltr'>coniux</span> <span class='ocrx_word' id='word_1_249' title='bbox 1108 2856 1333 2912; x_wconf 90' lang='lat' dir='ltr'>uterque</span> <span class='ocrx_word' id='word_1_250' title='bbox 1373 2846 1622 2913; x_wconf 80' lang='lat' dir='ltr'>neglecto</span> <span class='ocrx_word' id='word_1_251' title='bbox 1671 2848 1816 2897; x_wconf 94' lang='lat' dir='ltr'>bono</span> <span class='ocrx_word' id='word_1_252' title='bbox 1858 2865 1973 2913; x_wconf 92' lang='lat' dir='ltr'>pro-</span> 
     </span>
     <span class='ocr_line' id='line_1_33' title="bbox 68 2924 1972 2996; baseline 0.003 -22"><span class='ocrx_word' id='word_1_253' title='bbox 68 2925 184 2991; x_wconf 88' lang='lat' dir='ltr'>prio</span> <span class='ocrx_word' id='word_1_254' title='bbox 239 2924 391 2975; x_wconf 89' lang='lat' dir='ltr'>saluti</span> <span class='ocrx_word' id='word_1_255' title='bbox 450 2926 674 2976; x_wconf 91' lang='lat' dir='ltr'>familiae</span> <span class='ocrx_word' id='word_1_256' title='bbox 730 2927 883 2977; x_wconf 91' lang='lat' dir='ltr'>unice</span> <span class='ocrx_word' id='word_1_257' title='bbox 934 2928 1162 2978; x_wconf 88' lang='lat' dir='ltr'>studeat.</span> <span class='ocrx_word' id='word_1_258' title='bbox 1256 2929 1427 2995; x_wconf 66' lang='lat' dir='ltr'><em>Atqui</em></span> <span class='ocrx_word' id='word_1_259' title='bbox 1479 2929 1611 2979; x_wconf 89' lang='lat' dir='ltr'>haec</span> <span class='ocrx_word' id='word_1_260' title='bbox 1665 2931 1972 2996; x_wconf 89' lang='lat' dir='ltr'>cooperatio</span> 
     </span>
     <span class='ocr_line' id='line_1_34' title="bbox 70 3007 1973 3077; baseline 0.002 -20"><span class='ocrx_word' id='word_1_261' title='bbox 70 3015 122 3057; x_wconf 91' lang='lat' dir='ltr'>et</span> <span class='ocrx_word' id='word_1_262' title='bbox 149 3007 534 3058; x_wconf 87' lang='lat' dir='ltr'>administratio</span> <span class='ocrx_word' id='word_1_263' title='bbox 563 3026 670 3058; x_wconf 91' lang='lat' dir='ltr'>non</span> <span class='ocrx_word' id='word_1_264' title='bbox 698 3009 997 3071; x_wconf 86' lang='lat' dir='ltr'>haberetur,</span> <span class='ocrx_word' id='word_1_265' title='bbox 1042 3011 1138 3060; x_wconf 90' lang='lat' dir='ltr'>nisi</span> <span class='ocrx_word' id='word_1_266' title='bbox 1169 3012 1376 3077; x_wconf 90' lang='lat' dir='ltr'>utrique</span> <span class='ocrx_word' id='word_1_267' title='bbox 1406 3012 1620 3077; x_wconf 80' lang='lat' dir='ltr'>coniugi</span> <span class='ocrx_word' id='word_1_268' title='bbox 1661 3029 1973 3077; x_wconf 89' lang='lat' dir='ltr'>persuasum</span> 
     </span>
     <span class='ocr_line' id='line_1_35' title="bbox 69 3078 1974 3159; baseline 0.003 -20"><span class='ocrx_word' id='word_1_269' title='bbox 69 3098 208 3140; x_wconf 90' lang='lat' dir='ltr'>esset</span> <span class='ocrx_word' id='word_1_270' title='bbox 258 3107 410 3140; x_wconf 89' lang='lat' dir='ltr'>suam</span> <span class='ocrx_word' id='word_1_271' title='bbox 460 3078 659 3141; x_wconf 89' lang='lat' dir='ltr'>sortem</span> <span class='ocrx_word' id='word_1_272' title='bbox 712 3109 833 3141; x_wconf 89' lang='lat' dir='ltr'>cum</span> <span class='ocrx_word' id='word_1_273' title='bbox 886 3092 1031 3142; x_wconf 93' lang='lat' dir='ltr'>bono</span> <span class='ocrx_word' id='word_1_274' title='bbox 1085 3092 1312 3143; x_wconf 90' lang='lat' dir='ltr'>familiae</span> <span class='ocrx_word' id='word_1_275' title='bbox 1365 3103 1418 3144; x_wconf 90' lang='lat' dir='ltr'>et</span> <span class='ocrx_word' id='word_1_276' title='bbox 1469 3093 1682 3143; x_wconf 89' lang='lat' dir='ltr'>alterius</span> <span class='ocrx_word' id='word_1_277' title='bbox 1734 3095 1974 3159; x_wconf 81' lang='lat' dir='ltr'>coniugis</span> 
     </span>
     <span class='ocr_line' id='line_1_36' title="bbox 71 3171 1971 3241; baseline 0.002 -20"><span class='ocrx_word' id='word_1_278' title='bbox 71 3171 182 3221; x_wconf 89' lang='lat' dir='ltr'>fore</span> <span class='ocrx_word' id='word_1_279' title='bbox 232 3182 492 3239; x_wconf 89' lang='lat' dir='ltr'>perpetuo</span> <span class='ocrx_word' id='word_1_280' title='bbox 535 3191 815 3224; x_wconf 81' lang='lat' dir='ltr'>conexam.</span> <span class='ocrx_word' id='word_1_281' title='bbox 896 3175 1078 3225; x_wconf 89' lang='lat' dir='ltr'>Potius</span> <span class='ocrx_word' id='word_1_282' title='bbox 1125 3176 1263 3225; x_wconf 89' lang='lat' dir='ltr'>enim</span> <span class='ocrx_word' id='word_1_283' title='bbox 1318 3177 1583 3241; x_wconf 78' lang='lat' dir='ltr'>privatum</span> <span class='ocrx_word' id='word_1_284' title='bbox 1624 3176 1971 3225; x_wconf 90' lang='lat' dir='ltr'>commodum</span> 
     </span>
     <span class='ocr_line' id='line_1_37' title="bbox 71 3257 1970 3323; baseline 0.002 -20"><span class='ocrx_word' id='word_1_285' title='bbox 71 3264 382 3319; x_wconf 89' lang='lat' dir='ltr'>quaererent</span> <span class='ocrx_word' id='word_1_286' title='bbox 429 3273 587 3322; x_wconf 91' lang='lat' dir='ltr'>quam</span> <span class='ocrx_word' id='word_1_287' title='bbox 641 3257 842 3306; x_wconf 89' lang='lat' dir='ltr'>bonurn</span> <span class='ocrx_word' id='word_1_288' title='bbox 896 3274 1181 3307; x_wconf 91' lang='lat' dir='ltr'>commune</span> <span class='ocrx_word' id='word_1_289' title='bbox 1236 3257 1474 3307; x_wconf 89' lang='lat' dir='ltr'>familiae.</span> <span class='ocrx_word' id='word_1_290' title='bbox 1555 3257 1709 3323; x_wconf 73' lang='lat' dir='ltr'>Ergo</span> <span class='ocrx_word' id='word_1_291' title='bbox 1763 3258 1970 3307; x_wconf 86' lang='lat' dir='ltr'>divortii</span> 
     </span>
     <span class='ocr_line' id='line_1_38' title="bbox 69 3336 1209 3401; baseline 0.003 -16"><span class='ocrx_word' id='word_1_292' title='bbox 69 3336 389 3401; x_wconf 89' lang='lat' dir='ltr'>possibilitas</span> <span class='ocrx_word' id='word_1_293' title='bbox 428 3338 574 3388; x_wconf 90' lang='lat' dir='ltr'>bono</span> <span class='ocrx_word' id='word_1_294' title='bbox 617 3338 843 3389; x_wconf 88' lang='lat' dir='ltr'>familiae</span> <span class='ocrx_word' id='word_1_295' title='bbox 884 3339 1209 3390; x_wconf 89' lang='lat' dir='ltr'>adversatur.</span> 
     </span>
    </p>
   </div>
  </div>
 </body>
</html>
