2182 3682
479 188 565 217 LIB.
600 189 629 216 Ι.
676 186 774 217 CAP.
810 187 871 216 IV.
918 186 981 215 DE
1013 186 1126 214 IURE
1162 185 1515 214 PROPRIETATI&
1838 174 1935 237 285

54 325 204 377 Kam‘
240 323 610 388 (Rechtslehre
650 324 698 385 I,
752 322 780 389 g
824 324 875 387 8)
930 321 1147 386 aliisque
1199 319 1433 386 plurimis
1483 321 1562 369 ius
1610 321 1946 387 proprietatis

53 425 84 458 a
136 405 342 471 legibus
394 405 638 455 civilibus
692 422 786 454 seu
840 403 1156 453 auctoritate
1212 400 1428 466 politica
1487 402 1740 452 derivant.
1822 403 1945 451 Non

54 497 228 539 tamen
282 504 468 536 omnes
520 487 714 536 eodem
753 485 920 535 modo
961 484 1268 550 loquuntur.
1350 480 1660 532 Secundum
1701 483 1831 532 alios
1869 484 1948 532 ius

53 569 388 636 proprietatis
426 567 589 618 libere
627 567 988 617 introductum
1029 565 1139 626 fuit,
1182 564 1481 614 secundum
1524 564 1654 614 alios
1682 582 1807 614 vero
1836 581 1948 614 sua-

53 651 198 702 denti
236 649 319 700 vel
360 649 537 716 aliquo
579 649 743 699 modo
785 647 1020 713 exigenti
1061 647 1291 696 humana
1331 654 1532 696 natura.

57 789 201 853 364.
284 803 330 840 2.
380 789 597 839 Grotius
637 789 743 853 <De
782 789 892 837 iure
932 787 1054 837 belli
1090 794 1143 837 et
1185 788 1330 853 pacis
1358 786 1387 837 l.
1422 800 1468 848 2,
1508 804 1550 837 c,
1585 801 1632 847 2,
1664 785 1691 852 ξ
1723 799 1769 846 2,
1801 803 1849 835 n.
1885 785 1949 849 5),

53 871 421 922 Pufendorfius
473 870 662 937 aliique
715 871 792 920 ius
831 869 1170 936 proprietatis
1200 877 1360 933 pacto
1402 869 1586 934 aliquo
1616 867 1952 933 pm‘ng‘em'o

53 954 161 1004 sive
200 954 362 1003 tacito
401 954 509 1002 sive
549 951 802 1018 explicito
837 951 1200 1001 introductum
1230 968 1345 1000 esse
1374 951 1693 1001 existimant.
1762 950 1955 998 Putant

55 1037 295 1086 nimirum
336 1034 577 1085 homines
614 1036 718 1084 iam
747 1034 966 1083 fundata
993 1033 1248 1083 societate
1278 1033 1348 1082 ob
1378 1032 1655 1082 utilitatem
1684 1030 1952 1098 publicam

55 1117 285 1184 aliquam
336 1117 602 1167 bonorum
644 1124 849 1182 partem
891 1117 1024 1165 inter
1063 1133 1120 1165 se
1151 1115 1414 1175 divisisse,
1470 1114 1536 1164 de
1578 1114 1788 1180 reliquis
1828 1130 1954 1162 vero

56 1200 391 1261 convenisse,
451 1208 509 1249 ut
567 1199 755 1249 fierent
809 1198 962 1264 primi
1019 1198 1356 1263 occupantiS,
1413 1195 1588 1246 solum
1643 1196 1742 1246 sibi
1798 1212 1955 1245 reser-

54 1291 238 1333 vantes
290 1282 368 1331 ius
415 1298 537 1331 usus
577 1281 778 1330 innoxii
819 1297 992 1330 rerum
1034 1279 1321 1329 alienarum
1362 1287 1415 1328 et
1454 1278 1534 1327 ius
1573 1279 1673 1328 sibi
1711 1277 1958 1327 sumendi

55 1365 106 1414 in
158 1372 399 1414 extrema
451 1364 793 1424 necessitate,
848 1370 1105 1428 quantum
1163 1361 1230 1411 ad
1280 1361 1736 1411 conservationem
1780 1376 1957 1409 neces-

56 1447 250 1497 sarium
291 1445 440 1496 foret.

61 1585 205 1650 365.
289 1599 334 1649 3.
379 1584 514 1636 Sunt
550 1584 780 1650 denique
809 1602 916 1634 non
946 1585 1112 1650 pauci,
1157 1585 1244 1649 qui
1274 1601 1395 1634 cum
1425 1583 1648 1644 Lockio,
1691 1582 1958 1632 Riccardo

56 1668 272 1734 aliisque
331 1668 410 1717 ius
465 1667 802 1733 proprietatis
856 1667 1005 1716 unice
1061 1684 1129 1715 ex
1183 1667 1293 1715 iure
1346 1665 1574 1714 hominis
1616 1672 1847 1715 connato
1889 1664 1958 1714 ad

59 1750 284 1800 fructum
352 1748 547 1798 laboris
608 1749 688 1798 sui
740 1748 1090 1814 repetendum
1144 1765 1259 1797 esse
1311 1755 1602 1797 autument.
1698 1747 1776 1796 Ita
1827 1747 1960 1795 inter

60 1833 379 1882 recentiores
418 1849 466 1881 v.
511 1848 560 1896 g.
607 1830 673 1880 H.
722 1830 954 1896 George.

63 1969 209 2034 366.
291 1981 456 2020 PARS
488 1982 521 2019 I.
585 1982 694 2019 Non
728 1981 921 2030 legibus
955 1980 1184 2018 humanis
1218 1981 1355 2018 solis.

135 2070 300 2117 Prob.
353 2084 393 2116 1.
480 2068 535 2119 Si
591 2068 679 2118 lex
734 2068 896 2119 civilis
950 2070 1029 2118 ius
1085 2068 1422 2135 proprietatis
1479 2068 1674 2117 creavit
1730 2076 1782 2116 et
1838 2083 1959 2116 con-

61 2151 240 2212 stituit,
284 2151 470 2200 eadem
514 2160 697 2217 posset
738 2151 842 2201 hoc
885 2152 962 2201 ius
1006 2152 1194 2201 iterum
1243 2151 1504 2216 abrogare
1546 2157 1599 2200 et
1627 2149 1962 2199 introducere

63 2233 494 2283 communionem
546 2234 838 2294 bonorum,
894 2250 1054 2300 quam
1095 2234 1480 2283 communistae
1520 2231 1717 2282 volunt.
1799 2231 1969 2296 Atqui

63 2315 406 2381 probavimus
447 2316 894 2365 communismum
936 2333 1052 2366 esse
1092 2314 1492 2381 impossibilem.
1562 2314 1715 2379 Ergo
1744 2315 1820 2363 ius
1849 2331 1966 2379 pro-

61 2398 297 2464 prietatis
337 2415 445 2447 non
485 2406 666 2464 potest
707 2397 911 2448 fundari
952 2397 1066 2448 sola
1106 2397 1224 2463 lege
1267 2397 1428 2458 civili,
1482 2397 1577 2447 sed
1621 2397 1785 2446 debet
1825 2395 1965 2446 aliud

65 2477 468 2529 fundamentum
509 2480 722 2530 habere.

69 2616 213 2682 367.
295 2621 460 2668 Prob.
500 2635 543 2668 2.
620 2619 910 2681 Sententia,
955 2637 1114 2685 quam
1155 2620 1545 2685 impugnamus,
1589 2619 1846 2684 supponit
1884 2617 1967 2667 vel

64 2701 114 2764 a)
150 2701 296 2750 initio
337 2703 514 2751 omnia
554 2701 711 2752 fuisse
739 2702 1044 2753 communia
1071 2702 1313 2768 positive,
1356 2701 1440 2750 vel
1467 2700 1655 2750 saltem
1685 2701 1740 2765 b)
1770 2701 1968 2766 primos

67 2791 298 2832 rectores
346 2784 740 2834 communitatis
791 2784 1055 2834 humanae
1097 2783 1346 2833 habuisse
1386 2784 1466 2833 ius
1506 2782 1877 2833 iurisdictionis
1917 2782 1968 2831 in

66 2871 234 2915 totam
276 2873 483 2915 terram.
552 2866 723 2932 Atqui
758 2866 891 2916 haec
932 2865 1232 2932 suppositio
1275 2883 1382 2915 non
1423 2864 1596 2915 solum
1639 2873 1718 2914 est
1753 2881 1968 2930 prorsus

68 2946 350 3009 arbitraria,
392 2948 488 2997 sed
527 2948 739 2998 videtur
778 2948 1022 2998 absurda.
1103 2947 1259 3013 Ergo
1291 2990 1298 2997 .
1336 2990 1344 2997 .
1378 2990 1385 2998 .

140 3028 296 3078 Proh.
353 3029 480 3079 mai.
569 3030 682 3079 Nisi
733 3038 1063 3096 supponatur
1115 3030 1294 3079 omnia
1345 3029 1502 3079 fuisse
1552 3029 1777 3095 positive
1829 3045 1967 3077 com-

69 3111 244 3159 munia
282 3111 582 3176 primaevae
623 3111 899 3161 hominum
941 3112 1311 3161 communitati
1347 3111 1430 3161 vel
1472 3110 1659 3161 saltem
1687 3126 1968 3176 supremos

69 3199 300 3242 rectores
349 3193 600 3243 habuisse
653 3194 945 3244 dominium
998 3193 1372 3243 iurisdictionis
1424 3194 1475 3242 in
1530 3201 1701 3242 totam
1756 3200 1966 3251 terram,

69 3271 157 3322 lex
208 3274 369 3324 civilis
409 3273 491 3324 vel
534 3275 807 3326 decretum
849 3276 1101 3342 principis
1141 3275 1287 3325 nullo
1328 3275 1494 3324 modo
1538 3273 1753 3323 fuissent
1793 3289 1968 3322 neces-

69 3355 201 3405 saria
252 3357 320 3406 ad
372 3356 727 3407 inducendam
782 3359 1189 3424 proprietatem,
1246 3374 1367 3407 cum
1420 3354 1639 3422 quilibet
1691 3372 1759 3404 ex
1811 3355 1969 3404 rebus
