2182 3682
216 179 323 228 224
623 175 738 205 PARS
773 175 820 206 11.
870 174 1182 204 PHILOSOPHIA
1217 174 1418 203 MORALIS
1454 173 1704 205 SPECIALIS.

216 322 362 376 277.
435 309 634 362 Coroll.
699 326 740 362 1.
784 311 1024 361 Tenetur
1064 328 1194 377 ergo
1235 311 1400 361 homo
1440 310 1696 377 imprimis
1736 310 1805 361 ad
1847 308 2117 376 perficien-

212 394 337 444 dam
389 394 754 460 cognitionem
806 394 910 443 Dei
960 392 1358 443 elementariam
1409 401 1464 443 et
1513 393 1582 443 ad
1635 392 2011 459 inquirendum
2063 393 2117 442 in

211 475 402 538 officia,
434 492 572 542 quae
599 477 646 526 ei
673 493 771 542 pro
798 484 939 526 statu
967 493 1064 525 suo
1095 483 1423 541 competunt.
1480 474 1672 541 Neque
1701 475 1839 524 enim
1870 473 2117 524 omnibus

209 558 397 608 eadem
452 559 690 625 cognitio
741 559 1019 608 veritatum
1074 557 1437 622 religiosarum
1490 564 1544 607 et
1595 556 1922 619 officiorum,
1980 573 2117 623 quae
2177 604 2180 605 γ

209 641 333 691 inde
363 641 677 702 derivantur,
721 641 1018 691 necessaria
1045 648 1139 690 est.
1198 653 1245 690 2.
1290 637 1467 704 Quam
1501 640 1731 706 primum
1759 639 1924 689 homo
1952 639 2117 689 habet

209 723 468 774 rationem
511 722 804 784 dubitandi,
848 740 974 772 num
1002 722 1153 772 Deus
1181 721 1493 788 religionem
1520 720 1976 788 supernaturalem
2017 739 2116 788 pro

211 806 459 856 omnibus
509 806 815 856 hominibus
866 804 1097 855 revelare
1150 811 1314 870 atque
1366 813 1423 854 ut
1473 804 1612 854 viam
1655 805 2008 855 necessariam
2046 803 2117 854 ad

210 888 370 938 finem
411 887 656 938 ultimum
696 887 1056 954 praescribere
1096 887 1348 947 voluerit,
1393 895 1604 937 tenetur
1643 886 1922 953 inquirere,
1965 894 2032 948 et,
2076 886 2119 936 si

209 972 483 1021 veritatem
527 970 864 1021 revelationis
905 971 1235 1037 cognoverit,
1280 987 1397 1020 eam
1440 969 1706 1035 amplecti.

1003 1288 1232 1334 CAPUT
1269 1288 1329 1333 II.

331 1410 447 1467 DE
497 1409 837 1467 OFFICHS
889 1408 1240 1468 HOMINIS
1290 1407 1525 1466 ERGA
1574 1407 1675 1466 SE
1721 1406 1987 1465 IPSUM.

216 1552 362 1618 278.
443 1554 628 1605 Homo
669 1555 986 1604 necessitate
1028 1562 1246 1604 naturae
1287 1571 1343 1604 se
1384 1555 1557 1620 ipsum
1598 1560 1756 1602 amat.
1827 1551 1966 1601 Hinc
2007 1552 2120 1618 ipse

211 1654 363 1686 amor
411 1637 491 1686 sui
543 1638 836 1703 generatim
888 1644 1163 1703 spectatus
1216 1645 1404 1703 utpote
1456 1626 1783 1686 necessarius
1835 1642 1887 1684 et
1938 1633 2120 1684 funda-

213 1727 453 1770 mentum
507 1720 746 1769 omnium
798 1720 1187 1786 appetitionum
1240 1736 1347 1769 non
1402 1719 1545 1769 cadit
1594 1717 1695 1768 sub
1748 1724 2113 1784 praeceptum.

212 1801 414 1852 Μαίης
453 1811 631 1852 tamen
673 1819 729 1852 se
770 1802 985 1852 amandi
1025 1809 1106 1851 est
1145 1802 1417 1852 obiectum
1459 1800 1746 1868 praecepti,
1791 1798 2118 1869 qUiathsHQ

214 1893 394 1951 potest
432 1902 489 1935 se
527 1884 833 1934 inordinate
874 1883 1107 1950 diligere.
1164 1884 1250 1933 Ex
1291 1883 1410 1950 lege
1439 1891 1618 1933 autem
1646 1874 1869 1932 naturali
1910 1889 2120 1931 tenetur

211 1984 269 2017 se
310 1967 552 2017 ordinate
602 1983 794 2017 amare.
876 1967 1048 2016 Immo
1101 1966 1205 2016 hoc
1259 1975 1634 2033 praeceptum:
1691 1981 1818 2014 ama
1859 1971 1908 2013 le
1948 1964 2117 2029 ipsum

213 2049 464 2099 ordinato
505 2067 720 2112 amore,
774 2057 853 2099 est
896 2047 1379 2114 generalissimum,
1434 2050 1485 2098 in
1526 2064 1632 2113 quo
1675 2046 1852 2096 omnia
1891 2040 2121 2095 hominis

213 2131 389 2182 officia
430 2147 557 2198 erga
596 2149 653 2182 se
695 2132 869 2198 ipsum
908 2130 1086 2197 aliquo
1115 2131 1281 2182 modo
1311 2131 1664 2181 continentur.
1720 2128 1897 2178 Amor
1923 2134 2117 2189 autem,

213 2222 269 2264 ut
309 2214 376 2263 sit
416 2215 705 2275 ordinatus,
751 2214 914 2264 debet
955 2223 1131 2264 rectae
1172 2214 1387 2263 rationis
1429 2214 1649 2263 ductum
1678 2211 1844 2277 sequi,
1886 2210 2120 2276 ideoque

210 2297 465 2364 supponit
525 2297 933 2347 convenientem
990 2296 1078 2346 Sui
1139 2295 1598 2355 aestimationem,
1660 2294 1772 2343 sine
1831 2309 1939 2359 qua
1997 2309 2118 2342 con-

211 2380 397 2429 sistere
437 2380 636 2446 nequit.

285 2468 470 2518 Homo
522 2469 620 2518 sibi
673 2468 769 2518 tria
821 2486 890 2518 ex
942 2469 1159 2518 caritate
1212 2467 1403 2517 debet:
1466 2481 1508 2516 Ι.
1552 2464 1737 2532 quoad
1780 2464 2161 2532 αηίηζιζζωπερἫ

211 2568 524 2601 conservare
564 2551 616 2600 in
657 2566 840 2600 amore
881 2551 984 2600 Dei
1025 2559 1078 2600 et
1119 2550 1318 2611 facere,
1374 2565 1512 2615 quae
1552 2547 1848 2598 necessaria
1886 2553 2010 2596 sunt
2049 2546 2117 2596 ad

211 2633 369 2683 finem
412 2632 653 2683 ultimum
696 2633 1164 2699 consequendum,
1218 2645 1265 2682 2.
1310 2630 1493 2697 quoad
1526 2638 1715 2695 empus
1753 2629 1915 2679 vitam
1956 2637 2009 2678 et
2047 2629 2116 2678 in-

211 2716 513 2782 tegritatem
567 2716 805 2781 corporis
856 2731 1091 2775 servare;
1148 2728 1193 2778 3.
1247 2730 1428 2764 curare
1479 2712 1615 2762 bona
1666 2719 1924 2761 externa:
1976 2711 2118 2761 bona

212 2797 515 2859 materialia,
559 2797 819 2847 honorem
863 2806 915 2847 et
955 2797 1156 2847 bonam
1198 2795 1409 2846 famam.

966 2961 1295 3002 ARTlCULUS
1327 2962 1359 3001 Ι.

734 3072 1008 3119 ΟἙΡΙΟΙΑ
1047 3071 1257 3118 CIRCA
1294 3070 1594 3117 ANIMAM.

218 3202 363 3256 279.
444 3191 628 3257 Homo
670 3200 877 3242 creatus
919 3200 999 3241 est
1039 3191 1090 3240 in
1131 3191 1271 3241 hunc
1313 3190 1490 3251 finem,
1534 3197 1593 3238 ut
1620 3189 1797 3238 Deum
1839 3185 2115 3253 glorificet.

215 3274 318 3323 Dei
357 3280 536 3323 autem
577 3273 745 3338 gloria
784 3274 1018 3323 maxime
1059 3273 1110 3322 in
1139 3290 1203 3322 eo
1246 3272 1502 3331 consistit,
1545 3279 1602 3320 ut
1642 3270 1807 3319 homo
1847 3269 1898 3318 in
1926 3284 1984 3318 se
2011 3266 2123 3316 Dei

216 3355 510 3420 imaginem
550 3355 802 3421 perficiat.
862 3353 971 3405 Sed
1012 3355 1176 3405 homo
1218 3371 1313 3421 per
1351 3352 1522 3403 solam
1562 3346 1786 3402 menfem
1820 3358 1899 3401 est
1938 3351 2118 3414 imago
