2182 3682
607 155 758 185 CAPUT
792 156 835 186 V.
885 156 947 184 DE
984 156 1103 184 LEGE
1139 156 1396 186 NATURALI.
1851 159 1945 214 151

131 300 280 348 Resp.
341 292 470 338 Dist.
510 292 618 338 mai.
637 308 650 337 .·
686 292 786 338 Hic
822 300 894 338 est
929 291 1037 337 finis
1074 305 1268 352 poenae
1307 293 1623 341 secundarius
1661 304 1707 342 et
1744 297 1781 343 si
1818 314 1953 359 spec-

51 372 176 412 tatur
211 364 260 410 in
298 373 422 412 statu
458 364 868 423 comminationis,
907 380 1040 420 conc„
1078 364 1186 411 finis
1223 365 1481 426 primarius
1519 375 1565 414 et
1601 368 1786 429 unicus,
1823 388 1950 432 nego.

57 438 343 486 Contradist.
383 441 491 486 min.

126 513 259 560 Finis
305 513 465 560 totalis
518 528 711 575 poenae
765 521 836 560 est
888 513 1012 559 ordo
1060 513 1392 574 imponendus
1445 516 1704 574 creaturis,
1758 518 1806 565 in
1855 537 1953 581 quo

0 618 3 647 2
49 588 234 634 bonum
270 587 483 634 universi
519 587 752 634 consistit.
816 588 982 634 Potest
1018 596 1180 634 autem
1217 587 1342 634 ordo
1381 589 1615 635 creaturis
1652 590 1841 652 imponi
1877 596 1954 641 vel

49 661 318 709 muniendo
367 677 502 719 eum,
552 670 817 722 antequam
863 663 1021 709 laesus
1070 669 1166 719 est,
1217 663 1293 709 vel
1342 677 1453 708 eum
1501 664 1805 712 restituendo
1845 679 1956 729 post

49 735 331 783 laesionem.
393 736 544 796 Igitur
579 751 745 798 poena
770 737 1041 797 spectanda
1067 744 1138 783 est
1164 736 1324 797 primo
1350 737 1399 782 in
1426 745 1550 784 statu
1576 741 1954 799 cotnnzinationz's,

48 818 312 871 antequam
350 810 475 857 ordo
512 811 670 858 laesus
707 819 791 857 est.
853 812 910 856 In
936 811 1031 857 hoc
1066 819 1190 857 statu
1215 825 1408 872 poenae
1435 811 1542 858 finis
1576 820 1648 859 est
1684 830 1712 860 a
1737 815 1955 863 laesione

49 884 233 932 ordinis
292 885 557 932 deterrere.
644 885 841 931 Deinde
902 886 1174 946 spectanda
1234 893 1306 932 est
1364 886 1413 931 in
1466 894 1589 933 statu
1640 891 1953 947 exsecutionis,

49 959 250 1020 quando
287 961 370 1006 scl.
398 967 509 1021 post
545 958 983 1006 comminationem
1019 959 1265 1020 infligitur,
1305 968 1353 1006 et
1387 961 1483 1006 hoc
1520 969 1643 1007 statu
1679 963 1828 1010 habet
1864 981 1955 1026 pro

47 1035 145 1080 fine
192 1033 426 1095 primario
475 1033 831 1081 restitutionem
879 1033 1001 1080 recti
1048 1033 1234 1089 ordinis
1284 1042 1331 1081 et
1378 1034 1552 1081 merito
1593 1037 1760 1083 vocari
1795 1047 1957 1099 potest

49 1107 293 1168 quaedam
341 1109 479 1169 quasi
527 1107 711 1155 reactio
760 1107 960 1155 ordinis.
1042 1108 1448 1169 Unumquodque
1501 1110 1632 1156 enim
1686 1127 1773 1159 ens
1824 1121 1956 1160 natu-

47 1181 212 1228 raliter
247 1182 452 1244 insurgit
489 1191 662 1229 contra
698 1182 831 1239 illud,
873 1183 1007 1243 quod
1045 1182 1135 1230 sibi
1172 1182 1520 1230 detrimentum
1557 1185 1711 1232 affert.
1775 1187 1958 1235 Omnia

46 1271 178 1315 vero,
218 1272 344 1318 quae
383 1258 471 1304 sub
510 1257 674 1318 aliquo
713 1257 887 1304 ordine
926 1257 1255 1316 continentur,
1296 1257 1460 1318 aliquo
1494 1258 1645 1305 modo
1671 1275 1821 1308 unum
1848 1271 1958 1309 sunt

48 1340 273 1392 respectu
321 1331 550 1393 principii
599 1331 798 1378 ordinis.
871 1334 1006 1393 Ergo
1055 1331 1297 1393 quidquid
1346 1340 1517 1379 contra
1561 1333 1692 1380 hunc
1730 1336 1957 1384 ordinem

47 1405 263 1467 insurgit,
302 1407 364 1453 ab
402 1422 461 1454 eo
500 1414 547 1454 et
584 1423 611 1453 a
645 1406 869 1468 principe
907 1406 1093 1454 ordinis
1130 1406 1432 1468 deprimitur.
1494 1409 1757 1456 Peccatum
1795 1419 1956 1459 autem

47 1487 120 1527 est
167 1489 339 1527 contra
379 1480 605 1528 ordinem
643 1480 881 1539 universi,
932 1489 979 1528 et
1016 1481 1130 1528 ideo
1169 1496 1481 1542 consequens
1518 1491 1614 1540 est,
1665 1492 1715 1530 ut
1751 1486 1812 1531 ab
1850 1485 1957 1547 ipso

47 1554 220 1602 ordine
258 1555 588 1617 deprimatur3
625 1571 752 1616 quae
791 1556 1046 1617 depressio
1073 1571 1237 1616 poena
1264 1564 1336 1603 est
1362 1551 1425 1616 (S.
1462 1556 1622 1603 Tlmm.
1657 1575 1694 1614 1,
1726 1575 1767 1616 2,
1803 1575 1849 1620 q.
1879 1563 1955 1620 87,

49 1646 90 1677 a.
135 1625 192 1691 Ι).
266 1630 621 1677 Secundarium
658 1645 776 1677 vero
813 1632 963 1677 finem
999 1630 1148 1677 habet
1185 1646 1350 1691 poena
1390 1630 1573 1677 inflicta
1611 1648 1701 1692 pro
1743 1633 1823 1690 iis,
1876 1636 1958 1695 qui

49 1704 210 1752 adhuc
258 1713 368 1752 sunt
414 1704 463 1751 in
512 1713 636 1752 statu
672 1705 806 1763 viae,
858 1706 940 1752 scl.
980 1705 1247 1752 emendare
1285 1704 1658 1765 delinquentem
1707 1707 1864 1769 ipsum
1910 1718 1957 1756 et

49 1780 298 1827 deterrere
337 1779 457 1827 alios
495 1796 522 1826 a
559 1780 834 1841 peccando

125 1856 228 1900 Iam
265 1853 550 1916 primarium
587 1857 750 1911 finem,
789 1856 872 1916 qui
911 1863 982 1902 est
1019 1854 1257 1901 restitutio
1295 1854 1495 1912 ordinis,
1536 1856 1671 1903 Deus
1698 1856 1842 1904 etiam
1869 1874 1958 1919 per

46 1943 261 1991 poenam
300 1938 551 1976 aeternam
591 1929 932 1990 consequitur,
972 1928 1021 1975 in
1060 1937 1295 1989 quantum
1333 1931 1445 1987 scl.‚
1487 1930 1569 1990 qui
1606 1930 1759 1978 libere
1798 1934 1958 1979 Deum

45 2003 321 2065 glorificare
359 2005 643 2062 noluerunt,
681 2003 819 2051 inviti
856 2003 951 2051 Dei
987 2003 1298 2050 sanctitatem
1335 2012 1382 2051 et
1420 2004 1647 2051 iustitiam
1686 2021 1957 2067 agnoscere

49 2086 97 2126 et
133 2078 409 2139 glorificare
448 2087 703 2140 coguntur.

129 2182 231 2223 Obi.
262 2195 304 2232 3-
362 2178 530 2222 Poena
555 2175 839 2237 gravissima
867 2190 968 2222 non
995 2175 1268 2233 incurritur,
1296 2174 1390 2221 nisi
1416 2185 1759 2236 cognoscatur.
1813 2178 1964 2239 Atqui

47 2249 185 2297 multi
221 2250 366 2310 athei,
404 2251 557 2297 immo
594 2251 787 2311 aliquae
825 2251 1046 2311 integrae
1083 2259 1256 2310 gentes
1282 2265 1384 2297 non
1410 2259 1720 2312 cognoscunt
1745 2267 1960 2314 poenam

48 2333 314 2373 aeternam.
387 2326 525 2386 Ergo
561 2326 623 2373 ab
661 2325 717 2371 iis
754 2341 857 2372 non
894 2324 1167 2372 incurritur.

125 2423 274 2471 Resp.
333 2415 465 2461 Dist.
514 2416 657 2461 mai..·
704 2415 872 2461 Poena
922 2413 1209 2475 gravissima
1258 2428 1360 2460 non
1408 2413 1691 2472 incurritur,
1743 2415 1834 2463 nisi
1884 2433 1962 2464 co-

48 2496 337 2549 gnoscatur,
387 2488 416 2535 i.
457 2505 498 2536 e.
537 2488 630 2536 nisi
668 2489 962 2549 delinquens
1011 2496 1281 2549 cognoscat
1328 2504 1378 2535 se
1416 2488 1519 2535 fieri
1556 2489 1760 2550 dignum
1798 2506 1962 2552 poena

50 2578 134 2610 seu
185 2578 237 2610 se
289 2563 597 2611 committere
649 2572 841 2621 actum,
904 2562 987 2624 qui
1038 2571 1284 2610 mereatur
1337 2579 1551 2623 poenam
1606 2565 1959 2625 gravissimam,

49 2653 188 2694 comt,
226 2638 319 2685 nisi
355 2638 649 2698 delinquens
686 2654 904 2700 poenam
940 2637 1097 2699 ipsam
1134 2638 1184 2684 in
1223 2653 1272 2685 se
1311 2638 1638 2686 determinate
1676 2648 1959 2700 cognoscat,

48 2727 173 2772 nego.
226 2713 357 2760 Dist.
384 2715 527 2760 mim:
563 2714 706 2759 Multi
744 2712 874 2760 athei
910 2728 997 2759 sua
1034 2713 1178 2773 culpa
1215 2711 1440 2760 dubitant
1466 2713 1528 2760 de
1554 2728 1719 2775 poena
1744 2723 1959 2772 aeterna,

49 2801 181 2842 conc„
220 2787 336 2849 ipsis
374 2796 561 2834 certum
600 2796 673 2836 est
709 2803 927 2849 poenam
965 2795 1217 2834 aeternam
1254 2803 1358 2834 non
1396 2802 1515 2845 esse,
1555 2803 1683 2847 nego.
1740 2789 1821 2835 Ad
1858 2803 1961 2836 rem

49 2860 226 2908 Suarez
263 2858 359 2923 (De
387 2863 480 2923 leg.
510 2863 539 2909 l.
570 2879 611 2921 2,
651 2879 692 2910 c.
723 2880 765 2922 o,
804 2879 852 2909 n.
881 2858 954 2922 3):
999 2862 1110 2908 «Ad
1146 2862 1497 2909 incurrendum
1535 2872 1724 2909 reatum
1761 2863 1961 2910 alicuius

51 2950 243 2997 poenae
280 2951 383 2983 non
419 2944 491 2984 est
526 2936 872 2994 necessarium,
911 2945 962 2983 ut
996 2936 1102 2998 ipse
1140 2936 1359 2984 subditus
1397 2946 1445 2984 et
1481 2945 1810 2998 transgressor
1842 2938 1962 2998 legis

52 3020 320 3071 cognoscat
368 3026 584 3072 poenam
630 3011 845 3058 debitam
886 3027 1000 3058 suae
1037 3011 1439 3072 transgressioni,
1492 3011 1580 3059 sed
1617 3012 1730 3059 satis
1768 3020 1862 3069 est,
1913 3020 1964 3058 ut

49 3084 196 3132 faciat
239 3094 401 3132 actum
437 3085 642 3147 dignum
678 3086 762 3133 tali
798 3080 1007 3147 poena.»
1083 3085 1354 3133 Homicida
1389 3102 1432 3133 v.
1472 3102 1517 3147 g.
1558 3085 1822 3142 occiditur,
1874 3086 1964 3132 etsi

49 3159 174 3206 forte
210 3159 474 3208 nesciverit
510 3160 698 3208 crimen
734 3160 990 3208 homicidii
1026 3160 1188 3222 puniri
1224 3176 1389 3222 poena
1428 3160 1612 3207 mortis.

130 3262 232 3303 Obi.
266 3277 308 3315 4.
375 3259 545 3305 Poena
581 3265 784 3305 aeterna
819 3265 1086 3320 propterea
1123 3257 1365 3316 asseritur,
1406 3256 1520 3318 quia
1545 3257 1649 3303 sola
1674 3264 1746 3303 est
1772 3255 1961 3303 sanctio

56 3329 275 3378 absolute
327 3332 572 3380 sufficiens
623 3332 744 3394 legis
794 3332 1043 3380 naturalis.
1116 3332 1287 3394 Atqui.
1315 3347 1417 3378 non
1469 3339 1541 3389 est
1591 3329 1837 3378 sufficiens
1884 3332 1961 3377 vel
