2182 3682
568 165 655 194 LIB.
690 165 719 195 Ι.
765 165 865 196 CAP.
899 166 940 195 V.
989 166 1051 193 DE
1085 165 1456 196 CONTRACTIBUS.
1856 172 1958 222 323

69 301 137 351 ad
178 300 338 350 finem
377 317 532 349 suum
573 307 698 366 apta
735 300 802 349 sit
841 301 1073 361 materia,
1118 317 1255 366 quae
1286 318 1384 366 pro
1413 303 1637 367 pecunia
1663 310 1960 370 usurpatur,

69 383 148 433 his
188 381 405 432 dotibus
444 382 684 448 praedita
723 383 789 431 sit
829 389 1073 448 oportet:

142 463 194 527 α)
236 472 293 513 ut
333 464 398 513 sit
447 463 698 513 durabilis
738 481 831 513 seu
873 481 970 513 usu
1011 481 1119 513 non
1161 463 1311 514 facile
1352 472 1556 530 pereat;
1608 465 1666 532 β)
1708 474 1766 515 ut
1806 467 1965 516 etiam

67 561 229 612 parva
267 545 376 595 eius
418 547 684 612 quantitas
725 545 939 596 relative
980 563 1237 612 magnum
1277 546 1513 596 valorem
1554 546 1774 609 habeat;
1824 549 1867 614 γ)
1909 557 1966 597 ut

69 626 218 677 facile
258 627 325 677 ab
367 645 474 677 uno
515 627 636 678 loco
677 629 728 677 in
770 628 931 678 alium
971 628 1238 678 transferri
1278 629 1472 695 possit;
1519 628 1569 692 ὃ)
1612 637 1670 678 ut
1710 629 1776 678 sit
1817 629 1966 679 facile

68 708 338 759 divisibilis
389 718 441 759 et
493 710 860 760 mensurabilis
911 719 1072 776 atque
1125 719 1249 777 apta
1289 711 1357 760 ad
1398 711 1567 760 varias
1609 710 1805 760 formas
1846 712 1966 761 reci-

66 791 316 857 piendas;
360 791 590 858 denique
630 794 674 857 ε)
716 801 772 841 ut
812 793 878 842 sit
918 792 1273 859 homogenea,
1316 810 1410 842 seu
1452 801 1509 842 ut
1537 809 1723 842 omnes
1767 794 1966 858 quanti-

67 881 202 922 tates
253 873 504 940 aequales
555 873 832 940 aequalem
888 874 1121 924 valorem
1173 874 1423 924 habeant.
1516 874 1609 924 Ad
1664 873 1864 924 facilius
1916 883 1968 924 et

66 955 297 1005 securius
349 955 682 1005 reddendum
740 957 1119 1006 commercium
1168 957 1454 1006 auctoritas
1504 955 1718 1022 publica
1756 956 1856 1005 sibi
1896 974 1967 1006 re-

65 1054 272 1087 servare
313 1038 588 1088 consuevit
626 1039 705 1088 ius
746 1047 984 1088 monetas
1024 1039 1272 1100 cudendi,
1328 1040 1356 1089 i.
1402 1056 1445 1088 e.
1489 1039 1540 1087 in
1582 1046 1726 1088 certa
1766 1040 1967 1103 quanti-

67 1127 175 1169 tate
226 1119 397 1185 sigillo
437 1119 655 1186 publico
697 1121 967 1186 signandi,
1019 1138 1126 1186 quo
1169 1120 1252 1181 fit,
1309 1128 1367 1170 ut
1406 1121 1455 1169 in
1497 1119 1718 1186 singulis
1759 1121 1969 1170 casibus

68 1201 171 1251 iam
212 1219 319 1251 non
361 1220 498 1268 opus
537 1202 602 1252 sit
643 1202 932 1264 metallum,
978 1203 1124 1269 quod
1168 1211 1226 1252 ut
1254 1203 1481 1269 pecunia
1508 1203 1736 1264 inservit,
1780 1203 1968 1253 librare

66 1290 119 1333 et
171 1284 491 1335 examinare.
572 1284 670 1334 Per
720 1303 776 1335 se
829 1293 977 1351 patet
1029 1284 1290 1335 nobiliora
1342 1284 1557 1335 metalla
1612 1301 1737 1350 prae
1779 1286 1969 1335 ceteris

66 1365 222 1415 rebus
263 1366 343 1415 his
384 1365 728 1432 qualitatibus
771 1368 1010 1433 praedita
1051 1385 1183 1419 esse.

68 1500 213 1565 418.
279 1513 446 1551 PARS
477 1513 509 1551 I.
575 1513 868 1552 Contractus
901 1513 1119 1552 fenebris
1154 1543 1160 1551 .
1198 1543 1205 1551 .
1242 1543 1250 1551 .
1283 1525 1375 1562 per
1406 1525 1464 1551 se
1497 1524 1594 1551 non
1629 1512 1835 1551 illicitus.

142 1601 306 1648 Prob.
395 1598 499 1665 Qui
552 1601 603 1650 in
656 1601 889 1651 favorem
945 1600 1156 1651 alterius
1203 1601 1269 1650 ad
1312 1607 1526 1665 tempus
1564 1617 1621 1649 se
1662 1601 1831 1666 privat
1872 1617 1968 1649 usu

67 1682 139 1731 rei
194 1682 501 1748 frugiferae,
565 1682 702 1733 licite
762 1701 858 1749 pro
915 1683 1019 1733 hoc
1077 1700 1237 1732 onere
1299 1683 1699 1732 retributionem
1760 1682 1966 1748 accipit.

67 1763 235 1830 Atque·
271 1765 566 1815 secundum
617 1765 902 1815 hodiernas
943 1766 1287 1815 condiciones
1328 1764 1705 1814 oeconomicas
1746 1765 1970 1831 pecunia

67 1853 209 1895 recte
261 1856 637 1897 annumeratur
688 1848 846 1897 rebus
900 1847 1173 1914 frugiferis.
1254 1847 1409 1912 Ergo
1451 1848 1540 1913 qui
1593 1847 1833 1896 eiusdem
1874 1863 1969 1895 usu

66 1928 118 1977 in
158 1926 370 1978 alterius
412 1928 648 1979 favorem
688 1930 756 1979 ad
799 1939 1011 1996 tempus
1051 1947 1108 1979 se
1150 1930 1342 1995 privat,
1387 1928 1527 1979 licite
1568 1929 1968 1978 retributionem

67 2008 257 2076 (fenus)
298 2028 395 2076 pro
437 2011 541 2062 hoc
583 2029 744 2062 onere
784 2014 992 2078 accipit.

139 2099 295 2150 Proh.
350 2101 477 2151 min.
559 2102 769 2151 Praeter
808 2101 1044 2152 valorem
1097 2101 1442 2151 materialem
1494 2118 1562 2150 ex
1604 2102 1846 2162 materia,
1902 2119 1970 2151 ex

67 2199 172 2248 qua
224 2182 415 2233 effecta
466 2192 572 2242 est,
628 2184 852 2250 pecunia
903 2184 1066 2234 habet
1118 2185 1278 2233 etiam
1318 2183 1553 2233 valorem
1595 2183 1860 2233 moralem
1901 2201 1971 2233 ex

66 2265 177 2314 eius
227 2282 325 2315 usu
376 2274 429 2315 et
480 2266 583 2315 fine
635 2267 685 2315 in
740 2267 1062 2316 commercio
1115 2266 1367 2316 humano.
1450 2265 1552 2315 Hic
1602 2272 1780 2316 autem
1822 2265 1971 2315 valor

68 2346 281 2397 moralis
322 2346 526 2414 duplex
566 2356 670 2398 est:

139 2430 189 2495 a)
231 2430 458 2480 Pecunia
498 2431 711 2480 inservit
752 2439 809 2480 ut
846 2431 1252 2481 instrumentum
1288 2429 1667 2495 negotiationis
1694 2438 1745 2480 et
1770 2448 1968 2480 merca-

65 2519 233 2562 turae.
316 2512 577 2562 Nimirum
629 2514 833 2579 absque
886 2514 1111 2579 pecunia
1152 2512 1445 2578 negotiatio
1488 2512 1722 2562 exerceri
1765 2513 1965 2578 nequit,

66 2601 119 2643 et
159 2612 267 2660 quo
308 2595 562 2644 maiorem
606 2597 723 2661 quis
763 2595 926 2645 habet
967 2597 1225 2662 pecuniae
1275 2595 1404 2656 vim,
1456 2612 1520 2644 eo
1573 2595 1773 2644 maiora
1826 2594 1970 2645 lucra

67 2675 239 2726 facere
280 2685 474 2742 potest.
555 2678 665 2727 Iam
707 2678 964 2744 quamdiu
1005 2685 1175 2728 status
1215 2677 1482 2727 societatis
1522 2677 1565 2726 is
1605 2685 1709 2737 est,
1764 2685 1822 2726 ut
1863 2694 1967 2726 non

67 2759 163 2808 nisi
202 2759 300 2820 illi,
356 2760 447 2825 qui
492 2758 779 2826 specialem
822 2760 1176 2826 aptitudinem
1217 2768 1269 2809 et
1311 2759 1769 2826 opportunitatem
1810 2776 1970 2824 nego-

65 2840 231 2890 tiandi
270 2840 471 2891 habent
510 2841 592 2892 vel
634 2859 887 2908 magnam
928 2843 1186 2908 pecuniae
1227 2859 1488 2892 summam
1531 2841 1832 2907 possident,
1882 2858 1968 2907 pe-

67 2924 222 2972 cunia
272 2923 476 2973 lucrum
530 2923 703 2974 facere
755 2926 987 2990 possint,
1042 2924 1147 2974 hoc
1196 2924 1401 2974 lucrum
1444 2924 1621 2990 potius
1661 2923 1728 2972 ad
1771 2922 1969 2972 fructus

66 3005 399 3056 industriales
440 3005 777 3056 referendum
819 3015 897 3056 est
938 3007 1168 3073 ideoque
1207 3007 1323 3073 ipsa
1363 3007 1588 3072 pecunia
1629 3005 1696 3054 de
1729 3021 1785 3053 se
1816 3004 1968 3070 frugi-

68 3086 176 3136 fera
214 3087 392 3138 vocari
448 3089 643 3155 nequit.
726 3087 961 3153 Quando
1017 3097 1197 3139 autem
1249 3096 1456 3139 mutato
1508 3087 1777 3137 societatis
1827 3095 1968 3136 statu

67 3168 290 3235 quilibet
328 3187 438 3219 nonv
476 3187 584 3236 per*
609 3171 873 3233 accidens,
915 3172 1011 3222 sed
1052 3171 1314 3221 ordinarie
1354 3180 1406 3221 et
1434 3171 1632 3236 ubique
1661 3176 1713 3217 et
1741 3168 1852 3217 sine
1880 3186 1966 3234 pe-

69 3250 248 3301 culiari
302 3252 614 3302 difficultate
666 3270 762 3319 per
810 3271 867 3303 se
907 3253 990 3304 vel
1033 3272 1127 3320 per
1166 3253 1297 3304 alios
1349 3254 1507 3302 etiam
1560 3250 1831 3300 minimam
1882 3268 1968 3316 pe-

70 3334 255 3384 cuniae
310 3335 661 3400 quantitatem
718 3336 785 3385 ad
842 3337 1105 3386 eiusmodi
1159 3337 1376 3401 negotia
1431 3334 1685 3383 adhibere
1737 3333 1968 3398 indeque

1617 3420 1707 3460 21²⁴
