2182 3682
631 181 783 210 CAPUT
817 182 876 211 VI.
928 182 990 209 DE
1023 181 1355 211 CONSCIENTIA.
1843 184 1936 237 173

51 315 223 367 cabuli
250 315 579 379 significatiO,
611 317 736 365 dum
755 315 1076 380 philosophi
1099 332 1278 365 omnes
1304 332 1417 365 cum
1446 317 1624 365 eodem
1648 316 1701 366 S.
1736 317 1942 367 'slzoma

51 397 377 462 distinguunt
429 396 726 461 opinionem
767 414 797 446 a
836 397 1078 457 scientia,
1134 413 1272 462 quae
1312 398 1569 462 accipitur
1619 407 1674 447 ut
1715 399 1942 463 cognitio

50 486 194 528 certa
244 477 460 527 alicuius
499 479 759 528 veritatis»
808 478 859 542 (l.
903 495 945 528 c.
990 495 1038 527 n.
1086 479 1189 542 76).
1271 478 1340 527 Et
1390 478 1607 528 iterum:
1668 479 1945 529 «Libertas

0 615 1 618 Ἴ
51 567 227 610 manet
277 576 488 625 semper
538 568 706 619 certa,
765 577 932 625 usque
985 560 1113 608 dum
1169 577 1199 608 a
1254 559 1374 625 lege
1415 560 1637 624 pariter
1691 569 1836 609 cerm
1893 570 1945 610 et

0 663 2 671 >
49 641 342 705 manifesta
398 658 503 690 non
560 641 781 707 ligatur»
840 641 891 705 (l.
947 658 989 691 0.
1046 658 1093 691 n.
1150 642 1255 705 68).
1350 641 1504 707 Quae
1558 641 1719 691 verba
1774 651 1944 691 totam

0 753 1 756 =
50 723 344 773 doctrinam
385 722 748 788 probabilismi
789 724 1077 773 continent.

122 803 208 853 Ex
272 803 352 853 his
417 805 729 854 testimoniis
795 805 1012 854 evidens
1078 814 1157 854 est
1217 803 1268 855 S.
1332 804 1674 871 Alphonsum
1734 805 1947 855 nomine

49 884 179 950 legis
235 886 428 935 dubiae
483 885 791 951 intellegere
844 886 1135 952 quamlibet
1188 886 1362 952 legem
1416 905 1518 936 72072
1569 895 1799 948 certam,
1851 888 1947 936 etsi

49 967 158 1017 eius
213 968 522 1017 exsistentia
575 969 642 1018 sit
696 969 1212 1035 quomodocumque
1267 968 1585 1034 probabilis,
1648 969 1946 1018 dummodo

47 1049 394 1116 probabilitas
445 1067 551 1099 non
593 1051 785 1100 evadat
826 1058 998 1111 tanta,
1054 1059 1111 1100 ut
1151 1050 1243 1101 fiat
1283 1049 1496 1100 moralis
1537 1051 1801 1117 quaedam
1842 1068 1946 1100 cer-

49 1131 236 1182 titudo.
326 1131 486 1182 Unde
540 1131 671 1182 falso
712 1148 743 1181 a
783 1132 1105 1198 quibusdam
1147 1133 1395 1182 asseritur
1433 1131 1562 1182 illud
1604 1132 1945 1198 principium:

48 1211 135 1262 lex
183 1213 345 1262 dubia
395 1231 500 1263 non
550 1213 780 1279 obligat,
835 1231 865 1264 a
905 1213 957 1264 S.
1002 1213 1290 1280 Alphonso
1332 1215 1574 1279 restringi
1614 1214 1680 1264 ad
1725 1214 1947 1263 dubium

46 1295 312 1356 strictum,
371 1296 519 1361 quod
577 1306 703 1346 tunc
760 1297 937 1357 adest,
998 1298 1214 1362 quando
1271 1313 1338 1346 ex
1394 1305 1616 1362 utraque
1667 1305 1817 1362 parte
1868 1304 1948 1345 est

48 1376 281 1442 aequalis
321 1378 453 1426 ratio
494 1385 547 1427 et
587 1395 736 1428 mens
777 1378 947 1428 neutri
988 1379 1295 1440 assentitur;
1353 1377 1511 1439 falso,
1565 1379 1799 1444 inquam,
1843 1377 1947 1427 hoc

49 1459 317 1520 asseritur,
391 1460 487 1508 nisi
541 1459 669 1509 velis
740 1460 1021 1509 admittere
1081 1459 1133 1510 S.
1193 1459 1538 1526 Alphonsum
1607 1460 1706 1509 sibi
1763 1466 1948 1526 aperte

49 1541 426 1591 contradicere.

123 1636 278 1687 Prob.
338 1638 463 1687 min.
546 1636 816 1703 Quamdiu
877 1640 1017 1688 enirn
1077 1639 1258 1705 opinio
1319 1655 1521 1705 negans
1581 1638 1947 1688 exsistentiam

50 1720 181 1787 legis
232 1729 313 1770 est
364 1727 510 1770 certo
563 1729 616 1770 et
666 1720 836 1770 solide
887 1721 1180 1787 probabilis
1230 1738 1324 1771 seu
1378 1730 1523 1771 certo
1575 1720 1755 1770 innixa
1803 1721 1949 1786 gravi

50 1802 414 1864 fundament0‚
464 1803 770 1853 exsistentia
812 1802 943 1869 legis
983 1821 1088 1853 non
1132 1812 1310 1869 potest
1351 1820 1467 1852 esse
1507 1801 1650 1853 certa
1690 1819 1751 1852 ac
1792 1803 1950 1851 mani-

50 1884 207 1946 festa,
256 1884 352 1934 sed
401 1891 483 1934 est
528 1885 718 1947 dubia,
768 1885 1000 1952 ideoque
1048 1885 1136 1935 lex
1191 1903 1299 1935 non
1341 1884 1559 1951 obligat.
1641 1885 1804 1935 Porro
1845 1884 1949 1935 hoc

51 1974 423 2033 argumentum
463 1966 605 2016 valet
656 1967 706 2017 in
756 1968 898 2017 omni
942 1984 1092 2028 casu,
1147 1968 1236 2017 ubi
1278 1968 1457 2034 opinio
1500 1967 1682 2017 favens
1722 1966 1950 2016 libertati

51 2058 130 2099 est
168 2066 292 2099 vere
344 2058 396 2098 et
446 2048 616 2099 solide
668 2049 983 2115 probabiliS,
1038 2050 1146 2099 sive
1199 2050 1379 2116 opinio
1432 2050 1682 2116 opposita
1728 2049 1792 2098 sit
1833 2067 1948 2115 pro-

51 2130 278 2181 babilior
316 2132 424 2181 sive
465 2149 588 2192 non,
631 2132 740 2182 sive
781 2139 969 2197 agatur
1010 2133 1078 2182 de
1106 2131 1238 2198 legis
1266 2132 1573 2182 exsistentia
1606 2132 1714 2181 sive
1744 2131 1811 2180 de
1840 2132 1949 2181 eius

51 2213 361 2263 cessatione.

124 2295 274 2345 Idem
314 2304 688 2361 argumentum
730 2295 830 2346 alio
872 2297 1038 2346 modo
1079 2297 1153 2346 sic
1194 2306 1379 2346 contra
1419 2295 1952 2362 aequiprobabilistas

51 2386 103 2427 et
142 2377 596 2444 probabilioristas
636 2379 865 2444 proponi
904 2386 1098 2444 potest.

125 2458 261 2509 Illud
314 2461 554 2510 axioma:
610 2458 697 2510 lex
750 2461 912 2511 dubia
954 2478 1062 2510 non
1104 2459 1334 2526 obligat,
1390 2469 1477 2510 aut
1517 2478 1700 2510 verum
1741 2468 1820 2509 est
1860 2468 1951 2509 aut

51 2559 174 2592 non.
255 2541 426 2608 Atqui
475 2543 519 2592 si
570 2560 677 2592 non
730 2552 809 2592 est
848 2560 1033 2592 verum
1087 2543 1135 2606 (i.
1181 2560 1222 2593 e.
1267 2543 1311 2592 si
1350 2541 1439 2592 lex
1492 2542 1651 2592 dubia
1702 2560 1795 2592 seu
1843 2559 1951 2591 non

54 2633 196 2674 certa
249 2623 502 2690 obligat),
564 2641 669 2674 non
712 2624 834 2675 licet
872 2625 1021 2690 sequi
1063 2625 1368 2691 opinionem
1411 2641 1580 2690 aeque
1620 2623 1954 2690 probabilem

52 2705 150 2760 vel.
192 2707 351 2756 etiam
407 2706 824 2772 probabiliorem
879 2707 1050 2756 minus
1105 2715 1300 2769 tutam3
1364 2708 1486 2772 quia
1541 2724 1647 2756 non
1704 2707 1953 2756 obstante

52 2787 152 2838 hac
207 2787 415 2854 aequali
464 2788 547 2838 vel
605 2790 802 2839 maiore
857 2788 1235 2855 probabilitate
1290 2789 1379 2838 lex
1433 2798 1613 2838 manet
1668 2788 1853 2838 dubia:
1912 2788 1954 2837 si

54 2887 236 2920 verum
278 2877 372 2932 est,
417 2871 576 2920 etiam
616 2871 980 2921 admittendus
1021 2880 1101 2921 est
1140 2870 1567 2938 probabilismus.
1635 2869 1755 2920 Lex
1795 2870 1949 2930 enim,

55 2960 240 3002 contra
280 2953 428 3002 cuius
467 2954 832 3003 exsistentiam
873 2953 1004 3003 ratio
1046 2954 1221 3019 gravis
1247 2961 1367 3014 stat,
1412 2969 1519 3003 non
1548 2960 1628 3002 est
1656 2960 1814 3012 certa,
1857 2951 1953 3001 sed

55 3033 216 3084 dubia
254 3034 488 3101 ideoque
527 3051 636 3084 non
677 3034 897 3101 obligat.

58 3190 202 3245 207.
284 3181 458 3232 Schol.
530 3181 581 3232 S.
626 3182 939 3248 Alphonsus
977 3183 1029 3232 in
1071 3182 1365 3249 posteriore
1406 3188 1580 3231 aetate
1621 3197 1846 3245 negasse
1885 3181 1954 3229 vi·

58 3262 213 3313 detur
262 3263 419 3314 licere
459 3265 610 3330 sequi
651 3265 959 3330 opinionem
1000 3265 1315 3330 benignam,
1370 3264 1411 3313 si
1452 3262 1713 3313 contraria
1753 3262 1953 3326 (tutior)

57 3344 123 3393 sit
177 3344 517 3410 probabilior.
613 3344 722 3396 Sed
776 3347 1054 3397 sciendum
1109 3355 1189 3396 est
1243 3362 1362 3395 eurn
1422 3344 1636 3394 nomine
1691 3343 1955 3410 opinionis
