2182 3682
226 184 327 246 388
621 191 734 219 PARS
770 190 816 220 ΙΙ.
870 191 1184 220 PHILOSOPHIA
1218 191 1422 220 MORALIS
1458 191 1707 220 SPECIALIS.

298 342 343 390 3.
388 325 752 392 Supponimus
792 327 844 376 in
885 326 1023 376 thesi
1063 326 1306 377 ordinem
1348 343 1491 376 mere
1532 325 1842 376 naturalem.
1903 326 2044 376 Nam
2077 327 2129 377 in

220 409 405 459 ordine
445 408 831 475 supernaturali
872 426 998 459 cura
1050 426 1232 458 rernm
1275 408 1694 474 relzgiosarum,
1746 408 1843 459 etsi
1889 416 1943 458 et
1981 410 2128 475 ipsae

218 492 286 541 ad
316 491 661 541 condiciones
694 491 1006 557 pertineant,
1051 492 1119 541 de
1149 491 1343 558 quibus
1370 491 1535 541 thesis
1563 491 1809 557 loquitur,
1852 491 2128 542 Ecclesiae

219 574 504 624 commissa
544 582 638 624 est.

221 725 366 779 517.
448 723 614 762 PARS
646 724 678 761 I.
744 723 877 761 Finis
911 724 1167 762 societatis
1203 726 1283 762 est
1308 724 1618 774 prosperitas
1647 725 1857 774 publica.

292 812 456 859 Prob.
510 826 549 858 1.
648 810 867 877 Duplex
935 812 1262 877 prosperitas
1329 812 1482 861 huius
1549 813 1689 862 vitae
1756 812 2123 879 distinguitur:

215 891 427 959 publica
474 902 526 943 et
578 894 794 959 privata.
876 893 1047 959 Atqui
1097 894 1301 959 privata
1354 894 1574 945 felicitas
1625 912 1732 944 non
1784 903 1964 961 potest
2005 911 2125 945 con-

214 976 431 1025 stituere
473 975 633 1026 finem
675 977 913 1026 civitatis.
995 976 1149 1041 Ergo
1182 1019 1189 1026 .
1225 1019 1232 1026 .
1269 1019 1275 1026 .

288 1064 444 1115 Proh.
478 1065 601 1115 7122'72.
660 1064 715 1115 Si
743 1064 859 1115 finis
887 1066 1226 1115 immediatus
1256 1066 1479 1116 civitatis
1508 1074 1647 1116 esset
1674 1067 2000 1133 prosperitas
2028 1067 2125 1132 pri-

213 1156 349 1209 vata,
395 1147 618 1197 haberet
646 1148 877 1197 eundem
909 1147 1086 1209 finem,
1131 1166 1291 1215 quem
1321 1148 1485 1198 habet
1514 1148 1785 1214 quaelibet
1812 1165 2042 1215 persona
2075 1157 2127 1198 et

211 1229 440 1280 societas
474 1229 784 1291 domestica,
820 1231 1053 1296 ideoque
1086 1230 1187 1280 hae
1216 1248 1325 1280 non
1354 1231 1614 1280 haberent
1641 1231 1922 1297 sphaeram
1952 1231 2127 1282 activi-

213 1312 334 1362 tatis
374 1312 474 1362 sibi
514 1313 784 1378 propriam
823 1322 875 1361 et
904 1330 933 1361 a
961 1312 1189 1378 sphaera
1217 1314 1498 1363 activitatis
1528 1313 1775 1379 publicae
1804 1314 2126 1364 distinctam.

290 1396 455 1442 Prob.
494 1409 537 1442 2.
616 1395 674 1444 ln
716 1394 815 1444 hac
857 1395 1148 1460 hypothesi
1177 1395 1479 1445 auctoritati
1509 1396 1646 1445 civili
1686 1397 1764 1446 ius
1793 1404 2126 1463 competeret

215 1477 394 1525 omnia
458 1477 662 1542 privata
725 1477 869 1526 bona
933 1477 1133 1527 directe
1197 1478 1627 1539 administrandi,
1697 1478 1918 1544 singulis
1980 1495 2126 1544 prae-

213 1558 497 1619 scribendi,
542 1559 669 1624 quid
699 1559 1039 1619 manducare,
1072 1560 1350 1625 quomodo
1380 1560 1573 1619 vestiri,
1606 1560 1926 1626 quibuscum
1954 1560 2125 1610 matri-

213 1641 453 1690 monium
495 1641 623 1690 inire
663 1641 895 1691 debeant
925 1650 1044 1702 etc,
1089 1643 1226 1691 adeo
1257 1650 1314 1692 ut
1355 1642 1625 1708 quaelibet
1665 1642 1879 1693 libertas
1920 1643 2125 1709 privata

217 1723 590 1773 destrueretur.

289 1806 454 1853 Prob.
504 1821 548 1867 3.
639 1805 969 1872 Prosperitas
1029 1807 1232 1872 privata
1292 1807 1525 1856 maxime
1581 1808 1821 1857 consistit
1878 1808 1931 1857 in
1989 1808 2123 1857 veris

210 1888 427 1938 internis
468 1888 763 1949 virtutibus,
809 1889 877 1937 ad
920 1906 1052 1954 quas
1095 1890 1276 1939 civitas
1318 1890 1621 1956 pertingere
1662 1907 1770 1939 non
1811 1898 2008 1956 potest.

215 2025 362 2091 518.
445 2037 611 2076 PARS
643 2038 696 2076 II.
765 2038 880 2076 Sive
916 2039 1207 2088 complexus
1242 2068 1250 2076 .
1286 2069 1294 2076 .
1331 2069 1339 2077 .
1377 2039 1586 2077 valeant.

290 2126 454 2173 Prob.
497 2140 536 2172 1.
627 2125 762 2174 Illud
821 2126 1022 2176 bonum
1076 2127 1350 2176 constituit
1401 2127 1670 2176 societatis
1724 2125 1885 2176 civilis
1942 2124 2118 2186 finem,

213 2206 284 2257 ob
314 2207 461 2273 quod
491 2208 890 2274 assequendum
919 2209 1110 2258 eadem
1152 2208 1455 2258 hominibus
1497 2209 1787 2275 generatim
1830 2207 2125 2258 necessaria

211 2306 329 2339 esse
380 2289 719 2356 intellegitur.
801 2291 973 2356 Atqui
1022 2292 1319 2340 necessaria
1366 2308 1482 2341 esse
1533 2290 1856 2357 intellegitur
1905 2296 2126 2356 propter

211 2371 325 2421 illas
378 2372 722 2422 condiciones
775 2390 869 2422 seu
923 2373 1101 2423 media
1155 2374 1524 2439 prosperitatis
1578 2374 1816 2439 privatae
1867 2371 2120 2421 omnium.

211 2454 365 2519 Ergo
406 2454 456 2503 in
497 2454 557 2503 iis
599 2455 838 2504 consistit
880 2455 996 2505 finis
1039 2455 1277 2505 civitatis.

285 2543 445 2593 Proh.
499 2544 626 2593 min.
709 2544 785 2594 Ut
837 2562 906 2594 ex
958 2554 1277 2611 argumento
1335 2559 1361 2608 3
1406 2545 1538 2594 thes.
1586 2543 1826 2594 LXXIV
1878 2543 1947 2603 (n.
1991 2543 2120 2606 481)

211 2632 387 2691 patet,
444 2626 626 2675 civitas
677 2627 973 2676 necessaria
1014 2635 1093 2676 est
1145 2636 1366 2693 propter
1407 2645 1469 2676 ea
1509 2627 1676 2687 bona,
1733 2626 1926 2692 quibus
1965 2641 2121 2690 gene-

212 2709 364 2758 ratim
406 2707 649 2757 homines
690 2709 758 2757 ad
801 2709 937 2758 bene
979 2709 1243 2774 beateque
1271 2710 1558 2758 vivendum
1587 2709 1843 2774 indigent,
1886 2708 1954 2757 ad
1984 2722 2122 2772 quae

212 2799 390 2840 autem
431 2791 767 2856 assequenda
807 2792 1050 2840 activitas
1090 2791 1295 2856 privata
1335 2808 1442 2840 non
1483 2790 1692 2841 sufficit.
1747 2791 1806 2839 In
1847 2789 1928 2839 his
1968 2789 2122 2838 bonis

213 2873 454 2922 consistit
504 2872 591 2922 illa
632 2871 948 2922 sufficientia
990 2871 1349 2940 (αὐτάρκεια),
1406 2889 1545 2938 quae
1586 2890 1656 2922 ex
1698 2879 1877 2921 mente
1916 2870 2120 2920 Aristo·
2181 2890 2182 2930 g

212 2953 330 3003 telis
385 2963 437 3004 et
489 2953 541 3004 S.
598 2953 843 3003 Thomae
898 2954 1213 3003 societatem
1266 2953 1473 3003 civilem
1528 2963 1584 3004 ut
1639 2954 1952 3003 societatem
2008 2969 2121 3018 per-

214 3036 407 3086 fectam
450 3036 517 3085 ab
560 3034 671 3085 aliis
712 3036 1060 3085 societatibus
1106 3035 1434 3085 naturalibus
1476 3036 1767 3101 distinguit.
1848 3034 2011 3083 Porro
2051 3032 2120 3083 ad

213 3119 345 3168 haec
398 3118 542 3167 bona
591 3118 820 3184 pertinet
869 3131 909 3166 Ι.
954 3134 1063 3183 pax
1115 3126 1167 3167 et
1213 3118 1468 3167 securitas
1519 3118 1733 3178 iurium;
1789 3116 1912 3166 dein
1954 3129 2000 3166 2.
2045 3123 2118 3174 ut,

214 3207 471 3266 quantum
523 3199 633 3249 fieri
685 3206 893 3265 potest,
949 3200 1196 3249 omnibus
1249 3209 1461 3265 praesto
1514 3200 1619 3249 sint
1658 3197 1741 3248 vel
1795 3214 1982 3247 omnes
2021 3195 2121 3246 sibi

213 3282 487 3347 acquirere
526 3280 737 3331 valeant
778 3281 957 3330 omnia
997 3281 1141 3330 bona
1183 3281 1481 3347 corporalia
1521 3289 1573 3330 et
1612 3279 1928 3346 spiritualia,
1984 3294 2120 3344 quae

214 3363 281 3412 ad
321 3364 484 3413 vitam
526 3363 734 3412 felicem
778 3371 830 3412 et
870 3362 1153 3412 honestam
1195 3363 1544 3428 requiruntur.
