2182 3682
435 182 522 210 LIB.
557 181 603 210 ΙΙ.
651 181 751 209 CAP.
786 181 833 210 11.
882 181 943 209 DE
979 180 1236 210 SOCIETATE
1270 181 1554 210 DOMESTICA.
1846 181 1946 235 353

51 334 107 368 se
161 333 329 382 usque
380 316 448 364 ad
499 315 916 364 internecionem
969 330 1208 379 pugnare
1255 313 1503 364 solebant
1541 331 1603 365 ac
1643 318 1949 366 servitutem

51 406 110 449 ut
148 398 406 447 minorem
447 414 679 462 poenam
721 391 1148 446 considerabant.

123 486 398 535 Praeterea
454 499 500 535 2.
561 501 681 534 cum
737 483 901 533 semel
958 482 1318 532 universaliter
1372 482 1678 533 invaluisset
1732 486 1951 535 servitus

50 567 290 633 altasque
340 567 391 616 in
441 566 689 615 omnibus
728 565 1145 614 institutionibus
1185 563 1470 614 socialibus
1511 565 1716 614 radices
1756 567 1952 631 egisset

50 680 121 684 —
147 650 257 698 sive
296 649 429 697 iuste
469 649 579 697 sive
619 648 809 696 iniuste
849 679 935 707 —,
978 646 1256 696 subitanea
1296 646 1536 696 eiusdem
1579 646 1859 712 abrogatio
1901 656 1953 697 et

50 731 149 780 toti
199 731 439 780 societati
491 738 543 778 et
595 730 753 779 etiam
804 729 930 794 ipsis
971 729 1134 777 servis
1173 728 1400 794 plurima
1441 728 1637 778 damna
1677 728 1950 779 intulisset.

49 812 215 862 Erant
253 813 392 861 enim
429 812 672 860 homines
700 811 874 871 rudes,
919 810 1129 869 abiecti,
1174 810 1285 859 sine
1312 808 1418 858 ulla
1458 810 1798 875 proprietate,
1841 811 1954 860 sine

48 893 327 944 sufficienti
370 894 719 959 protectione,
762 893 875 957 ipsa
920 909 1080 957 porro
1110 892 1336 940 servitus
1366 892 1517 956 quasi
1547 891 1952 941 fundamentum

49 975 212 1025 totius
252 975 448 1024 ordinis
488 975 698 1024 socialis
739 982 993 1023 evaserat.
1064 973 1240 1022 Potuit
1275 990 1421 1038 ergo,
1466 982 1523 1022 ut
1564 973 1791 1033 videtur,
1833 991 1953 1023 con-

49 1057 274 1106 suetudo
317 1056 528 1123 publica
567 1056 649 1106 vel
691 1056 777 1105 lex
818 1057 869 1104 in
911 1055 991 1104 his
1031 1055 1438 1104 circumstantiis
1479 1055 1559 1115 id,
1613 1055 1761 1121 quod
1803 1056 1953 1105 titulo

48 1139 334 1188 nativitatis
374 1157 441 1188 ex
488 1139 597 1188 iure
638 1147 855 1187 naturae
908 1138 1117 1197 deerat,
1172 1136 1420 1201 sujffllere
1459 1154 1550 1186 seu
1593 1136 1863 1203 complere
1903 1147 1956 1187 et

49 1221 120 1270 ita
160 1220 370 1270 titulum
410 1222 605 1270 iustum
648 1220 887 1270 reddere.

51 1356 197 1421 468.
278 1358 453 1409 Sclcol.
490 1375 544 1423 3.
627 1359 712 1408 Ex
752 1367 930 1408 mente
957 1357 1274 1408 Aristm‘elis
1314 1375 1495 1407 servus
1537 1358 1741 1408 definiri
1775 1367 1955 1424 potest

50 1439 216 1506 (Sylv.
260 1441 524 1502 Maurus,
576 1441 635 1490 In
676 1441 698 1489 Ι
739 1441 888 1490 Polit.
935 1458 978 1491 c.
1025 1454 1083 1504 3,
1139 1458 1187 1489 n.
1234 1441 1312 1503 8):
1362 1440 1802 1490 «7'1252‘17t712e72l2l712
1842 1442 1954 1491 ani-

49 1531 267 1583 malum,
308 1524 556 1583 acliwml,
598 1531 930 1588 separalum,
973 1522 1218 1582 alferius,
1263 1522 1418 1571 lwmo
1459 1522 1773 1572 at‘sl‘ssens».

131 1627 170 1660 Ι.
215 1611 628 1661 Insz‘rnmenllmz
673 1611 942 1681 (ὄργανον)
987 1621 1066 1660 est
1121 1628 1317 1676 genus,
1372 1612 1423 1659 in
1465 1629 1572 1677 quo
1613 1629 1794 1661 servus
1835 1630 1954 1663 cum

49 1692 160 1743 aliis
218 1695 577 1743 instrumentis
636 1694 864 1743 hominis
927 1694 1203 1755 convenit;
1272 1693 1486 1742 additur
1547 1707 1594 1743 2.
1657 1694 1954 1745 aninmsum

53 1774 363 1849 (ξαῴυχον),
418 1785 475 1825 ut
527 1776 879 1841 distinguatur
930 1776 997 1825 ab
1040 1775 1401 1824 instrumentis
1442 1775 1766 1836 inanimatis,
1810 1795 1856 1826 v.
1902 1794 1951 1843 g.

51 1866 251 1920 aratro;
299 1871 343 1921 3.
388 1858 617 1907 activum
662 1857 1007 1927 (πρακτικόν),
1050 1866 1106 1907 ut
1142 1857 1472 1907 discernatur
1500 1858 1567 1907 ab
1597 1858 1956 1909 instrumentis

52 1938 253 1989 factivis
285 1970 356 1975 ——
393 1940 531 1990 actio
573 1941 712 1989 enim
752 1940 1016 2006 significat
1056 1939 1424 2005 operationem
1464 1939 1679 1989 vitalem
1722 1941 1955 1991 intransi-

50 2022 227 2082 tivam,
273 2021 431 2072 factio
473 2040 598 2071 vero
639 2023 905 2072 actionem
948 2023 1018 2071 ita
1058 2029 1427 2071 transeuntem
1470 2021 1521 2070 in
1565 2023 1856 2084 materiam,
1899 2033 1955 2073 ut
1996 2023 1999 2025 ’

52 2121 133 2153 res
189 2120 354 2153 novas
406 2105 697 2154 exteriores
749 2104 1037 2169 producat;
1094 2103 1456 2153 excluduntur
1513 2121 1641 2169 ergo
1699 2104 1952 2168 artifices3

51 2199 99 2248 4.
142 2194 453 2250 separaltmz
497 2186 827 2258 (χωριστόν),
890 2195 947 2235 ut
988 2187 1342 2250 distinguatur
1383 2204 1411 2235 a
1454 2186 1695 2235 manibus
1736 2186 1955 2253 aliisque

51 2267 328 2328 membris,
384 2285 519 2334 quae
570 2278 693 2318 sunt
744 2268 972 2317 hominis
1012 2268 1363 2318 instrumenta
1403 2269 1634 2317 animata
1674 2275 1726 2318 et
1767 2270 1952 2330 activa,

51 2350 146 2399 sed
187 2367 294 2399 non
322 2359 591 2416 separata,
642 2361 684 2413 5.
729 2351 957 2400 alterius
999 2350 1218 2414 (ἄλλω),
1264 2350 1292 2400 i.
1338 2367 1381 2400 e.
1426 2351 1695 2416 possessio
1724 2350 1952 2412 alterius,

51 2439 103 2480 et
144 2448 238 2497 per
277 2431 382 2482 hoc
423 2432 598 2482 differt
639 2450 666 2481 a
709 2433 955 2481 ministris
996 2432 1186 2493 liberis,
1232 2433 1320 2498 qui
1361 2440 1484 2482 sunt
1525 2432 1739 2498 quidem
1776 2432 1954 2499 aliquo

51 2514 216 2563 modo
236 2513 462 2575 alterius,
487 2515 582 2564 sed
607 2531 713 2563 non
735 2514 1067 2580 simpliciter;
1110 2515 1158 2564 6.
1185 2515 1340 2564 homo
1364 2514 1623 2564 exsistens
1648 2514 1956 2585 [ἄνθρωπος

51 2594 177 2660 ὧν),
241 2613 346 2661 quo
407 2596 744 2663 distinguitur
802 2597 869 2646 ab
931 2596 1247 2646 animalibus
1308 2597 1617 2647 domesticis
1678 2599 1951 2663 possessis,

50 2695 97 2727 v.
143 2694 193 2743 g.
237 2695 395 2744 equo,

122 2766 208 2815 Ex
260 2767 497 2817 eiusdem
550 2766 855 2833 philosophi
908 2767 1150 2817 doctrina
1197 2766 1347 2816 multi
1386 2777 1508 2817 sunt
1549 2775 1748 2817 namra
1787 2767 1950 2828 servi,

49 2847 79 2897 i.
110 2865 154 2898 e.
197 2866 292 2914 per
331 2858 571 2899 naturam
613 2850 782 2915 ipsam
824 2850 892 2899 ad
933 2850 1241 2899 servitutem
1271 2849 1532 2910 destinati,
1578 2849 1726 2915 quod
1757 2848 1952 2914 duplici

50 2940 366 2996 argumento
395 2932 602 2998 probat.
662 2933 710 2995 a)
734 2932 1079 2998 Experientia
1102 2933 1480 2996 cognoscimus
1501 2948 1531 2980 a
1553 2940 1736 2980 natura
1758 2930 1952 2980 multos

51 3027 243 3078 corpus
295 3014 598 3075 robustum,
657 3014 751 3063 sed
793 3014 1024 3064 animum
1068 3013 1327 3074 debilem,
1383 3012 1514 3063 alios
1554 3030 1679 3062 vero
1720 3013 1951 3062 animum

50 3092 257 3144 firmum
310 3104 362 3145 et
414 3113 609 3162 corpus
650 3095 825 3146 debile
867 3097 1163 3162 accepisse,
1220 3095 1357 3145 hanc
1398 3113 1558 3161 porro
1601 3095 1950 3143 differentiam

49 3176 409 3227 universaliter
459 3179 701 3228 accidere
753 3195 978 3244 eamque
1019 3195 1135 3227 esse
1176 3186 1405 3238 tantam,
1462 3183 1659 3241 quanta
1700 3184 1779 3225 est
1819 3176 1952 3225 inter

50 3272 242 3323 corpus
293 3269 374 3309 est
424 3260 680 3321 animam,
735 3261 869 3310 inter
921 3261 1191 3310 hominem
1244 3268 1297 3308 et
1343 3257 1550 3308 animal.
1632 3256 1780 3307 Sicut
1820 3274 1950 3322 ergo

52 3354 246 3405 corpus
299 3348 352 3390 et
401 3342 594 3392 animal
646 3360 676 3391 a
727 3352 913 3392 natura
966 3342 1033 3391 ad
1089 3341 1426 3390 serviendum
1470 3340 1826 3399 destinantur,
1881 3339 1951 3388 ita

141 3430 382 3473 Cathrein,
409 3433 541 3466 Philos.
570 3435 723 3467 moralis.
765 3435 831 3467 Ed.
862 3445 891 3473 5.
1630 3438 1682 3477 23
