2182 3682
221 151 325 214 238
623 161 736 189 PARS
770 161 818 190 ΙΙ.
870 159 1184 188 PHILOSOPHIA
1218 159 1420 188 MORALIS
1456 159 1707 189 SPECIALIS.

217 314 430 363 semper
482 305 661 346 manet
712 296 910 346 abusus
949 297 1262 357 verborum;
1303 295 1452 349 haec
1501 303 1680 345 tamen
1721 293 1919 345 malitia
1959 295 2027 345 de
2065 312 2124 346 εθ

219 389 300 445 est
339 387 545 428 tantum
588 377 730 428 levis.
811 379 962 428 Idem
1004 379 1089 428 dic
1132 378 1199 427 de
1239 376 1610 439 simulatione,
1663 393 1800 443 quae
1841 364 2143 443 prob‘e‘dif

213 450 538 526 stinguenda
584 469 664 510 est
704 477 733 510 a
775 460 1206 510 dissimulatione.
1287 459 1675 509 Dz'ssimulatio
1716 459 1856 509 enim
1897 476 2004 509 non
2045 466 2126 509 est

216 542 445 604 locutio,
498 543 594 593 sed
647 543 863 593 omissio
915 542 1217 608 signorum,
1273 542 1467 608 quibus
1507 531 1658 591 mens
1697 542 1985 607 aperiatur,
2040 539 2124 590 vel

218 626 378 675 etiam
431 625 689 675 restrictio
744 624 849 675 late
897 623 1168 687 mentalis3
1223 624 1356 674 haec
1397 623 1538 674 licita
1586 640 1702 674 esse
1741 632 1947 690 potest,
2002 622 2126 690 quia

218 725 327 757 non
367 725 580 774 semper
619 716 863 757 tenemur
903 715 1140 757 mentem
1179 707 1398 773 aperire.

293 803 469 854 Schol.
552 803 1017 870 Aequivocatione
1074 812 1126 854 et
1182 804 1511 853 restrictione
1566 802 1672 852 late
1726 801 1945 852 mentali
1999 810 2126 852 tunc

219 886 394 936 solum
447 887 523 935 uti
574 886 724 947 licet,
779 886 996 953 quando
1045 887 1156 936 eius
1197 886 1315 936 finis
1357 892 1620 947 remotuS,
1675 885 1704 934 i.
1750 902 1793 936 e.
1837 883 2126 934 occultatio

220 969 427 1030 mentiS‚
473 968 643 1018 licitus
685 977 780 1030 est,
822 986 915 1019 seu
950 969 1170 1035 quando
1200 969 1317 1035 quis
1345 985 1530 1018 verum
1560 968 1736 1017 dicere
1764 984 1871 1016 non
1901 973 2124 1017 tenetur.

218 1051 360 1105 Ideo,
402 1052 454 1100 in
508 1052 895 1112 contractibus,
951 1051 1122 1101 causis
1170 1050 1412 1112 iustitiae,
1458 1067 1639 1100 coram
1680 1049 1853 1114 iudice
1893 1048 2128 1115 legitime

218 1135 579 1200 interrogante
609 1133 1075 1200 aequivocationes
1103 1151 1210 1183 non
1248 1142 1370 1183 sunt
1399 1132 1586 1184 licitae.
1655 1132 1933 1182 Praeterea
1969 1131 2129 1182 etiam

221 1225 373 1266 extra
431 1216 548 1266 illos
608 1232 762 1266 casus
818 1216 1102 1266 universim
1162 1216 1439 1282 requiritur
1493 1214 1899 1284 proportionate
1953 1213 2130 1284 gravis

220 1315 392 1360 causa,
435 1307 493 1348 ut
533 1298 707 1349 licitae
747 1299 993 1360 evadant,
1038 1298 1162 1365 quia
1203 1315 1271 1348 ex
1312 1298 1595 1348 temerario
1632 1314 1811 1347 earum
1841 1314 1937 1346 usu
1967 1312 2129 1362 grave

223 1381 598 1432 detrimentum
641 1381 692 1430 in
733 1382 1047 1431 societatem
1088 1380 1375 1431 humanam
1418 1380 1753 1430 redundaret.

223 1540 369 1591 302·
454 1545 554 1585 Obi.
590 1558 622 1585 ι.
697 1538 877 1584 Contra
922 1553 1103 1597 argum.
1143 1537 1181 1583 J
1197 1537 1372 1598 partis.
1444 1535 1764 1582 Probavimus
1812 1532 2127 1580 mendacium

216 1612 439 1659 illicitum
476 1628 581 1660 esse
619 1627 679 1660 ex
716 1627 801 1669 eo,
843 1613 978 1673 quod
1015 1613 1073 1660 sit
1109 1613 1288 1659 abusus
1324 1612 1604 1658 verborum.
1675 1610 1829 1671 Atqui
1860 1610 1958 1656 hoc
1994 1623 2134 1670 argu-

218 1696 436 1735 mentum
474 1703 575 1734 non
614 1696 685 1734 est
722 1688 909 1734 efficax.
972 1688 1144 1747 Ergo.
1178 1726 1183 1733 .
1217 1725 1224 1733 .
1282 1687 1423 1733 Proh.
1462 1687 1573 1732 min.
1645 1687 1784 1731 quta
1820 1683 1868 1731 S.
1903 1683 2130 1730 Thomam

222 1764 359 1810 «leve
409 1772 489 1809 aut
531 1763 718 1809 nullum
755 1771 826 1809 est
862 1773 1148 1824 peccatum,
1200 1762 1238 1809 si
1276 1760 1383 1822 quis
1421 1761 1584 1822 aliqua
1622 1759 1694 1807 sui
1731 1757 1954 1821 corporis
1990 1766 2129 1820 parte

217 1845 377 1884 utatur
412 1839 476 1885 ad
512 1837 658 1884 alium
694 1853 833 1884 usum
872 1853 1020 1898 quam
1058 1853 1183 1889 eum,
1224 1836 1287 1883 ad
1325 1851 1473 1896 quem
1510 1835 1569 1883 sit
1606 1834 1831 1882 ordinata
1856 1832 2128 1880 secundum

215 1921 468 1971 naturam;
517 1921 567 1959 ut
614 1912 652 1959 si
701 1912 808 1973 quis
845 1929 887 1959 v.
927 1928 971 1973 g.
1011 1912 1236 1958 manibus
1285 1910 1525 1967 ambulet,
1576 1919 1658 1956 aut
1696 1908 1906 1971 pedibus
1942 1906 2130 1968 aliquid

215 1996 445 2049 operetur
483 1988 709 2034 manibus
747 1987 1086 2048 operandum»
1119 1982 1193 2047 (C.
1221 1995 1353 2047 gent.
1386 1987 1414 2032 l.
1444 2001 1487 2045 3,
1528 2001 1568 2032 c.
1603 1980 1728 2045 122).
1782 1984 1922 2042 Ergo
1957 1999 1986 2029 a
2021 1981 2130 2044 pari

213 2064 399 2109 nullum
438 2071 510 2109 est
545 2071 806 2124 peccatum
843 2061 910 2109 uti
949 2062 1110 2108 verbis
1148 2062 1210 2108 ad
1249 2061 1395 2107 alium
1432 2076 1572 2107 usum
1610 2074 1758 2120 quam
1795 2058 1876 2118 qui
1903 2075 1931 2104 a
1955 2066 2129 2104 natura

214 2136 497 2184 intenditur.

292 2236 443 2284 Resp.
506 2227 639 2273 Cone.
669 2228 775 2272 Μαί.
834 2226 974 2284 A'egz)
1011 2226 1119 2272 min.
1175 2225 1261 2271 Ad
1289 2231 1382 2271 rat.
1411 2224 1556 2270 addit.
1584 2224 1688 2269 dist.
1716 2228 1859 2270 antec.
1879 2240 1893 2269 .·
1928 2222 2128 2268 Nullum

215 2311 286 2349 est
332 2310 594 2363 peccatum
641 2302 709 2347 uti
757 2300 980 2362 corporis
1018 2309 1157 2361 parte
1196 2300 1260 2346 ad
1297 2315 1451 2355 usum,
1491 2298 1575 2359 qui
1611 2313 1751 2345 usum
1788 2314 1817 2344 a
1852 2305 2027 2343 natura
2061 2295 2131 2342 in-

213 2385 401 2423 tentum
437 2392 537 2423 non
576 2376 797 2437 impedit,
837 2391 971 2431 cona,
1011 2375 1075 2421 ad
1111 2390 1265 2433 usum,
1317 2374 1401 2436 qui
1437 2389 1576 2420 usum
1613 2389 1642 2419 a
1677 2381 1851 2419 natura
1887 2371 2130 2418 intentum

213 2451 445 2512 impedit,
496 2450 784 2512 praesertim
826 2451 865 2497 si
906 2451 1064 2511 agitur
1100 2449 1163 2496 de
1199 2465 1288 2497 usu
1323 2447 1633 2505 necessario,
1682 2462 1809 2507 nego,
1880 2446 2012 2493 Dist.
2046 2453 2130 2507 pa-

213 2527 332 2572 riter
367 2541 483 2572 coles.
557 2525 761 2587 Proprie
800 2524 957 2571 dictus
995 2526 1165 2571 abusus
1210 2532 1328 2571 tunc
1365 2525 1523 2571 solum
1561 2523 1724 2579 adest,
1774 2521 1812 2568 si
1849 2520 2015 2582 aliqua
2050 2534 2127 2566 res

216 2600 474 2647 adhibetur
511 2601 574 2646 ad
611 2616 775 2657 usum,
831 2601 915 2660 qui
952 2615 1090 2646 usum
1127 2616 1156 2645 a
1191 2608 1365 2645 natura
1401 2598 1643 2645 intentum
1680 2595 1805 2643 tollit
1840 2597 1918 2642 vel
1955 2595 2129 2642 saltem

215 2675 435 2737 impedit.
508 2675 660 2735 Atym·
704 2675 811 2721 talis
860 2675 1037 2721 abusus
1084 2674 1291 2720 habetur
1339 2672 1389 2719 in
1436 2672 1728 2729 mendacio,
1778 2686 1883 2717 non
1920 2684 2039 2717 vero
2078 2668 2129 2715 in

216 2750 438 2811 quolibet
473 2765 561 2796 usu
598 2749 808 2810 partium
848 2748 1071 2809 corporis
1108 2757 1305 2810 praeter
1345 2763 1509 2804 usum,
1559 2746 1623 2793 ad
1661 2761 1809 2807 quem
1847 2745 2025 2792 eadem
2061 2758 2131 2790 se-

217 2824 433 2871 cundum
468 2832 694 2870 naturam
731 2822 967 2884 primario
1005 2823 1230 2870 ordinata
1269 2822 1339 2869 sit.
1368 2846 1433 2851 —
1465 2823 1578 2883 Ipse
1617 2822 1662 2867 S.
1690 2821 1910 2866 Thomas
1944 2817 2128 2879 ubique

217 2900 396 2947 eodem
445 2907 737 2959 argumento
784 2898 953 2956 utitur,
1006 2912 1104 2958 quo
1149 2913 1241 2944 nos
1277 2897 1350 2943 usi
1387 2911 1550 2943 sumus
1587 2895 1650 2942 ad
1688 2892 2130 2942 demonstrandum

216 2972 533 3021 mendacium
559 2973 744 3019 habere
777 2972 1227 3019 «inordinationem
1254 2969 1650 3032 inseparabiliter
1675 2983 1970 3016 annexam».
2021 2965 2134 3012 «Ad

215 3048 313 3095 hoc
357 3048 558 3094 inventa
594 3055 705 3094 sunt
740 3047 894 3093 verba
928 3047 1006 3093 vel
1042 3061 1219 3104 voces,
1267 3054 1320 3092 ut
1355 3045 1451 3092 sint
1487 3044 1626 3106 signa
1662 3043 1997 3090 intellectuum
2025 3079 2034 3088 .
2063 3079 2072 3088 .
2103 3078 2128 3098 .,

217 3132 266 3169 et
300 3122 415 3170 ideo
453 3121 656 3182 quando
693 3120 868 3181 aliquis
903 3135 1029 3167 voce
1067 3120 1311 3177 enuntiat,
1364 3119 1499 3180 quod
1535 3134 1639 3166 non
1674 3117 1826 3164 habet
1860 3116 1912 3163 in
1947 3122 2126 3172 mente,

219 3197 354 3258 quod
401 3196 692 3257 importatur
738 3195 789 3241 in
837 3195 1039 3242 nomine
1077 3193 1351 3252 mendacii,
1401 3201 1474 3240 est
1508 3192 1577 3240 ibi
1612 3192 1902 3239 inordinatio
1925 3197 2022 3253 per
2054 3189 2128 3235 ab-

219 3287 353 3318 usum
387 3272 522 3326 vocis,
562 3279 610 3318 et
645 3269 760 3316 ideo
798 3268 1134 3327 concedimus,
1174 3268 1310 3329 quod
1346 3267 1661 3315 mendacium
1697 3280 1894 3327 semper
1921 3272 1995 3312 est
2017 3277 2129 3326 pec-

223 3355 413 3392 catum»
457 3341 715 3404 (Quodlib.
744 3346 787 3400 8,
827 3359 869 3390 a.
902 3338 995 3403 14).
1055 3344 1262 3390 Iterum:
1307 3341 1653 3402 «Ubicumque
1691 3349 1762 3388 est
1797 3336 2127 3394 mendacium,
