2182 3682
196 151 260 214 56
595 159 708 187 PARS
743 159 770 188 1.
824 158 1137 187 PHILOSOPHIA
1170 158 1375 187 MORALIS
1411 158 1688 188 GENERALIS.

191 313 328 361 quae
368 294 543 344 solum
572 301 830 344 vocantur
870 292 1098 343 morales
1138 301 1360 360 propter
1392 295 1650 356 ordinem,
1695 311 1855 361 quem
1895 293 2097 345 habent

189 378 258 427 ad
311 385 460 427 actus
510 376 766 437 moraleS,
820 394 866 426 v.
912 393 963 442 g.
1008 375 1249 435 habitus,
1304 375 1436 426 aliae
1475 393 1603 426 vero
1643 375 1770 426 nihil
1811 376 2096 443 physicum

190 467 339 520 sunt,
393 459 489 509 sed
541 458 717 509 solum
770 459 1233 508 denominationes
1279 475 1373 508 seu
1414 458 1723 521 relationeS,
1778 475 1912 525 quas
1951 458 2096 509 intel-

190 541 360 592 lectus
411 542 600 608 positis
653 541 975 607 quibusdam
1028 540 1437 591 condicionibus
1488 541 1787 592 necessario
1844 542 2094 608 concipit,

189 642 236 674 v.
281 622 332 690 g
377 623 635 689 obligatio
677 632 802 689 post
842 623 1027 672 initum
1069 630 1409 673 contractum
1449 639 1672 675 manens
1712 621 1943 688 (Suarez
1982 622 2014 674 l.
2049 640 2094 675 c.

189 714 316 756 sect.
363 707 430 771 3).

149 872 155 877 κ
193 830 295 896 58,
376 830 552 882 schol.
587 847 633 880 J.
707 830 757 881 S.
799 831 1039 881 Thomas
1068 831 1277 881 dicens:
1317 831 1444 881 «Est
1472 840 1624 882 actus
1652 832 1840 899 aliquis
1867 833 2101 883 moralis

188 932 285 981 per
336 914 466 976 hoc,
523 914 669 980 quod
726 921 807 963 est
858 931 888 962 a
941 914 1143 963 ratione
1192 922 1245 963 et
1285 913 1562 964 voluntate
1604 915 1876 965 ordinatus
1917 922 1971 964 et
2009 915 2099 965 im-

190 1005 436 1063 peratus»
486 996 592 1060 (De
633 995 774 1046 malo
817 1013 866 1062 q.
914 1008 959 1059 7,
1004 1013 1047 1045 a.
1095 997 1162 1061 6),
1206 996 1290 1046 vel
1332 998 1493 1046 etiam
1533 1005 1683 1047 actus
1723 1004 1845 1047 sunt
1881 997 2101 1047 humani

173 1097 283 1150 ‚seu
324 1081 568 1140 morales,
620 1079 701 1128 «in
745 1088 1005 1145 quantum
1046 1079 1350 1144 procedunt
1390 1096 1419 1128 a
1451 1079 1729 1130 voluntate
1770 1078 2093 1130 deliberata»

191 1162 235 1225 (Ι
261 1203 271 1220 ,
318 1175 374 1223 2,
420 1179 468 1227 q.
522 1176 575 1223 Ι,
620 1178 664 1211 a.
718 1162 789 1226 Ι),
833 1162 916 1211 vel
966 1161 1290 1211 «secundum
1333 1162 1480 1227 quod
1522 1162 1858 1228 aliquatenus
1898 1163 2101 1212 ratione

190 1245 558 1294 deducuntur»
619 1245 697 1308 (ln
741 1258 799 1305 2,
853 1244 971 1293 dist.
1015 1257 1114 1305 40,
1171 1261 1220 1309 q.
1273 1259 1325 1304 1,
1381 1261 1424 1294 a.
1475 1245 1552 1308 5),
1609 1262 1663 1294 re
1703 1261 1733 1294 a
1784 1245 1941 1295 nobis
1992 1262 2100 1294 non

191 1327 381 1377 differt.
475 1327 614 1375 Nam
670 1327 797 1376 satis
848 1326 1014 1375 innuit
1068 1325 1424 1375 moralitatem
1481 1327 1772 1376 consistere
1826 1327 1878 1376 in
1935 1326 2100 1377 modo

191 1409 446 1474 quodam,
498 1426 606 1475 quo
648 1418 798 1458 actus
841 1426 870 1457 a
912 1408 1115 1458 ratione
1158 1408 1420 1474 dirigente
1461 1417 1514 1458 et
1553 1408 1830 1459 voluntate
1872 1409 2102 1475 eligente

189 1500 415 1540 emanat.
498 1491 792 1541 Nobiscum
849 1491 1008 1540 etiam
1062 1491 1256 1540 sentire
1298 1491 1543 1540 videntur
1593 1491 1694 1553 illi,
1751 1491 1843 1557 qui
1894 1491 2099 1542 morali-

189 1582 352 1623 tatem
406 1574 457 1623 in
499 1573 744 1623 libertate
785 1574 1076 1623 consistere
1118 1582 1341 1639 ponunt.
1424 1573 1564 1623 Nam
1607 1573 1846 1640 plerique
1887 1574 2096 1624 addunt

189 1657 482 1717 actionem,
543 1664 597 1705 ut
648 1656 715 1705 sit
766 1655 1006 1717 moraliS,
1063 1656 1261 1706 debere
1313 1674 1429 1706 esse
1489 1655 1708 1706 liberam
1748 1657 1987 1723 praecise
2026 1674 2100 1707 se-

189 1738 427 1788 cundum
478 1739 777 1788 bonitatem
816 1738 900 1788 vel
950 1737 1203 1789 malitiam
1258 1739 1468 1789 obiecti.
1550 1739 1743 1806 Neque
1785 1739 2015 1805 denique
2066 1756 2098 1789 a

189 1821 344 1870 nobis
386 1821 594 1871 differre
633 1822 881 1870 videntur
921 1822 1011 1887 qui
1063 1820 1418 1871 moralitatem
1471 1822 1760 1872 consistere
1814 1822 1999 1872 dicunt
2044 1821 2095 1872 in

190 1902 353 1953 libera
403 1912 554 1953 actus
596 1904 870 1954 tendentia
911 1904 961 1953 in
1004 1903 1303 1965 obiectum,
1358 1912 1517 1970 prout
1558 1904 1742 1954 subest
1783 1904 1970 1954 rationi
2012 1905 2099 1955 ad-

188 1987 415 2036 vertenti
467 1987 536 2036 ad
586 1985 824 2052 regulam
867 2003 1105 2047 morum,
1162 1987 1257 2035 sed
1299 1987 1349 2035 in
1392 1986 1491 2036 hac
1532 1987 1796 2037 sententia
1836 1985 2100 2037 difficilius

190 2067 514 2134 explicatur,
560 2069 837 2135 quomodo
880 2086 1025 2118 mera
1067 2069 1285 2118 omissio
1326 2070 1495 2134 possit
1534 2070 1715 2119 vocari
1755 2069 1983 2120 moralis.
2025 2101 2099 2106 -—

191 2150 297 2216 Qui
361 2151 543 2201 dicunt
606 2152 962 2201 moralitatem
1017 2151 1307 2201 consistere
1364 2151 1415 2200 in
1471 2151 1877 2216 agulabz‘lz'tate
1929 2159 2095 2213 actuS,

189 2250 297 2282 non
348 2233 475 2283 satis
530 2234 778 2283 distincte
831 2233 1146 2299 loquuntur,
1202 2250 1325 2283 nam
1382 2234 1680 2284 accuratius
1721 2233 2100 2300 explicandum

190 2324 366 2376 restat,
411 2316 463 2365 in
504 2332 735 2381 quanam
779 2333 832 2365 re
875 2316 1131 2366 consistat
1172 2315 1258 2364 illa
1299 2315 1677 2382 regulabilitas.

194 2451 291 2505 59.
375 2440 550 2491 Sclcol.
583 2457 630 2491 2.
701 2441 838 2492 Cum
867 2442 1166 2492 moralitate
1194 2442 1376 2492 intime
1405 2442 1659 2492 cohaeret
1685 2441 2094 2508 z'mputabz'lz'tas.

190 2523 480 2589 llllpmaz‘l'o
521 2533 601 2574 est
652 2525 931 2586 iudicium,
989 2542 1094 2590 quo
1148 2533 1299 2574 actus
1339 2523 1492 2574 alicui
1532 2524 1778 2574 subiecto
1819 2532 2098 2591 tamquam

189 2606 406 2672 proprio
459 2605 594 2655 illius
646 2607 849 2656 auctori
901 2607 1161 2656 tribuitur.
1242 2605 1647 2670 Imputabilitas
1686 2623 1817 2671 ergo
1859 2613 1940 2656 est
1979 2623 2097 2672 pro-

191 2688 386 2754 prietas
427 2689 672 2750 actionis,
716 2689 767 2737 vi
807 2689 957 2738 cuius
996 2688 1082 2738 illa
1124 2688 1278 2738 alicui
1319 2697 1595 2753 tamquam
1635 2688 1853 2754 proprio
1894 2688 2096 2738 auctori

189 2771 436 2836 imputari
474 2771 658 2836 possit.
726 2770 838 2820 Iam
876 2771 919 2820 si
958 2771 1241 2836 quaeritur,
1287 2787 1553 2836 quaenam
1580 2770 1646 2819 sit
1683 2769 1917 2819 formalis
1945 2770 2094 2831 ratio,

192 2869 285 2902 cur
323 2852 525 2901 homini
559 2861 707 2902 actus
736 2862 794 2902 ut
820 2853 950 2902 boni
977 2852 1060 2902 vel
1089 2852 1227 2913 mali,
1271 2851 1565 2902 laudabiles
1591 2851 1675 2901 vel
1702 2851 2093 2918 vituperabiles,

191 2935 442 2983 meritorii
481 2933 564 2983 vel
607 2935 930 2984 demeritorii
969 2935 1218 3001 imputari
1258 2935 1492 3001 possint,
1537 2933 1975 3000 respondendum
2016 2941 2097 2984 est

192 3033 308 3065 esse
358 3017 530 3082 ipsam
572 3016 943 3067 moralitatem.
1025 3017 1167 3066 Nam
1206 3017 1261 3066 id
1303 3023 1384 3066 est
1423 3015 1557 3066 ratio
1599 3014 1833 3065 formalis
1873 3015 2094 3081 imputa-

190 3097 406 3147 bilitatis
447 3107 691 3164 respectu
731 3098 923 3148 horum
961 3099 1354 3159 attributorum,
1397 3099 1447 3148 vi
1475 3098 1622 3148 cuius
1650 3097 1816 3146 homo
1846 3097 2096 3147 dominus

191 3180 414 3229 actionis
468 3197 595 3229 suae
652 3190 703 3229 et
759 3181 999 3230 eiusdem
1054 3182 1427 3230 attributorum
1483 3179 1833 3229 constituitur.
1925 3178 2096 3244 Atqui

192 3256 357 3311 horno
408 3270 695 3328 propterea
748 3261 1037 3312 formaliter
1089 3263 1338 3312 dominus
1390 3271 1444 3311 et
1483 3270 1669 3311 auctor
1706 3278 1834 3311 suae
1873 3261 2096 3310 actionis

194 3360 315 3394 cum
357 3344 595 3396 eiusdem
636 3344 902 3395 attributis
943 3345 1146 3411 censeri
1186 3345 1364 3405 debet,
1409 3344 1531 3410 quia
1565 3359 1687 3394 eam
1729 3360 1852 3393 cum
1880 3341 2095 3392 rationis
