2182 3682
496 226 582 255 LIB.
618 225 646 256 1.
692 225 793 255 CAP.
824 224 885 254 IV.
931 223 994 252 DE
1026 223 1138 251 IURE
1171 221 1520 252 PROPRIETATIS.
1854 224 1959 274 309

63 360 372 415 instabilitas
413 368 464 410 et
507 359 779 410 fluctuatio
822 358 1088 408 bonorum
1130 355 1198 405 ab
1239 371 1343 404 una
1383 372 1611 421 persona
1643 355 1725 405 vel
1768 355 1961 406 familia

59 447 110 497 in
149 443 289 494 alias,

138 532 328 597 Neque
369 530 514 580 dicas
557 544 600 593 3.
646 528 827 594 legum
868 527 1097 578 civilium
1137 543 1251 576 esse
1293 526 1537 575 ordinare
1569 526 1960 576 successionem

66 613 449 665 hereditariam.
530 611 669 661 Nam
722 612 802 661 ius
853 609 1192 676 proprietatis
1231 616 1312 658 est
1350 608 1428 657 ius
1468 607 1706 657 naturale
1747 616 1799 656 et
1840 625 1961 657 cum

67 695 374 747 exsistentia
414 710 761 760 personarum
801 700 854 742 et
895 690 1207 741 familiarum
1247 690 1430 740 intime
1471 689 1736 739 cohaeret.
1816 689 1962 755 Ergo

5 834 10 838 ,
65 778 200 829 sicut
257 793 519 842 personae
577 775 881 824 individuae
941 780 994 823 et
1052 772 1277 822 familiae
1335 778 1460 822 sunt
1517 772 1772 821 societate
1829 770 1963 821 civili

64 859 405 925 antiquiores,
460 858 532 908 ita
572 858 731 907 etiam
782 857 861 906 ius
913 855 1250 922 proprietatis
1290 855 1654 904 exsistentiam
1695 854 1963 903 societatis

66 941 226 992 civilis
283 940 578 990 antevertit.
677 938 945 1004 Quocirca
1002 937 1300 987 secundum
1360 935 1656 986 essentialia
1715 935 1964 1001 requisita

64 1024 166 1074 iam
217 1039 312 1089 per
350 1039 408 1071 se
448 1028 501 1071 et
551 1020 854 1071 naturaliter
894 1019 1220 1086 completum
1269 1036 1384 1068 esse
1426 1018 1603 1067 debet.
1684 1017 1855 1083 Atqui
1895 1017 1962 1066 ad

64 1105 194 1155 haec
246 1103 543 1154 essentialia
598 1103 848 1169 requisita
902 1103 1131 1168 pertinet
1186 1101 1264 1150 ius
1320 1099 1637 1166 designandi
1691 1099 1960 1160 heredem,

63 1195 121 1237 ut
170 1187 336 1236 modo
378 1193 650 1236 ostensum
691 1193 785 1235 est.
865 1184 1104 1234 Tenetur
1143 1200 1273 1248 ergo
1320 1182 1606 1232 auctoritas
1647 1181 1808 1231 civilis
1858 1181 1963 1231 hoc

61 1270 139 1319 ius
179 1285 490 1333 agnoscere,
534 1268 774 1334 quamvis
815 1267 984 1332 possit
1023 1265 1173 1326 illud,
1218 1267 1353 1315 sicut
1394 1265 1687 1330 generatim
1728 1264 1808 1313 ius
1848 1281 1963 1329 pro-

64 1351 314 1417 prietatis,
345 1351 642 1400 accuratius
672 1349 1023 1399 determinare
1046 1356 1098 1398 et
1127 1347 1308 1398 formis
1336 1346 1595 1412 legalibus
1617 1347 1959 1412 adstringere.

64 1433 201 1482 Dein
243 1449 467 1498 quaero:
512 1432 762 1481 Debetne
804 1431 892 1480 lex
931 1430 1094 1481 civilis
1140 1446 1433 1495 agnoscere
1461 1428 1692 1494 aliquam
1722 1445 1963 1478 normam

64 1515 382 1564 obiectivam
436 1515 545 1563 iure
597 1523 814 1563 naturae
855 1513 1111 1573 validam,
1167 1530 1231 1561 an
1284 1519 1464 1578 potest
1504 1511 1826 1560 hereditates
1867 1529 1963 1577 pro

63 1597 315 1647 arbitratu
356 1614 454 1646 suo
496 1595 840 1646 distribuere?
917 1595 971 1646 Si
1024 1595 1277 1661 primum,
1333 1595 1435 1643 iam
1477 1593 1856 1643 antecedenter
1895 1594 1963 1642 ad

65 1678 239 1744 legem
280 1678 487 1729 civilem
527 1679 680 1728 adest
719 1679 796 1727 ius
837 1678 1238 1738 hcreditarium3
1282 1678 1325 1725 si
1365 1676 1604 1735 alterum,
1649 1676 1766 1741 quis
1806 1675 1966 1725 vellet

64 1761 206 1811 bona
256 1779 352 1810 sua
403 1779 570 1827 usque
622 1761 690 1810 ad
743 1769 968 1809 mortem
1022 1777 1361 1819 conservare,
1418 1776 1538 1808 cum
1591 1757 1737 1822 leges
1789 1757 1966 1807 civiles

65 1844 201 1894 adeo
244 1842 395 1893 facile
436 1842 718 1893 mutabiles
758 1850 978 1909 possent
1014 1842 1082 1892 ad
1125 1841 1398 1891 libidinem
1428 1841 1495 1890 de
1523 1839 1621 1890 illis
1651 1839 1965 1906 disponere?

68 2001 212 2053 399.
293 1991 482 2057 Neque
524 1992 668 2041 dicas
709 2006 756 2054 4.
801 2009 869 2041 ex
896 2000 1229 2057 argumentO,
1273 1990 1581 2056 praesertim
1611 1989 1722 2039 eius
1763 1997 1963 2055 puncto

61 2073 327 2135 secundo,
381 2073 554 2123 solum
605 2075 755 2140 sequi
794 2074 1171 2124 successionem
1213 2073 1278 2122 ab
1319 2073 1563 2122 insessam
1606 2072 1802 2121 debere
1850 2088 1964 2121 esse

63 2155 172 2205 iure
212 2164 430 2205 naturae
470 2155 716 2207 validam.
793 2157 933 2206 Nam
975 2156 1024 2219 a)
1067 2155 1215 2205 multi
1257 2155 1510 2219 coniuges
1551 2154 1726 2204 liberis
1767 2161 1961 2214 carent,

63 2238 226 2287 immo
269 2238 491 2288 sortasse
532 2256 636 2288 non
680 2238 882 2288 habent
922 2239 1278 2305 propinquos3
1324 2255 1459 2303 opus
1489 2246 1567 2286 est
1609 2254 1754 2302 ergo,
1798 2243 1856 2285 ut
1895 2235 1967 2285 illi

63 2319 250 2370 saltem
314 2338 408 2387 per
471 2320 710 2370 ultimam
773 2320 1105 2371 voluntatem
1165 2321 1232 2370 dc
1297 2321 1452 2370 bonis
1515 2320 1621 2369 suis
1683 2320 1965 2385 disponere

63 2402 293 2467 possint,
344 2403 439 2453 nisi
478 2419 713 2452 asserere
753 2403 881 2453 velis
922 2404 1292 2453 auctoritatem
1335 2401 1541 2452 civilem
1583 2419 1742 2468 posse
1783 2418 1963 2451 eorum

63 2483 207 2534 bona
247 2485 377 2535 fisco
419 2502 684 2551 occupare
725 2494 777 2535 et
817 2487 889 2535 ita
928 2485 1165 2546 efficere,
1221 2493 1279 2535 ut
1319 2485 1649 2551 proprietarii
1689 2484 1832 2533 bona
1871 2500 1967 2533 sua

64 2575 185 2616 ante
239 2575 465 2617 mortem
519 2567 830 2634 dilapident.
911 2568 1189 2618 Praeterea
1241 2568 1295 2631 b)
1337 2568 1379 2617 si
1430 2568 1539 2616 iure
1591 2575 1807 2616 naturae
1854 2583 1964 2615 suc-

65 2649 233 2699 cessio
274 2650 342 2700 ab
371 2650 623 2700 intestato
653 2648 829 2700 locum
872 2650 1070 2700 habere
1099 2650 1277 2711 debet,
1321 2650 1559 2715 sequitur
1587 2656 1963 2699 testamentum

63 2729 156 2780 iuri
196 2740 414 2781 naturae
455 2749 779 2798 repugnare,
834 2733 984 2799 quod
1024 2732 1319 2782 absurdum
1360 2732 1593 2793 videtur,
1650 2748 1769 2781 cum
1812 2740 1964 2780 testa-

65 2821 300 2863 mentum
356 2814 501 2880 apud
561 2813 842 2882 plerasque
899 2823 1087 2880 gentes
1141 2832 1354 2881 semper
1409 2815 1648 2880 agnitum
1706 2813 1858 2862 fuerit
1913 2822 1965 2862 et

64 2893 223 2944 hodie
265 2912 483 2962 quoque
511 2906 856 2962 agnoscatur;
901 2904 1208 2963 sequeretur
1248 2897 1462 2962 insuper
1489 2895 1572 2946 vel
1613 2895 1963 2945 hereditatem

64 2978 360 3027 necessario
416 2978 552 3027 inter
606 2996 794 3028 omnes
849 2978 1044 3029 liberos
1095 2997 1165 3029 ex
1216 2996 1391 3045 aequo
1449 2996 1563 3028 esse
1620 2976 1963 3027 dividendam

65 3056 146 3107 vel
186 3075 304 3108 eam
344 3067 513 3109 totam
556 3060 912 3126 primogenito
955 3078 1070 3111 esse
1112 3061 1535 3121 concedendam,
1580 3060 1725 3125 quod
1768 3067 1962 3108 utrum-

65 3155 168 3204 que
217 3141 426 3191 videtur
476 3143 852 3193 inconveniens
904 3152 956 3193 et
1008 3145 1281 3194 communi
1335 3143 1611 3193 hominum
1663 3142 1839 3191 sensui
1890 3158 1962 3190 re-

65 3237 326 3287 pugnans,

137 3307 192 3360 Si
232 3328 361 3377 ergo
403 3330 485 3362 res
526 3321 668 3363 recte
709 3314 1101 3375 consideratur,
1146 3315 1317 3381 primo
1359 3323 1412 3364 et
1452 3330 1547 3380 per
1585 3331 1641 3362 se
1681 3319 1959 3379 parentum

60 3399 144 3442 est
197 3410 292 3458 per
345 3393 584 3444 ultimam
638 3394 971 3446 voluntatem
1027 3396 1276 3462 explicite
1333 3396 1684 3446 determinare
1739 3394 1960 3444 modum
