2182 3682
224 162 326 198 222
631 161 743 190 PARS
778 161 825 190 11.
875 162 1187 191 PHILOSOPHIA
1221 162 1426 192 MORALIS
1462 163 1711 193 SPEciALis.

220 296 460 347 Etenim:
512 312 552 347 1.
595 299 640 347 si
680 298 862 364 religio
903 299 1161 365 accipitur
1202 315 1299 363 pro
1341 298 1479 348 cultu
1519 307 1571 348 et
1608 299 1850 366 obsequio
1881 300 1997 351 Dei
2032 317 2126 351 seu

220 396 318 445 pro
372 379 663 445 complexu
704 381 1004 431 officiorum
1045 397 1171 446 erga
1211 380 1418 442 Deum,
1474 389 1556 431 est
1584 390 1730 447 pars
1769 400 1939 450 eaque
1979 401 2125 450 prae-

220 462 377 527 cipua
417 462 617 512 ordinis
656 462 870 513 moralis
910 481 1004 512 seu
1047 462 1344 513 officiorum
1385 462 1518 530 legis
1559 463 1834 527 naturalis;

297 564 343 601 2.
397 551 441 601 si
491 570 618 602 vero
660 553 845 619 religio
892 553 1115 602 sumitur
1164 570 1262 618 pro
1304 552 1580 618 complexu
1621 554 1937 616 veritatum,
1991 572 2127 621 quae

219 632 448 683 hominis
500 634 568 684 ad
609 635 786 685 Deum
839 634 1150 684 relationem
1202 635 1501 696 enuntiant,
1557 644 1610 685 et
1661 636 1963 703 officiorum
2005 637 2128 687 inde

219 716 584 777 manantium,
637 718 828 767 eadem
880 725 1155 783 praeterea
1195 725 1275 766 est
1311 717 1732 781 fimdamentmn
1773 720 2128 769 necessarium

219 797 382 847 totius
435 799 633 848 ordinis
685 799 916 849 moralis.
998 799 1148 849 Deus
1201 799 1338 848 enim
1383 810 1463 849 est
1514 799 1727 850 ultimus
1749 801 1891 867 finis
1930 802 2128 852 ordinis

219 879 433 930 moralis
480 880 550 944 (n.
595 881 807 947 6sqq);
862 882 965 931 Dei
1018 882 1247 931 essentia
1299 890 1379 930 est
1430 900 1624 932 norma
1676 882 1887 946 ultima,
1941 901 1972 934 a
2023 901 2128 950 qua

219 963 354 1012 ordo
407 962 621 1013 moralis
672 963 837 1014 habet
888 981 1037 1013 suam
1087 964 1610 1029 cognoscibilitatem
1651 974 1704 1015 et
1755 967 2128 1017 necessitatem

218 1044 286 1108 (n.
321 1056 382 1108 71
418 1046 569 1112 sqq);
613 1046 717 1096 Dei
757 1046 1005 1096 voluntas
1045 1053 1126 1096 est
1167 1063 1327 1095 causa
1368 1046 1716 1113 obligationis
1755 1048 1824 1113 (n.
1877 1051 1976 1112 158
2004 1049 2129 1116 sqq)

219 1135 270 1176 et
315 1128 608 1178 sanctionis
660 1129 727 1193 (n.
793 1129 890 1179 168
932 1130 1055 1195 sqq)
1109 1146 1207 1194 pro
1260 1136 1376 1178 toto
1431 1130 1617 1179 ordine
1669 1130 1855 1181 morali
1907 1139 1960 1181 et
2011 1131 2130 1182 fons

219 1209 458 1259 omnium
508 1211 694 1260 iurium
737 1212 806 1275 (n.
853 1212 1008 1274 241),
1065 1228 1173 1277 quo
1228 1209 1510 1261 deficiente
1563 1212 1704 1263 nulla
1745 1213 2004 1280 obligatio
2044 1213 2130 1264 vel

218 1292 421 1341 sanctio
462 1292 730 1343 sufficiens
770 1302 822 1343 et
862 1294 1062 1344 nullum
1103 1294 1182 1343 ius
1224 1293 1517 1345 exsisteret.

298 1387 497 1439 Coroll.
543 1389 592 1440 ό.
646 1391 793 1456 Ergo
837 1391 1009 1441 cultus
1051 1400 1303 1444 externus
1344 1412 1439 1461 per
1478 1410 1535 1443 se
1575 1394 1689 1459 ipse
1730 1393 1851 1444 Deo
1894 1393 2123 1455 debitus,

218 1488 324 1520 non
353 1471 528 1521 solum
569 1482 790 1538 propter
821 1473 1112 1524 fovendum
1139 1476 1403 1526 internum
1433 1475 1774 1526 adhibendus
1802 1484 1897 1527 est.
1953 1475 2126 1526 Immo

219 1553 336 1603 finis
385 1555 663 1620 primarius
715 1555 887 1606 cultus
938 1557 1097 1606 etiam
1150 1561 1353 1609 externi
1407 1568 1487 1608 est
1537 1558 1845 1608 immediate
1886 1558 1990 1608 Dei
2040 1576 2126 1608 ex-

219 1634 462 1686 cellentia
502 1636 832 1689 honoranda.
891 1639 1032 1689 Hinc
1074 1641 1232 1690 etiam
1275 1640 1497 1707 colliges
1538 1641 1813 1702 rationem,
1859 1658 1949 1691 cur
1975 1640 2128 1690 Deus

218 1734 248 1767 a
289 1719 443 1768 nobis
483 1720 719 1786 postulet
761 1721 986 1783 cultum,
1032 1740 1139 1772 non
1181 1741 1297 1774 esse
1338 1725 1459 1790 quia
1500 1741 1564 1773 eo
1606 1723 1825 1789 indiget,
1867 1724 1963 1773 sed
2006 1724 2128 1790 quia

219 1818 317 1850 nos
358 1819 422 1851 eo
464 1803 794 1868 indigemus,
850 1813 904 1854 et
943 1806 1176 1855 maxime
1219 1807 1342 1872 quia
1389 1808 1500 1856 eius
1540 1806 1800 1871 sapientia
1840 1814 1893 1856 et
1930 1806 2128 1856 iustitia

218 1883 472 1949 postulat,
516 1894 574 1934 ut
614 1886 727 1951 ipse
768 1895 1044 1952 tamquam
1086 1888 1404 1954 principium
1431 1897 1484 1939 et
1525 1888 1640 1938 finis
1673 1889 1913 1938 omnium
1953 1905 2125 1939 rerum

217 1966 435 2031 speciali
486 1968 653 2017 modo
706 1968 1014 2020 honoretur.
1099 1969 1175 2020 Cf.
1221 1969 1274 2021 S.
1329 1971 1514 2021 Tlcom.
1561 1984 1616 2032 2,
1671 1985 1718 2031 2,
1762 1988 1811 2037 q.
1859 1972 1954 2032 81,
2005 1989 2049 2022 3.
2095 1971 2128 2021 6

219 2048 287 2097 ad
331 2062 388 2098 2:
449 2050 602 2100 «Deo
655 2068 762 2100 non
816 2051 1099 2102 exhibetur
1150 2052 1350 2119 aliquid
1403 2062 1624 2120 propter
1667 2054 1778 2103 eius
1829 2053 2126 2116 utilitatem,

218 2131 314 2180 sed
355 2140 576 2198 propter
617 2134 728 2183 eius
770 2133 1010 2199 gloriam,
1054 2144 1293 2186 nostram
1334 2144 1515 2186 autem
1556 2136 1889 2186 utilitatem.»

222 2281 369 2335 274.
451 2271 625 2323 Schol.
671 2289 719 2323 I.
800 2275 965 2325 Actus
1017 2275 1305 2341 religionis
1355 2275 1438 2325 alii
1490 2283 1612 2325 sunt
1664 2276 1855 2338 eliciti,
1909 2274 1993 2325 alii
2032 2276 2126 2326 im-

208 2354 410 2419 perati.
493 2354 667 2406 Actus
719 2357 962 2423 imperati
1012 2358 1203 2408 iterum
1250 2358 1663 2408 subdividuntur
1709 2359 1760 2408 in
1802 2357 2034 2408 mediate
2075 2366 2127 2408 et

219 2436 525 2487 immediate
587 2439 890 2504 imperatos.
992 2440 1253 2489 Nimirum
1326 2455 1365 2490 Ι.
1426 2441 1691 2506 quosdam
1753 2449 1903 2490 actus
1963 2441 2129 2490 virtus

220 2518 487 2584 religionis
526 2521 641 2586 ipsa
681 2521 839 2583 elicit,
883 2530 936 2572 et
976 2530 1122 2573 sunt:
1165 2523 1216 2586 3)
1258 2540 1409 2572 311101
1447 2522 1756 2584 honestatis,
1800 2539 1937 2589 quae
1968 2523 2020 2572 in
2061 2540 2126 2572 eo

221 2600 416 2672 elucet,
459 2611 517 2651 ut
558 2602 679 2652 Deo
720 2621 972 2670 supremo
1016 2605 1255 2654 omnium
1295 2605 1554 2671 principio
1597 2611 1650 2655 et
1690 2605 1911 2655 domino
1952 2605 2128 2655 cultus

221 2683 559 2745 exhibeatur,
603 2685 658 2750 1))
699 2687 1034 2752 propositum
1073 2686 1213 2737 hunc
1252 2686 1452 2736 cultum
1493 2686 1805 2748 exhibendi,
1849 2688 1898 2753 6)
1938 2687 2127 2738 electio

221 2766 384 2831 signi,
439 2783 545 2832 quo
598 2767 738 2817 1111116
791 2767 991 2817 6111111111
1045 2769 1421 2831 exhibeamus3
1480 2783 1525 2819 2.
1572 2768 1703 2819 alios
1754 2778 1903 2820 361115
1943 2769 2126 2836 religio

221 2848 471 2913 imperat,
514 2848 565 2897 in
608 2858 867 2915 quantum
908 2850 1035 2900 alias
1076 2852 1310 2912 virtuteS‚
1353 2869 1400 2902 V.
1433 2868 1483 2916 g.
1528 2868 1782 2914 amorem,
1825 2869 1976 2919 spem
2006 2859 2125 2914 etc.,

222 2930 291 2979 ad
331 2947 455 2980 suos
496 2938 646 2980 actus
687 2949 756 2980 ex
795 2933 1021 2998 propriis
1062 2934 1273 2984 motivis
1313 2932 1603 2983 eliciendos
1644 2942 1840 2984 movet.
1897 2934 1970 2984 Hi
2004 2942 2129 2984 sunt

223 3021 373 3062 actus
412 3013 644 3063 772ediate
685 3014 956 3078 imperati,
999 3016 1122 3080 quia
1163 3033 1192 3064 a
1233 3014 1488 3082 religione
1528 3017 1830 3082 procedunt
1861 3016 2129 3066 mediante

222 3094 323 3144 alia
361 3096 578 3157 virtute;
622 3111 669 3158 4.
714 3095 798 3145 alii
839 3097 1071 3164 denique
1111 3106 1259 3147 361115
1300 3115 1330 3147 3
1371 3097 1624 3164 religione
1660 3116 1730 3148 ex
1769 3116 1867 3148 suo
1907 3099 2126 3165 proprio

224 3178 425 3227 motivo
466 3178 814 3244 imperantur,
858 3179 986 3244 quin
1027 3178 1127 3229 alia
1165 3180 1357 3229 virtute
1398 3188 1590 3230 utatur.
1670 3180 1741 3230 Et
1780 3179 1832 3230 hi
1871 3188 2130 3231 vocantur

225 3267 374 3309 361115
414 3260 725 3310 immediate
764 3260 1036 3326 imperati.
1116 3261 1209 3311 Ad
1251 3279 1344 3312 eos
1395 3262 1649 3328 pertinet:
1704 3263 1755 3326 a)
1795 3263 2035 3313 adoratio
2076 3270 2129 3311 et

224 3341 566 3404 sacrificium,
622 3342 678 3407 b)
720 3343 916 3404 oratio,
961 3344 1009 3408 6)
1052 3344 1343 3393 reverentia
1383 3361 1557 3393 rerum
1598 3345 1719 3394 Deo
1761 3353 1814 3394 et
1853 3344 2014 3394 cultui
2054 3344 2126 3394 di-
