2182 3682
207 169 310 220 322
603 166 716 195 PARS
750 166 798 196 ΙΙ.
848 166 1165 196 PHILOSOPHIA
1198 165 1404 195 MORALIS
1440 166 1690 196 SPECIALIS.

205 302 367 352 bante
406 301 674 365 Ecclesia,
730 320 918 354 omnes
970 303 1077 354 fere
1129 304 1359 354 eandem
1404 303 1686 356 affirmant.
1767 305 1894 356 Non
1933 313 2113 356 tamen

205 384 394 433 iisdem
434 384 725 435 rationibus
764 385 1072 435 innituntur.

279 474 329 537 a)
389 474 645 525 Nonnulli
709 474 848 525 hanc
913 473 1200 525 liceitatem
1259 491 1289 524 a
1349 475 1702 541 dispositione
1759 475 1894 542 legis
1953 475 2115 526 civilis

204 556 493 607 deducunt.
576 557 768 607 Putant
815 556 906 607 scl.
951 557 1104 607 fenus
1144 557 1343 607 habere
1383 558 1647 608 rationem
1686 558 1909 624 praemii
1949 559 2113 608 cuius-

205 639 330 688 dam
370 657 401 689 a
439 640 677 706 principe
730 640 985 690 concessi.
1066 640 1202 689 Boni
1254 639 1455 706 publici
1506 640 1792 706 plurimum
1841 641 2110 701 interesse,
2168 691 2171 693 ,

203 739 270 771 ne
309 722 567 787 pecuniae
606 730 857 772 maneant
897 723 1101 772 otiosae
1128 723 1179 771 in
1209 722 1342 772 arcis
1368 721 1618 783 inclusae,
1660 723 1758 773 sed
1788 723 2112 773 commercio

202 805 491 854 tradantur.
572 804 703 854 Ideo
756 805 1048 871 principem
1103 805 1292 854 merito
1344 805 1404 854 iis
1456 806 1938 856 remunerationem
1991 822 2113 855 con-

203 887 394 936 cedere
445 903 633 952 posse,
688 887 779 953 qui
830 904 950 936 suas
1002 888 1254 953 pecunias
1306 887 1417 937 aliis
1469 896 1681 938 mutuas
1723 887 1866 938 dant.
1949 888 2112 937 Porro

202 986 434 1035 aequum
463 986 594 1030 esse,
640 977 695 1018 ut
735 968 840 1019 hoc
868 970 1165 1036 praemium
1193 970 1262 1020 ab
1291 969 1388 1020 illis
1416 969 1666 1032 solvatur,
1712 971 1802 1037 qui
1830 970 2111 1036 pecuniam

203 1060 388 1101 mutuo
430 1060 770 1118 acceperunt.

277 1141 333 1205 b)
375 1140 485 1190 Alii
535 1149 716 1191 autem
769 1140 1055 1192 liceitatem
1109 1149 1414 1192 contractus
1468 1141 1698 1192 fenebris
1750 1160 1820 1192 ex
1872 1143 1988 1209 ipsa
2028 1159 2113 1192 na-

200 1230 317 1273 tura
339 1224 598 1289 pecuniae
627 1223 893 1274 hodierna
920 1225 1173 1274 derivant.
1240 1222 1560 1275 Concedunt
1587 1225 1803 1291 quidem
1833 1226 2113 1291 pecuniam

204 1306 272 1355 de
312 1322 369 1355 se
410 1312 463 1355 et
504 1307 800 1371 generatim
843 1306 1119 1373 loquendo
1162 1324 1270 1356 non
1312 1324 1427 1357 esse
1469 1325 1580 1357 rem
1622 1307 1928 1373 frugiferam
1975 1324 2113 1357 eam-

202 1406 308 1454 que
348 1389 614 1454 prioribus
655 1390 988 1455 temporibus
1030 1390 1098 1439 de
1141 1389 1281 1439 facto
1322 1389 1482 1440 talem
1512 1408 1620 1440 non
1649 1389 1833 1454 fuisse3
1877 1398 2113 1440 attamen

203 1488 320 1521 eam
387 1488 455 1521 ex
520 1471 875 1537 peculiaribus
943 1472 1351 1523 condicionibus
1417 1474 1780 1523 oeconomicis
1845 1473 2114 1523 societatis

201 1553 491 1603 hodiernae
534 1554 943 1620 quodammodo
985 1564 1220 1605 mutasse
1248 1572 1396 1605 suam
1428 1564 1686 1617 naturam,
1729 1555 1800 1605 ita
1828 1563 1885 1605 ut
1914 1572 1995 1605 res
2028 1554 2112 1604 ali·

202 1654 311 1702 quo
364 1636 530 1686 modo
583 1636 830 1702 frugifera
882 1638 1121 1688 evaserit.
1214 1637 1371 1687 Hanc
1422 1639 1741 1688 sententiam
1792 1646 2003 1688 tuemur
2056 1645 2113 1687 ut

200 1719 474 1769 veriorem.
557 1719 790 1769 Nomine
816 1720 1037 1784 fruclzts
1073 1721 1333 1785 pecuniae
1373 1719 1546 1770 solum
1587 1719 1943 1787 intellegimus
1976 1719 2112 1770 utili·

201 1810 393 1862 tatem,
446 1819 608 1867 quani
651 1801 873 1867 quilibet
914 1820 1193 1868 possessor
1232 1804 1489 1869 pecuniae
1531 1821 1599 1853 ex
1640 1821 1703 1853 ea
1743 1804 2017 1869 percipere
2060 1809 2114 1851 et
2181 1795 2182 1845 ἶ

201 1901 297 1950 pro
340 1901 446 1950 qua
484 1884 584 1933 sibi
625 1886 1119 1950 compensationem
1164 1885 1437 1952 postulare
1478 1893 1685 1952 potest,
1743 1885 1784 1934 si
1829 1884 2112 1951 pecuniam

202 1966 271 2016 ad
312 1975 525 2033 tempus
565 1966 714 2016 alteri
755 1968 929 2018 tradit.

204 2108 352 2163 417.
431 2113 481 2161 4.
526 2099 678 2150 Haec
721 2101 1082 2150 controversia
1114 2109 1172 2150 ut
1200 2101 1387 2151 melius
1416 2101 1586 2150 dirimi
1615 2100 1801 2166 possit,
1847 2098 2110 2165 quaedam

203 2183 271 2232 de
311 2190 498 2232 natura
526 2183 789 2247 pecuniae
829 2183 1220 2248 praemittenda
1260 2193 1397 2233 sunt.

277 2273 328 2336 a)
371 2271 504 2322 Cum
559 2271 875 2338 plerumque
927 2290 1008 2322 res
1048 2272 1205 2322 valde
1256 2273 1651 2338 heterogeneae
1697 2272 1832 2321 inter
1871 2271 2116 2320 homines

204 2355 493 2421 permutari
544 2354 777 2416 soleant,
833 2372 1054 2404 necesse
1107 2362 1213 2416 est,
1269 2364 1326 2404 ut
1378 2354 1556 2420 aliqua
1597 2354 1801 2403 ratione
1842 2353 2116 2403 communi

203 2437 338 2487 inter
396 2453 452 2486 se
512 2436 847 2487 conveniant.
931 2437 1082 2487 Haec
1143 2438 1275 2487 ratio
1337 2437 1637 2487 communis
1690 2444 1914 2486 vocatur
1968 2435 2117 2485 valor

206 2520 635 2580 commutativus,
679 2520 767 2585 qui
810 2520 1190 2569 determinatur
1219 2519 1586 2586 comparando
1621 2519 1854 2568 diversas
1883 2534 1965 2567 res
1993 2535 2115 2567 cum

204 2601 383 2652 valore
424 2600 643 2652 alicuius
682 2603 769 2663 rei,
813 2618 952 2667 quae
987 2603 1259 2652 arbitrarie
1288 2620 1385 2669 pro
1414 2602 1614 2652 unitate
1641 2600 1878 2650 sumitur.
1948 2598 2117 2650 Valor

203 2685 276 2734 ita
317 2684 699 2733 determinatus
738 2693 961 2733 vocatur
989 2685 1244 2749 pretz'mn.
1315 2684 1403 2734 Sic
1443 2702 1488 2734 v.
1527 2700 1576 2749 g.
1620 2690 1898 2748 assumpto
1936 2681 2116 2731 valore

205 2766 358 2815 unius
387 2766 500 2815 ovis
528 2783 625 2831 pro
655 2766 857 2815 unitate
886 2767 953 2815 ad
983 2766 1372 2816 aestimandum
1404 2783 1618 2831 equum,
1664 2773 1836 2814 certus
1864 2780 2116 2814 numerus

206 2849 386 2898 ovium
439 2856 578 2897 esset
617 2848 844 2913 pretium
888 2848 1023 2914 equi.
1107 2847 1216 2898 Sed
1259 2848 1449 2898 obvius
1489 2847 1574 2897 hic
1616 2846 1811 2897 modus
1852 2854 2114 2913 permuta-

205 2931 362 2980 tionis
403 2937 677 2979 crescente
719 2931 1042 2980 commercio
1085 2930 1250 2980 multa
1290 2929 1635 2980 incommoda
1675 2929 1911 2979 haberet.

280 3019 508 3085 b),Ideo
565 3019 688 3068 inde
745 3036 775 3068 a
832 3019 1012 3084 primis
1071 3020 1404 3085 temporibus
1461 3019 1796 3068 introductus
1855 3025 1937 3067 est
1990 3032 2118 3066 usus

195 3101 485 3167 pecuniae,
537 3118 673 3166 quae
714 3109 794 3150 est
835 3101 1107 3151 obiectum
1148 3102 1366 3168 aliquod
1408 3099 1704 3162 materiale,
1761 3099 1908 3150 cuius
1949 3098 2116 3147 deter-

209 3185 407 3233 minata
448 3183 716 3249 quantitas
757 3200 854 3249 pro
896 3184 1097 3233 unitate
1138 3192 1410 3250 assumpta
1443 3199 1745 3233 mensuram
1774 3196 2116 3232 communem

208 3265 402 3315 valoris
443 3266 681 3314 omnium
723 3282 896 3314 rerum
938 3265 1174 3327 exhibet,
1218 3275 1381 3333 atque
1420 3267 1494 3316 ita
1521 3274 1795 3331 tamquam
1824 3260 2116 3312 universale

209 3348 444 3397 medium
486 3347 890 3413 permutationis
931 3358 984 3397 et
1024 3349 1440 3398 conservationis
1466 3346 1708 3397 valorum
1744 3345 1971 3396 inservit.
2041 3343 2116 3394 Ut
