2182 3682
606 185 758 214 CAPUT
792 185 833 214 V.
885 185 946 213 DE
980 183 1101 212 LEGE
1136 183 1393 212 NATURALI.
1847 186 1947 236 149

61 334 200 388 174.
279 331 444 370 PARS
475 331 529 370 ΙΙ.
602 331 805 379 Utraque
839 359 847 367 .
884 359 892 367 .
928 358 936 367 .
973 330 1185 367 aeterna.

126 428 427 475 Prob.1.
482 423 847 495 Bealzlndzms
901 430 1114 473 aeterna
1170 422 1377 473 duratio
1432 423 1501 473 ab
1559 423 1805 473 omnibus
1860 423 1945 473 ad—

51 508 284 558 mittitur.
364 507 649 557 Beatitudo
691 506 830 555 enim
872 504 1122 571 perfecta,
1173 521 1310 570 quae
1350 521 1457 554 non
1497 504 1563 554 sit
1603 512 1831 565 aeterna,
1875 523 1946 554 re-

51 595 258 656 pugnat
298 588 366 652 (n.
413 589 519 652 26).

125 699 172 735 2.
226 683 534 734 Aeternitas
562 692 865 748 poenarum
919 682 1107 732 saltem
1149 681 1323 731 valide
1364 699 1393 731 a
1446 681 1647 732 ratione
1697 681 1948 731 suadetur

50 766 124 831 (S.
177 765 382 827 Tlcom„
424 764 480 815 C.
526 772 669 830 gent.
714 763 744 815 l.
791 777 838 828 3,
882 781 925 814 e.
978 764 1112 828 144).
1195 763 1360 813 Nam:

123 855 172 920 a)
214 854 491 920 requiritur
529 841 582 903 in
609 854 716 904 vita
746 853 915 903 futura
941 854 1145 903 sanctio
1175 851 1418 902 absolute
1445 851 1726 902 sufficiens.
1780 852 1950 917 Atqui

48 936 148 987 alia
187 937 390 986 sanctio
431 935 700 986 sufficiens
740 953 848 985 non
888 935 1095 985 videtur
1134 943 1420 1001 suppetere
1473 935 1569 983 nisi
1609 942 1823 984 aeterna
1863 951 1948 983 ex-

49 1018 213 1069 clusio
242 1035 272 1068 a
299 1018 639 1068 beatitudine.
696 1018 850 1082 Ergo
881 1059 888 1067 .
919 1059 924 1066 .
955 1060 962 1067 .
1013 1017 1259 1067 Profecto
1289 1017 1331 1066 si
1359 1017 1517 1066 etiam
1547 1022 1949 1082 contemptores

47 1100 180 1166 legis
219 1099 468 1150 naturalis
506 1099 796 1166 aliquando
849 1107 1071 1165 possent
1122 1100 1396 1165 pervenire
1437 1099 1504 1148 ad
1545 1098 1947 1159 beatitudinem,

49 1183 266 1249 quaevis
316 1182 416 1232 alia
466 1182 671 1232 sanctio
711 1212 781 1218 -——
823 1199 1000 1248 poena
1041 1182 1200 1231 etiam
1252 1180 1561 1247 longissima
1598 1211 1669 1217 —
1710 1189 1952 1246 spectata

49 1265 327 1315 hominum
380 1265 669 1330 cupiditate
721 1273 773 1313 et
826 1264 1021 1330 exigua
1061 1263 1136 1325 vi,
1193 1281 1299 1329 qua
1349 1262 1488 1312 mala
1527 1261 1614 1311 illa
1654 1271 1859 1312 remota
1899 1269 1953 1311 et

49 1345 324 1396 invisibilia
375 1345 585 1396 alterius
631 1347 768 1396 vitae
821 1347 1092 1396 hominem
1145 1352 1390 1405 movent,
1445 1362 1551 1394 non
1593 1345 1799 1394 videtur
1838 1361 1953 1394 esse

49 1428 329 1478 sufficiens,
394 1429 645 1493 «Finge»,
689 1429 760 1477 ait
801 1428 852 1477 S.
895 1428 1261 1494 Hieronymum
1302 1427 1381 1491 (In
1421 1426 1531 1477 Ion.
1577 1444 1620 1477 c.
1655 1428 1722 1490 3),
1772 1435 1953 1492 «quot-

50 1510 178 1560 libet
217 1527 413 1572 annOS,
458 1520 511 1560 et
552 1520 795 1576 tempora
837 1510 1075 1576 duplica,
1120 1519 1171 1560 et
1214 1510 1440 1559 infinitas
1479 1517 1681 1559 aetates
1722 1526 1953 1574 congere

53 1592 396 1654 cruciatibus;
451 1593 492 1642 si
545 1592 661 1642 finis
713 1592 951 1642 omnium
999 1592 1204 1653 similis,
1261 1592 1603 1658 praeteritum
1644 1608 1803 1641 omne
1855 1608 1952 1657 pro

52 1674 213 1725 nihilo
266 1682 361 1725 est.
443 1672 581 1739 Quia
632 1692 739 1725 non
788 1675 1112 1741 quaerimus,
1168 1675 1295 1740 quid
1344 1674 1631 1740 aliquando
1686 1673 1950 1735 fuerimus,

50 1758 148 1808 sed
190 1758 319 1824 quid
360 1775 572 1824 semper
613 1757 767 1807 futuri
806 1758 1018 1807 simus.»

121 1846 177 1910 b>
233 1845 455 1896 Offensa
506 1845 683 1912 aliquo
737 1846 903 1895 modo
956 1845 1157 1895 infinita
1209 1854 1438 1895 meretur
1490 1863 1720 1911 poenam
1773 1844 1951 1911 aliquo

47 1928 213 1979 modo
242 1927 514 1978 infinitam.
582 1928 753 1994 Alqm'
790 1936 1074 1995 peccatum
1104 1936 1184 1978 est
1218 1929 1420 1978 offensa
1449 1928 1551 1977 Dei
1580 1927 1757 1993 aliquo
1786 1928 1952 1977 modo

47 2010 262 2061 infinita.
318 2010 473 2076 Ergo
515 2019 744 2060 meretur
783 2027 1016 2077 poenam
1045 2010 1225 2076 aliquo
1267 2011 1431 2060 modo
1461 2010 1732 2060 infinitam.
1791 2009 1952 2059 Porro

46 2110 222 2159 poena
262 2110 366 2142 non
410 2101 590 2159 potest
630 2110 746 2143 esse
786 2092 986 2142 infinita
1027 2093 1308 2155 intensive,
1354 2110 1484 2158 ergo
1526 2092 1690 2142 debet
1731 2109 1846 2141 esse
1883 2093 1952 2141 in-

47 2175 192 2225 finita
233 2176 522 2236 extensive,
567 2176 595 2225 i.
640 2193 683 2225 e.
729 2175 1087 2225 diuturnitate.

119 2281 278 2332 Pmb.
324 2299 452 2332 mm
534 2282 739 2332 Malitia
791 2282 1098 2332 offensionis
1152 2300 1216 2332 eo
1259 2282 1426 2350 maior
1467 2290 1568 2343 est,
1626 2300 1734 2349 quo
1788 2283 1955 2331 maior

47 2373 127 2414 est
170 2364 431 2437 distantia
483 2363 618 2414 inter
671 2361 1061 2414 offendentem
1063 2357 1139 2414 et
1183 2365 1462 2414 offensum
1545 2363 1653 2414 Sed
1707 2364 1955 2414 distantia

48 2446 183 2496 inter
223 2436 566 2513 peccatorem
608 2455 660 2496 et
700 2446 876 2496 Deum
920 2456 1000 2497 est
1040 2446 1257 2508 infinita,
1301 2464 1429 2512 ergo
1473 2447 1629 2497 etiam
1673 2455 1955 2513 peccatum

49 2526 212 2578 habet
271 2528 574 2594 «quandam
626 2528 885 2579 infinitam
941 2529 1193 2579 malitiam
1250 2547 1319 2579 ex
1373 2538 1523 2596 parte
1581 2528 1708 2589 Dei,
1768 2537 1953 2578 contra

47 2627 208 2675 quem
251 2610 627 2660 committitur»
677 2610 751 2675 (S.
807 2612 1022 2674 Πρω,
1075 2611 1376 2678 Compend.
1432 2611 1671 2677 theolog.
1717 2628 1759 2661 c.
1813 2612 1949 2675 187),

47 2692 77 2742 1.
119 2709 162 2742 e.
206 2692 404 2743 malitia
455 2694 663 2760 peccati
705 2703 786 2744 est
827 2703 1000 2755 tanta,
1057 2703 1114 2744 ut
1155 2712 1185 2744 a
1226 2693 1366 2744 nulla
1409 2704 1646 2744 creatura
1685 2693 1952 2744 sufficiens

47 2790 143 2839 pro
195 2792 259 2825 eo
314 2776 683 2842 compensatio
737 2785 789 2826 et
841 2776 1131 2826 satisfactio
1173 2777 1293 2826 Deo
1346 2777 1602 2842 praestari
1654 2777 1822 2842 possit
1863 2775 1948 2840 (cf.

46 2854 280 2918 Lessins,
320 2857 405 2906 De
447 2858 604 2908 divin.
649 2859 866 2924 perfect.
913 2858 942 2909 l.
996 2873 1074 2923 13,
1117 2876 1166 2909 n.
1207 2860 1342 2923 187).
1401 2858 1534 2908 Cum
1575 2875 1704 2924 ergo
1747 2858 1950 2908 offensa

45 2938 110 2987 sit
156 2939 593 3004 «quodammodo
635 2940 893 3001 infinita»,
953 2942 1110 2990 etiam
1161 2940 1486 3007 «aliqualiter
1535 2958 1712 3007 poena
1751 2939 1952 2989 infinita

48 3020 94 3069 ei
122 3021 362 3073 debetur.
419 3022 544 3072 Non
566 3031 746 3072 autem
774 3031 955 3089 potest
984 3041 1099 3073 esse
1128 3041 1305 3090 poena
1332 3023 1535 3073 infinita
1563 3023 1835 3073 intensive.
1864 3065 1870 3072 .
1901 3063 1908 3071 .
1939 3064 1947 3072 .

48 3102 209 3152 Unde
250 3104 584 3170 relinquitur,
640 3105 789 3171 quod
844 3114 1070 3171 peccato
1125 3105 1333 3157 mortali
1386 3106 1613 3156 debetur
1665 3121 1840 3171 poena
1879 3105 1948 3154 in-

47 3183 193 3234 finita
234 3186 542 3236 duratione»
592 3186 665 3251 (S.
721 3187 906 3237 leom.
950 3187 980 3239 1.
1026 3189 1110 3252 c.).

121 3274 169 3339 c)
209 3273 264 3325 Si
292 3275 449 3325 etiam
478 3275 708 3366 improbi
737 3276 1026 3343 aliquando
1055 3286 1509 3344 consequerentur
1541 3275 1942 3337 beatitudinem,

48 3370 176 3421 ergo
222 3346 470 3407 homines
522 3358 624 3408 iam
681 3376 788 3409 non
840 3358 1028 3421 libere,
1086 3360 1181 3410 sed
1240 3360 1462 3426 physica
1513 3360 1828 3410 necessitate
1878 3359 1946 3408 ad
