2182 3682
228 158 335 222 296
627 168 740 197 PARS
776 169 823 199 11.
875 169 1189 198 PHILOSOPHIA
1224 169 1427 198 MORALIS
1463 169 1712 200 SPECIALIS.

226 304 519 354 humanum
559 305 866 367 condiclnn-l,
911 306 1057 371 quod
1087 306 1316 372 pertinet
1343 306 1409 355 ad
1439 306 1519 355 ius
1547 306 1850 372 positivum,
1893 314 1952 358 ut
1976 295 2182 374 supraf⁴

227 387 427 436 dictum
471 394 550 436 est
591 404 640 453 q.
691 398 772 451 57,
816 404 858 437 a.
907 401 935 436 2
980 395 1033 437 et
1075 401 1121 451 3.
1197 387 1358 438 Unde
1399 388 1696 454 proprietas
1735 390 2136 455 possessionum

226 486 334 519 non
363 478 443 518 est
472 478 658 519 contra
698 470 777 519 ius
818 468 1072 530 naturale,
1115 470 1211 519 sed
1240 470 1336 519 iuri
1364 469 1588 520 naturali
1627 471 2004 537 superadditur
2042 489 2138 539 per

227 551 658 601 adz'nventionmn
717 551 950 601 rationis
999 551 1321 601 numanae.»
1405 552 1476 602 Et
1529 551 1655 603 alibi
1709 553 1907 620 passim
1963 571 2137 604 rerum
2164 575 2176 587 2

227 634 544 683 divisionem
583 634 705 683 iuris
746 634 987 699 gentium
1028 651 1144 683 esse
1187 634 1327 684 dicit.

300 715 410 766 Sed
467 716 904 782 respondendum
965 725 1045 766 est
1103 715 1154 785 S.
1222 716 1485 766 leomam
1545 717 1625 766 ius
1681 718 1917 768 naturale
1975 736 2136 786 saepe

224 799 450 848 arctiore
501 815 658 847 sensu
712 799 1010 864 accepisse,
1070 815 1231 864 quam
1284 798 1447 848 hodie
1503 800 1671 866 accipi
1722 799 1875 851 solet.
1956 801 2137 852 Hodie

224 880 439 930 nomine
466 881 589 930 iuris
616 880 868 930 naturalis
896 880 1222 947 intellegitur
1243 879 1332 930 lex
1355 880 1600 947 obligans
1622 883 2048 949 independenter
2068 885 2137 934 ab

225 964 370 1012 omni
409 972 700 1029 praecepto
743 964 972 1029 positivo
1013 964 1376 1030 superaddito.
1446 963 1497 1014 S.
1537 964 1749 1015 Doctor
1788 965 1894 1016 hoc
1921 967 2137 1017 nomine

223 1062 386 1111 saepe
439 1045 611 1096 solum
665 1045 794 1095 illud
847 1047 925 1095 ius
976 1045 1260 1111 intellegit,
1321 1047 1389 1096 ad
1447 1047 1596 1112 quod
1653 1056 1840 1098 natura
1890 1048 2137 1100 absolute

225 1137 277 1178 et
317 1128 615 1178 secundum
657 1145 714 1178 se
753 1127 984 1189 inclinat,
1031 1130 1290 1194 quodque
1331 1129 1558 1194 proinde
1598 1129 1902 1181 hominibus
1943 1140 1996 1181 et
2035 1133 2137 1182 ani-

224 1210 452 1260 malibus
493 1212 671 1277 quoad
715 1211 989 1260 materiam
1043 1228 1330 1260 commune
1382 1219 1462 1261 est
1502 1212 1580 1276 (2,
1637 1226 1693 1273 2,
1747 1230 1797 1279 q.
1847 1224 1928 1278 57,
1984 1231 2028 1264 a.
2075 1229 2133 1279 3;

223 1293 282 1342 In
324 1308 372 1356 4,
417 1293 534 1343 dist.
582 1307 665 1357 33,
711 1311 759 1358 q.
814 1307 853 1354 Ι,
899 1309 942 1343 a.
996 1307 1013 1342 Ι
1063 1294 1131 1342 ad
1171 1295 1243 1357 4).
1325 1293 1551 1360 Reliqua
1591 1295 1715 1356 iura,
1768 1296 1867 1345 etsi
1907 1313 1977 1346 ex
2016 1296 2136 1364 lege

223 1374 446 1425 naturali
487 1377 785 1425 necessario
829 1376 1158 1436 deriventur,
1213 1375 1370 1425 refert
1411 1377 1479 1426 ad
1520 1377 1604 1426 ins
1631 1378 1945 1442 positivum,
1989 1380 2135 1446 quod

223 1458 381 1507 etiam
410 1466 568 1508 vocat
609 1458 898 1508 condirlmn
930 1458 1238 1520 lnllnanmn,
1281 1468 1546 1524 quatenus
1574 1476 1669 1525 per
1701 1460 2134 1512 adinventionem

223 1541 437 1590 rationis
477 1539 743 1590 humanae
795 1558 865 1589 ex
904 1541 1013 1589 iure
1061 1540 1283 1590 naturali
1325 1541 1591 1591 derivatur
1641 1542 1750 1592 sive
1790 1560 1886 1609 per
1925 1544 2135 1594 conclu-

221 1623 427 1672 sionem
464 1624 573 1673 sive
601 1641 696 1689 per
725 1623 1238 1674 determinationem.
1298 1624 1384 1673 Ius
1413 1625 1699 1690 positivum
1736 1626 1974 1676 continet
2002 1627 2136 1693 duas

222 1714 425 1770 partes:
469 1705 549 1755 ius
590 1706 828 1771 gentium
871 1714 923 1754 et
965 1705 1128 1755 civile.
1193 1706 1279 1755 Ius
1316 1707 1555 1772 gentium
1598 1715 1679 1757 est
1718 1725 1782 1757 ea
1811 1717 1958 1773 pars
1995 1709 2137 1760 iuris

210 1787 457 1852 posz'll'w',
498 1805 634 1854 qnae
662 1797 771 1854 per
803 1788 1184 1838 conclusionem
1225 1789 1591 1839 necesso'rz'mn
1633 1808 1702 1840 ex
1732 1790 1852 1840 inre
1889 1792 2142 1843 naturali

221 1869 509 1920 derz'zrasm‘
540 1889 598 1920 oo
640 1871 813 1931 modo,
854 1889 954 1936 qno
995 1871 1050 1921 in
1089 1871 1327 1921 scientiis
1361 1871 1717 1922 conclusiones
1757 1891 1825 1922 ex
1839 1873 2136 1940 principiis

222 1952 561 2002 deducuntur.
644 1953 723 2002 Ea
764 1971 910 2019 ergo,
955 1970 1091 2019 quae
1131 1962 1253 2003 sunt
1293 1954 1416 2003 iuris
1457 1955 1715 2020 gentium,
1758 1956 2025 2021 pertinent
2065 1957 2133 2007 ad

221 2035 419 2084 iustum
461 2034 698 2084 naturale
740 2036 808 2099 (2,
855 2049 901 2096 2,
959 2053 1007 2101 q.
1059 2048 1139 2099 57,
1195 2053 1239 2086 a.
1287 2037 1365 2100 3),
1423 2045 1476 2085 et
1516 2054 1624 2087 non
1665 2037 1841 2087 solum
1893 2037 2136 2104 obligant

222 2134 291 2165 ex
331 2116 606 2167 voluntate
646 2118 905 2178 humana,
950 2119 1045 2167 sed
1088 2119 1248 2167 etiam
1289 2136 1358 2168 ex
1399 2118 1519 2184 lege
1561 2119 1783 2169 naturali
1823 2119 2024 2186 aliquid
2064 2121 2134 2170 vi—

220 2200 363 2264 goris
415 2200 616 2250 habent
658 2201 726 2264 (Ι,
773 2214 819 2261 2,
876 2218 923 2266 q.
969 2211 1063 2264 95,
1121 2218 1164 2250 a.
1213 2214 1258 2251 2.
1343 2200 1420 2252 Cf.
1464 2218 1625 2268 supra
1676 2220 1725 2252 n.
1773 2203 1915 2268 247).
1998 2201 2134 2253 Cum

221 2299 350 2348 ergo
402 2283 481 2332 ius
522 2283 860 2349 proprietatis
901 2282 1091 2332 referat
1131 2283 1201 2332 ad
1242 2284 1319 2333 ius
1361 2285 1628 2350 gentium,
1687 2284 1905 2334 evidens
1946 2293 2025 2335 est
2066 2303 2136 2335 ex

221 2373 399 2414 mente
441 2363 493 2415 S.
530 2365 785 2415 Doctoris
824 2364 952 2414 illud
994 2366 1291 2415 necessaria
1332 2365 1678 2416 conclusione
1720 2384 1789 2416 ex
1829 2366 1949 2432 lege
1990 2376 2134 2417 natu-

222 2446 312 2495 rali
353 2447 576 2496 derivari
616 2454 669 2497 et
710 2447 870 2497 robur
909 2448 1108 2497 habere
1150 2465 1257 2497 non
1297 2448 1468 2498 solum
1514 2466 1543 2498 a
1584 2449 1704 2514 lege
1745 2449 1987 2515 positiva,
2036 2449 2132 2500 sed

221 2529 381 2578 etiam
423 2545 451 2578 a
493 2529 612 2595 lege
653 2529 890 2579 naturali.
972 2530 1033 2578 Id
1075 2530 1233 2580 etiam
1277 2548 1346 2580 ex
1386 2549 1450 2581 eo
1492 2531 1694 2592 elucet,
1747 2533 1893 2598 quod
1937 2532 2132 2582 eodem

220 2628 403 2672 sensu,
461 2628 567 2677 quo
621 2611 940 2661 Aristoteles
998 2621 1182 2661 contra
1233 2612 1467 2663 Platonis
1524 2615 1973 2663 communismum
2030 2614 2130 2664 dis-

221 2701 416 2758 putans
469 2694 766 2761 iisdemque
823 2694 1149 2759 argumentis
1206 2694 1434 2745 affirmet
1488 2696 1568 2744 ius
1624 2696 1963 2761 proprietatis
2017 2713 2133 2746 esse

221 2775 289 2824 ad
332 2775 633 2825 ordinatum
677 2785 729 2825 et
769 2776 1053 2841 pacificum
1094 2776 1370 2826 hominum
1426 2778 1733 2827 convictum
1773 2778 2132 2828 necessarium

223 2858 291 2921 (2,
344 2871 391 2918 2,
449 2875 498 2923 q.
544 2858 638 2917 66,
693 2875 737 2908 a.
785 2860 850 2923 2).
934 2858 1213 2908 Praeterea
1265 2860 1563 2909 notandum
1616 2869 1696 2909 est
1737 2858 1789 2910 S.
1834 2860 2131 2910 Doctorem

222 2939 487 2988 interdum
529 2957 726 2990 nomen
767 2941 890 2990 iuris
930 2941 1142 3006 positivi
1183 2942 1497 3006 restringere
1538 2942 1607 2991 ad
1648 2942 1725 2991 ius
1766 2942 1939 3004 civile,
1983 2941 2131 3008 quod

221 3020 311 3072 scl.
356 3039 426 3071 ex
475 3039 533 3071 se
585 3031 664 3071 est
704 3023 1007 3072 indifferens
1060 3030 1113 3072 et
1165 3023 1339 3072 solum
1381 3041 1475 3089 per
1527 3023 1660 3090 legis
1702 3024 2026 3089 positionem
2073 3023 2133 3073 fit

220 3104 416 3153 iustum
447 3105 516 3168 (2,
549 3117 595 3165 2,
628 3121 677 3169 q.
715 3115 795 3167 57,
828 3121 872 3153 a.
906 3118 933 3152 2
967 3113 1019 3154 et
1048 3122 1096 3170 q.
1129 3105 1216 3165 60,
1247 3122 1291 3155 a.
1323 3115 1346 3168 5
1380 3114 1432 3155 et
1460 3105 1618 3174 alibi).
1665 3105 1821 3155 Hanc
1848 3105 2130 3156 arctiorem

222 3185 665 3250 significationem
706 3193 834 3236 tunc
874 3203 1087 3252 semper
1127 3187 1309 3236 tribuit
1348 3187 1442 3236 iuri
1482 3188 1728 3253 positivo,
1773 3188 1992 3253 quando
2021 3204 2130 3237 non

223 3268 334 3332 agit
374 3267 443 3317 de
483 3268 600 3333 lege
639 3268 873 3317 humana
913 3268 1043 3334 ipsa³
1085 3269 1181 3317 sed
1223 3269 1291 3318 de
1331 3269 1443 3318 eius
1471 3268 1707 3319 materia
1736 3269 1825 3333 (de
1852 3269 2030 3333 iusto),
2071 3277 2129 3318 ut

223 3349 429 3413 patebit
469 3349 684 3405 cuilibet
723 3349 922 3416 legenti
961 3349 1212 3400 articulos
1251 3351 1417 3400 modo
1459 3350 1704 3401 laudatos
1745 3367 1815 3400 ex
1855 3363 1903 3412 2,
1948 3363 1995 3401 2.
