2182 3682
530 180 617 209 LIB.
653 179 701 208 ΙΙ.
749 178 848 209 CAP.
884 177 950 207 ΙΙΙ.
997 177 1060 206 DE
1096 177 1351 206 SOCIETATE
1388 177 1544 207 CIVILI.
1864 177 1968 231 437

77 314 263 367 nolunt
314 347 386 352 —
427 321 481 364 et
529 315 582 364 in
632 314 737 364 hoc
789 313 1037 363 differunt
1087 329 1117 362 a
1167 311 1443 362 socialistis
1495 312 1863 363 democraticis
1918 322 1971 363 et

73 397 289 464 agrariis
328 427 414 457 —,
463 396 559 446 sed
601 397 712 446 eius
751 395 1262 446 administrationem
1303 402 1356 444 et
1397 393 1822 444 distributionem
1865 394 1970 445 fere

74 479 287 530 arbitrio
339 479 664 529 auctoritatis
716 476 878 528 civilis
927 477 1253 543 permittunt.
1336 476 1517 527 Potest
1563 493 1692 541 ergo
1733 484 1972 541 potestas

75 560 289 627 publica
339 577 457 610 eam
510 569 716 627 partem
768 560 1032 609 bonorum
1085 558 1526 624 productivorum
1576 558 1628 606 in
1677 558 1971 607 dominium

74 641 256 692 Status
308 642 613 704 transferre,
670 659 829 708 quam
870 639 1008 702 vult,
1064 648 1116 690 et
1157 640 1410 706 reliquam
1452 647 1659 705 partem
1700 656 1764 688 eo
1805 641 1971 689 modo

75 724 317 774 ordinare
333 766 345 786 ‚‚
401 732 562 791 prout
602 724 856 791 expedire
896 723 1150 772 iudicabit
1189 723 1256 772 ad
1300 722 1670 772 condicionem
1712 721 1973 787 operario-

74 823 184 856 rum
235 806 629 856 emendandam
669 815 722 856 et
761 805 1065 872 aequiorem
1108 805 1372 854 bonorum
1416 803 1842 853 distributionem
1883 803 1972 852 ob-

73 889 362 938 tinendam.
430 888 508 938 Ita
548 889 682 937 inter
721 887 852 937 alios
892 886 961 938 A.
1005 887 1256 952 VUagner,
1301 885 1371 935 A.
1412 884 1659 936 Sch'affle.
1729 884 1975 934 Procedit

73 969 206 1019 haec
273 971 452 1036 opinio
518 988 588 1019 eX
653 969 784 1019 falso
845 969 1221 1019 fundamento:
1289 969 1367 1017 ius
1426 968 1763 1034 proprietatis
1822 967 1973 1017 unice

73 1052 296 1101 derivari
347 1069 416 1102 ex
466 1050 675 1117 legibus
728 1051 965 1101 civilibus
1014 1051 1100 1115 (cf.
1145 1068 1193 1101 n.
1242 1051 1340 1114 363
1386 1053 1524 1116 sqq).
1604 1049 1776 1099 Immo
1819 1065 1974 1114 gene-

73 1134 224 1184 ratim
277 1151 385 1184 non
433 1134 665 1184 admittit
703 1135 781 1184 ius
821 1142 1039 1184 naturae
1080 1141 1132 1183 et
1172 1132 1424 1198 implicite
1465 1132 1717 1198 supponit
1757 1132 1975 1180 auctori-

73 1224 239 1266 tatem
291 1215 498 1266 civilem
550 1234 666 1267 esse
718 1218 1144 1282 omnipotentem
1199 1214 1283 1264 vel
1337 1213 1525 1264 saltem
1577 1212 1732 1263 nullis
1784 1213 1975 1262 civium

73 1298 271 1347 iuribus
321 1298 612 1348 limitatam.
695 1299 820 1348 Non
872 1298 1027 1365 pauci
1078 1296 1312 1347 asseclae
1363 1296 1516 1346 huius
1554 1296 1848 1346 sententiae
1889 1313 1975 1345 ex-

74 1380 251 1446 plicite
306 1381 390 1430 vel
444 1380 699 1447 implicite
755 1381 1096 1431 considerant
1152 1380 1419 1430 civitatem
1478 1386 1535 1428 ut
1594 1378 1753 1427 finem
1810 1378 1860 1426 in
1919 1395 1975 1427 se

74 1463 228 1528 eique
275 1462 419 1512 bona
460 1463 650 1512 civium
691 1462 847 1529 plene
887 1463 1253 1512 subordinant.
1337 1462 1476 1511 Hinc
1518 1461 1707 1509 mirum
1749 1477 1857 1509 non
1897 1468 1977 1510 est

74 1561 168 1594 eos
219 1562 434 1594 omnem
483 1547 921 1611 cooperationem
962 1544 1235 1595 Ecclesiae
1276 1545 1326 1593 in
1368 1543 1624 1593 solvenda
1666 1542 1975 1609 quaestione

75 1626 256 1676 sociali
296 1626 379 1676 vel
433 1628 628 1677 reicere
668 1627 751 1678 vel
792 1628 981 1678 saltem
1023 1627 1324 1694 neglegere.
1407 1625 1558 1675 Haec
1598 1625 1859 1675 sententia
1899 1625 1973 1685 iis,

77 1724 215 1775 quae
268 1709 335 1759 de
386 1710 496 1758 iure
547 1717 792 1771 naturae,
849 1711 916 1760 de
968 1710 1072 1759 fine
1125 1710 1372 1770 civitatis,
1430 1709 1497 1757 de
1549 1707 1803 1756 relatione
1843 1707 1977 1756 inter

78 1789 288 1841 Statum
331 1799 383 1841 et
424 1791 719 1842 Ecclesiam
762 1793 1168 1859 disputavimus,
1212 1793 1338 1841 satis
1379 1791 1646 1840 refutatur.

158 1882 197 1934 5.
261 1872 314 1921 A
373 1875 637 1924 sententia
696 1875 861 1924 modo
923 1883 1344 1925 commemorata
1403 1890 1592 1939 parum
1652 1873 1848 1921 distant
1906 1871 1977 1920 illi

73 1962 458 2020 protestantes,
503 1957 593 2022 qui
633 1974 690 2006 se
730 1966 925 2007 vocant
966 1956 1522 2021 ez'cmgelico-soedales
1548 1954 1631 2004 vel
1661 1954 1976 2003 christiano-

71 2037 301 2086 socz'ales
358 2038 940 2104 (evangelisch-sociale
1000 2041 1132 2089 oder
1192 2036 1678 2089 christlich-sociale
1736 2035 1975 2085 Reform-

73 2119 276 2184 partei).
358 2120 560 2169 Eorum
608 2122 721 2170 dux
761 2122 1078 2188 praecipuus
1120 2130 1198 2171 est
1241 2119 1481 2180 Stocker,
1527 2128 1579 2169 et
1619 2135 1741 2185 pars
1783 2134 1977 2182 magna

73 2200 390 2251 asseclarum
433 2212 553 2252 sunt
595 2205 815 2254 ministri
856 2212 1229 2270 protestantes.
1300 2203 1359 2253 Id
1402 2221 1565 2251 unum
1608 2202 1714 2251 sere
1748 2200 1976 2250 asseclas

72 2282 226 2332 huius
265 2286 559 2335 sententiae
601 2304 630 2335 a
669 2286 946 2337 socialistis
986 2294 1153 2337 status
1195 2285 1470 2346 discernit,
1516 2284 1663 2350 quod
1705 2283 1775 2332 illi
1817 2283 1974 2331 etiam

71 2364 310 2431 religioni
361 2369 772 2432 protestanticae
825 2386 1077 2434 magnam
1128 2369 1411 2435 sphaeram
1464 2367 1745 2416 activitatis
1784 2367 1836 2414 in
1877 2364 1974 2415 sol-

71 2447 246 2498 venda
300 2450 613 2514 quaestione
667 2451 848 2501 sociali
902 2452 1188 2501 vindicant.
1286 2451 1344 2499 In
1401 2450 1542 2499 hunc
1597 2466 1758 2514 porro
1814 2447 1974 2497 finem

71 2528 345 2594 postulant
408 2532 459 2581 in
520 2531 806 2583 Germania
864 2535 1115 2585 maiorem
1182 2533 1652 2599 independentiam
1721 2529 1975 2581 ecclesiae

70 2613 483 2676 protestanticae
549 2616 616 2665 ab
684 2617 998 2666 auctoritate
1063 2616 1292 2682 politica.
1394 2615 1447 2664 A
1513 2615 1743 2664 factione
1809 2612 1973 2661 modo

71 2694 212 2744 dicta
252 2695 423 2760 probe
466 2697 825 2763 distinguendi
876 2708 997 2749 sunt
1048 2697 1597 2749 cllfestiano-sociales
1647 2697 1697 2745 in
1739 2695 1970 2754 Austria‚

70 2776 160 2840 qui
225 2794 344 2827 cum
411 2795 474 2829 ea
538 2780 662 2829 nihil
729 2782 824 2830 nisi
889 2799 1085 2832 nornen
1152 2798 1438 2831 commune
1500 2779 1724 2838 habent,
1794 2792 1973 2826 revera

70 2864 249 2908 autem
290 2860 358 2909 ad
400 2878 493 2910 eos
533 2864 798 2927 pertinent
849 2864 1058 2928 (saltem
1112 2880 1307 2929 magna
1363 2881 1432 2912 ex
1488 2862 1685 2928 parte),
1745 2860 1812 2909 de
1867 2859 1972 2924 qui-

71 2939 170 2989 bus
220 2941 352 2991 infra
407 2960 454 2993 n.
502 2946 530 2993 8
584 2962 833 3010 agemuS,
888 2947 1086 3012 quique
1142 2945 1441 3012 encyclicas
1482 2944 1680 2994 Leonis
1721 2942 1846 2991 XIH
1898 2958 1971 2990 se-

70 3034 314 3086 quuntur.
1852 3074 1856 3077 .

144 3108 192 3158 6.
235 3108 723 3160 Indiz*z‘duczlz'svms
761 3110 1013 3161 liberalis
1044 3110 1346 3161 socialismo
1377 3109 1635 3160 contrarie
1665 3107 1968 3174 opponitur.

70 3189 213 3239 Dum
268 3190 598 3241 socialismus
653 3192 935 3258 sphaeram
987 3194 1267 3244 activitatis
1319 3191 1569 3260 publicae
1621 3190 1755 3239 ultra
1806 3191 1970 3239 iustos

71 3269 260 3321 limites
300 3274 567 3335 extendit,
611 3275 1068 3326 individualismus
1108 3293 1226 3326 eam
1266 3275 1385 3342 plus
1426 3289 1599 3340 aequo
1643 3280 1878 3322 coarctat
1918 3280 1972 3321 et

71 3353 138 3402 ad
180 3355 399 3404 tutelam
440 3356 629 3406 iurium
669 3358 898 3408 iustitiae
939 3358 1353 3409 commutativae
1395 3358 1672 3423 restringit.
