2182 3682
1828 203 1855 213 a

247 181 332 210 LIB.
369 180 395 209 Ι.
444 179 544 208 CAP.
579 178 644 208 ΙΙΙ.
692 178 754 206 DE
785 176 983 206 OFFICIIS
1018 176 1248 205 HOMINUM
1282 176 1458 205 MUTUIS
1493 176 1637 205 INTER
1673 176 1737 205 SE.
1827 175 1930 227 037

44 327 189 378 299.
269 323 434 361 PARS
466 323 519 360 II.
583 321 934 370 Aequivocatio
969 332 1085 358 vero
1118 350 1126 358 .
1163 350 1171 358 .
1206 350 1214 358 .

117 420 280 467 Prob.
369 432 408 467 1.
453 415 835 483 Aequi-vocatio
887 432 981 465 seu
1022 414 1221 464 locutio
1269 414 1546 480 ambigua,
1599 416 1628 464 i.
1673 432 1714 465 e.
1760 413 1936 480 plures

40 517 225 567 59115115
265 500 541 566 exhibens,
585 497 762 549 illicita
797 515 914 547 esse
955 497 1151 562 nequit,
1194 496 1235 546 si
1264 495 1461 546 malitia
1503 497 1763 546 mendacii
1797 498 1845 545 in
1876 514 1937 545 ea

42 583 207 633 abest.
288 581 458 647 Atqui
494 581 565 630 ita
606 588 699 630 est.
781 579 935 644 Ergo
965 572 987 628 ⁷.
1036 620 1043 628 .
1092 621 1099 628 .

114 683 270 734 Prob.
316 683 441 733 min.
523 680 627 747 Qui
668 683 1107 748 aequivocatione
1147 682 1333 741 utitur,
1379 681 1450 740 id,
1494 680 1641 746 quod
1684 680 1847 728 habet
1887 680 1936 727 in

42 775 241 827 mente,
285 766 547 816 obiective
588 765 850 825 enuntiat,
895 765 966 814 ita
1006 772 1063 814 ut
1102 762 1301 813 locutio
1344 763 1507 811 menti
1547 763 1612 811 sit
1654 761 1940 811 conformis

41 838 270 914 ideoque
311 847 485 896 nullus
526 847 663 896 adsit
714 847 912 896 abusus
952 846 1266 906 verborum,
1322 844 1485 894 fidem
1524 844 1575 892 in
1617 844 1939 892 commercio

42 930 276 991 humano
316 929 626 996 impediens.
696 929 837 978 Nam
878 928 996 977 finis
1025 927 1332 993 proximus,
1374 927 1443 976 ad
1485 943 1645 991 quem
1681 926 1732 974 in
1769 925 1940 990 aequi-

41 1012 322 1062 vocatione
349 1012 512 1061 verba
552 1010 887 1071 adhibentur,
933 1018 1012 1059 est
1052 1009 1424 1074 manifestatio
1465 1008 1644 1073 activa
1685 1007 1791 1056 veri
1831 1024 1942 1056 sen-

41 1111 144 1165 5115,
226 1092 483 1159 Quamvis
536 1093 676 1142 enim
729 1092 979 1158 ambigue
1035 1099 1089 1141 et
1140 1091 1471 1140 subobscure
1523 1088 1798 1154 loquatur,
1854 1088 1944 1154 qui

42 1164 482 1243 aequivocatione
534 1175 721 1235 utitur,
779 1172 893 1223 vult
952 1182 1132 1222 tamen
1185 1171 1430 1223 absolute
1482 1172 1554 1221 ita
1609 1166 1945 1220 manifestare

42 1274 253 1325 5611511111
299 1248 481 1317 suum,
535 1265 592 1326 ut
633 1256 909 1317 audientes
961 1256 1168 1328 possint
1216 1272 1336 1304 eum
1389 1253 1663 1320 percipere
1714 1253 1944 1318 ideoque

43 1357 150 1409 non
192 1324 523 1404 decipiantur
561 1354 592 1388 a
632 1323 887 1404 loquente
929 1346 1206 1403 tamquam
1245 1353 1407 1386 causa
1438 1344 1545 1401 pest
1583 1353 1654 1396 se,
1697 1335 1792 1384 sed
1831 1352 1861 1383 a
1888 1351 1945 1383 se

42 1421 182 1487 ipsis,
226 1421 316 1486 qui
356 1430 555 1470 temere
596 1438 665 1470 ex
706 1419 944 1486 pluribus
984 1419 1227 1469 sensibus
1268 1435 1432 1467 unum
1474 1417 1738 1482 arripiunt.
1803 1416 1945 1465 Finis

43 1521 169 1553 vero
212 1510 460 1573 remotus,
501 1502 569 1551 ad
611 1519 772 1567 quem
813 1501 950 1551 hanc
992 1502 1300 1566 ambiguam
1342 1499 1824 1549 manifestationem
1864 1515 1945 1548 ac-

43 1586 203 1636 tivam
245 1585 416 1646 refert,
461 1592 541 1634 est
582 1584 858 1634 occultatio
893 1584 1000 1633 veri
1040 1600 1241 1644 sensus,
1287 1600 1445 1648 quem
1479 1582 1530 1630 in
1559 1589 1736 1631 mente
1765 1580 1943 1630 habet.

45 1667 147 1739 Hic
189 1675 369 1717 autem
426 1666 542 1716 finis
597 1684 759 1733 saepe
811 1653 981 1715 licitus
1023 1674 1127 1728 est;
1185 1665 1307 1731 quia
1359 1682 1466 1713 non
1518 1680 1728 1729 semper
1781 1662 1944 1712 homo

45 1758 254 1800 tenetur
294 1748 404 1798 aliis
437 1757 669 1798 mentem
699 1765 846 1798 suam
888 1748 1090 1815 aperire
1118 1764 1210 1796 seu
1241 1746 1466 1807 efficere,
1512 1754 1568 1795 ut
1596 1745 1755 1794 etiam
1790 1745 1947 1793 mani-

49 1831 258 1882 festatio
288 1840 521 1896 passzva
562 1831 614 1879 in
655 1839 834 1880 mente
873 1829 1200 1880 audientium
1234 1829 1505 1878 habeatur.
1575 1828 1747 1876 Immo
1788 1843 1949 1905 saepe

46 1915 250 1981 bonum
277 1913 546 1963 societatis
572 1912 824 1979 postulat,
868 1921 926 1962 ut
953 1920 1218 1962 secretum
1247 1919 1498 1971 serv-‚emi
1543 1927 1650 1959 non
1680 1926 1796 1959 raro
1825 1926 1948 1958 vero

48 1979 188 2046 aliud
230 1984 463 2045 medium
508 2013 615 2045 non
656 1995 809 2045 adest
850 2011 1011 2060 quam
1053 1994 1439 2059 aequivocatio.

52 2146 200 2198 300.
282 2137 447 2184 Prob.
510 2149 556 2185 2.
592 2135 879 2185 Restri'clzo
919 2134 1020 2185 alia
1048 2142 1128 2185 est
1156 2142 1299 2198 pure
1328 2133 1595 2195 Jalc‘m‘all'S,
1640 2131 1738 2186 alia
1781 2132 1952 2181 realis

49 2235 142 2268 seu
181 2217 291 2268 late
330 2217 955 2268 mentalzs.P1z01est
997 2216 1196 2266 dictum
1238 2215 1320 2265 vel
1364 2215 1562 2266 factum
1604 2233 1672 2264 ex
1706 2232 1762 2264 se
1803 2222 1856 2263 et
1884 2232 1953 2264 ex

51 2292 419 2367 praesentibus
479 2300 882 2350 circumstantiis
938 2300 1006 2348 ad
1060 2316 1220 2348 unam
1276 2298 1718 2364 significationem
1778 2314 1953 2346 coarc-

52 2391 252 2444 tatum,
310 2382 459 2448 quod
515 2362 753 2446 tantum,
813 2382 854 2431 si
912 2382 1037 2448 quid
1095 2388 1275 2431 mente
1333 2389 1596 2430 retentum
1652 2379 1951 2440 adderetur,

54 2465 216 2515 menti
258 2464 534 2515 conforme
576 2463 740 2526 fieret,
785 2472 841 2514 ut
881 2482 927 2514 v.
968 2481 1017 2529 g.
1060 2465 1103 2513 si
1143 2464 1526 2529 interrogatus:
1570 2463 1712 2512 Num
1753 2461 1953 2528 aliquid

55 2547 365 2598 comedisti?
424 2547 803 2613 responderes:
859 2546 1001 2596 Nihil
1042 2564 1285 2612 prorsus,
1340 2544 1831 2610 subintellegendo:
1887 2562 1956 2593 ex

55 2630 314 2680 carnibus.
383 2629 534 2695 Haec
576 2646 605 2678 a
645 2629 926 2679 mendacio
968 2646 1076 2678 non
1119 2628 1308 2689 differt,
1353 2645 1473 2677 cum
1504 2628 1571 2677 de
1613 2627 1753 2677 facto
1794 2627 1956 2676 verba

57 2713 219 2771 menti
277 2712 380 2762 51111
435 2712 723 2773 difformia3
793 2711 915 2760 dein
970 2712 1014 2760 si
1068 2711 1200 2761 haec
1257 2710 1515 2760 restrictio
1572 2709 1781 2769 liceret,
1841 2726 1956 2774 pr-o

57 2779 242 2845 hibitio
276 2775 545 2844 mendacii
585 2802 725 2844 esset
765 2792 974 2843 inutilis
1010 2825 1083 2830 —
1121 2793 1400 2842 Posteaszor
1441 2801 1520 2842 est
1560 2791 1775 2851 locutio,
1820 2807 1957 2856 quae

57 2894 241 2926 verum
269 2893 481 2926 sensum
521 2875 786 2942 loquentis
825 2884 1045 2925 externe
1073 2875 1308 2936 exhibet,
1352 2874 1583 2940 quadam
1613 2872 1958 2937 ambiguitate

58 2958 141 3009 vel
182 2959 506 3009 obscuritate
546 2957 868 3019 involutum,
922 2958 994 3007 ita
1034 2966 1239 3017 tamen,
1284 2963 1341 3006 ut
1381 2973 1450 3006 ex
1485 2955 1743 3005 adiunctis
1780 2952 1958 3018 colligi

62 3048 234 3106 queat.
315 3040 467 3090 Haec
520 3041 754 3090 revocari
806 3047 987 3106 potest
1033 3039 1100 3088 ad
1143 3038 1439 3089 locutiones
1479 3037 1757 3101 ambiguas
1798 3044 1850 3084 et
1890 3052 1958 3084 ex

63 3123 251 3173 eadem
292 3123 494 3172 ratione
533 3123 671 3172 sicut
710 3121 810 3171 hae
851 3138 947 3187 per
985 3138 1043 3171 se
1084 3138 1191 3170 non
1233 3128 1313 3170 est
1353 3119 1544 3169 illicita.

67 3271 212 3322 301.
296 3260 495 3312 Coroll.
563 3260 803 3327 Agriculpa
832 3260 1094 3310 mendacii
1121 3259 1273 3310 nulla
1292 3257 1553 3324 parvitas
1580 3256 1844 3305 materiae
1872 3271 1958 3303 ex-

67 3350 212 3392 cusat
253 3343 322 3407 (2,
368 3356 415 3405 2,
446 3361 497 3409 q.
548 3356 662 3404 110,
695 3360 738 3393 a.
774 3343 841 3407 3),
885 3343 1009 3408 quia
1049 3357 1388 3407 quacumque
1430 3338 1645 3387 materia
1684 3337 1960 3402 supposita
