2182 3682
215 168 313 230 196
614 177 727 206 PARS
763 177 791 206 Ι.
844 176 1161 206 PHILOSOPHIA
1196 175 1400 204 MORALIS
1437 174 1715 204 GENERALIS.

203 313 484 363 iuridicum
536 310 844 362 naturalem.
927 311 1171 361 Vocatur
1224 327 1406 361 eorum
1448 311 1713 360 sententia
1740 311 2116 388 posztzvismus

203 394 492 457 infidiam,
561 394 652 461 qui
712 392 969 444 confundi
1029 410 1138 443 non
1198 392 1363 442 debet
1423 408 1544 442 cum
1612 392 1944 472 positivismo
2003 410 2112 443 mo-

203 476 296 527 rali
337 478 405 542 (n.
450 477 557 542 61).

276 567 369 616 Ad
425 565 812 633 positivismum
869 564 1145 614 iuridicum
1202 564 1469 630 pertinent
1524 565 1573 629 a)
1627 581 1814 614 omnes
1865 563 1961 626 illi,
2021 565 2113 631 qui

201 649 531 714 positivismo
574 646 759 697 morali
799 646 1118 708 adhaerent;
1174 647 1230 710 b)
1272 645 1371 707 illi,
1428 647 1519 712 qui
1560 646 1828 718 civitatem
1868 645 1952 697 vel
1993 663 2111 697 auc-

199 732 469 781 toritatem
526 729 732 780 civilem
789 728 990 778 fontem
1050 729 1288 778 omnium
1347 729 1535 779 iurium
1592 722 1708 779 esse
1765 729 1992 789 docent,
2053 737 2112 779 ut

201 813 445 875 Hobbes,
489 812 769 873 Bentham‚
814 810 882 862 A.
928 811 1151 872 Lasson,
1195 811 1255 861 E.
1301 811 1369 861 de
1411 811 1740 874 Hartmann3
1802 812 1851 877 c)
1891 810 1977 873 illi,
2022 812 2145 884 QL-

199 896 277 945 ius
318 912 477 945 omne
518 912 587 945 ex
627 893 803 960 aliquo
845 901 1007 960 pacto
1049 894 1211 944 tacito
1240 892 1324 943 vel
1366 911 1622 960 expresso
1663 893 1940 944 hominum
1980 894 2111 944 deri-

198 986 350 1040 vant,
405 986 462 1027 ut
501 977 805 1039 Rousseau3
866 976 1097 1042 denique
1147 976 1201 1039 d)
1243 975 1478 1026 asseclae
1528 976 1748 1026 scholae
1797 975 2110 1038 historicae,

201 1062 345 1110 cuius
387 1059 638 1109 fundator
678 1058 771 1108 fuit
801 1057 857 1108 C.
890 1058 948 1107 F.
981 1059 1048 1109 de
1078 1057 1331 1124 Savigny‚
1364 1075 1609 1125 quaeque
1649 1058 1828 1108 adhuc
1867 1058 2030 1109 hodie
2057 1059 2109 1108 in

202 1140 486 1192 Germania
527 1150 783 1208 patronos
823 1158 930 1190 non
973 1158 1176 1207 paucos
1203 1141 1381 1191 habet.
1446 1140 1598 1190 Haec
1627 1139 1814 1191 schola
1842 1157 2003 1190 omne
2030 1140 2110 1190 ius

142 1248 145 1249 ⁷
200 1225 413 1291 proprie
455 1224 657 1274 dictum
699 1224 987 1290 positivum
1028 1240 1144 1272 esse
1186 1223 1314 1273 dicit
1353 1240 1529 1289 neque
1565 1222 1726 1272 alium
1755 1223 1877 1273 iuris
1907 1222 2108 1273 fontem

199 1307 430 1356 admittit
476 1307 572 1356 nisi
612 1305 937 1355 historicum.
1008 1305 1339 1355 Historicum
1380 1313 1558 1355 autem
1599 1305 1803 1355 fontem
1837 1304 2108 1372 duplicem

200 1388 502 1455 distinguit:
535 1388 709 1454 legem
739 1388 1008 1454 publicam
1038 1396 1091 1437 et
1119 1387 1562 1437 consuetudinem
1592 1386 1793 1454 populi,
1825 1404 1893 1437 ex
1915 1388 2110 1454 quibus

198 1472 550 1537 posteriorem
603 1471 763 1536 priori
817 1470 1076 1536 dignitate
1118 1478 1171 1519 et
1211 1470 1525 1520 auctoritate
1565 1468 1888 1536 praecellere
1929 1470 2106 1521 docet.

198 1551 304 1602 Illis
355 1553 572 1603 rationis
624 1552 1027 1613 dictaminibus,
1080 1569 1218 1618 quae
1271 1552 1397 1602 olim
1438 1553 1653 1602 nomine
1693 1553 1816 1602 iuris
1855 1552 2109 1603 naturalis

198 1635 585 1702 comprehendi
611 1633 873 1696 solebant,
906 1633 1105 1684 nullam
1136 1635 1206 1684 ait
1235 1652 1329 1701 per
1357 1652 1414 1684 se
1441 1635 1615 1685 inesse
1638 1635 1747 1685 vim
1774 1635 1940 1685 stricti
1966 1635 2103 1696 iuris,

200 1735 262 1767 ea
302 1735 411 1767 non
453 1735 568 1768 esse
608 1718 731 1767 iuris
774 1716 1039 1778 formulas,
1083 1717 1177 1767 sed
1220 1724 1426 1767 tantum
1453 1718 1577 1767 iuris
1606 1717 1965 1768 constituendi
1992 1735 2107 1767 nor-

197 1817 310 1849 mas
351 1809 404 1850 et
442 1800 713 1866 principia.
783 1799 869 1849 Ius
911 1817 976 1849 eo
1011 1799 1118 1849 fere
1146 1800 1313 1849 modo
1343 1800 1463 1849 oriri
1492 1809 1545 1850 et
1572 1817 1630 1850 se
1659 1799 1904 1850 evolvere
1931 1806 2102 1867 putat,

197 1900 306 1948 quo
347 1901 392 1933 v.
426 1899 476 1948 g.
521 1882 702 1948 lingua
742 1881 895 1931 simul
938 1899 1057 1932 cum
1099 1881 1304 1948 populo
1347 1883 1509 1932 oritur
1550 1890 1603 1932 et
1641 1900 1698 1932 se
1739 1881 1949 1933 evolvit.

200 2020 346 2084 238.
438 2023 603 2070 Prob.
645 2037 685 2069 1.
762 2022 849 2071 EX
889 2031 1155 2089 conceptu
1199 2023 1334 2072 iuris.
1411 2022 1496 2072 Ius
1548 2023 1798 2089 primario
1841 2023 2106 2090 significat

197 2105 467 2155 obiectum
510 2105 751 2165 iustitiae,
796 2105 825 2155 i.
858 2122 903 2155 e.
934 2106 1127 2155 iustum
1170 2122 1263 2154 seu
1305 2122 1414 2154 rem
1456 2104 1607 2154 alteri
1645 2105 1827 2155 stricte
1867 2114 1925 2155 ut
1952 2122 2105 2155 suam

197 2203 267 2236 ex
316 2187 510 2236 iustitia
563 2186 815 2236 debitam.
885 2186 1057 2253 Atqui
1095 2186 1260 2236 multa
1300 2194 1448 2248 sunt,
1505 2203 1641 2253 quae
1681 2187 2106 2253 independenter

196 2285 226 2318 a
267 2286 608 2335 quacumque
648 2267 768 2335 lege
810 2269 1036 2335 positiva
1069 2270 1121 2318 vi
1160 2268 1322 2319 solius
1364 2267 1496 2335 legis
1536 2267 1786 2318 naturalis
1813 2286 1883 2319 ex
1909 2269 2105 2319 iustitia

196 2350 308 2400 aliis
359 2359 416 2400 ut
467 2368 561 2401 sua
614 2352 887 2401 debemus.
968 2351 1124 2416 Ergo
1166 2352 1372 2402 exsistit
1422 2352 1502 2401 ius
1553 2349 1793 2401 naturale
1839 2351 1891 2401 vi
1941 2350 2104 2401 solius

196 2432 329 2499 legis
369 2433 618 2484 naturalis
657 2433 908 2483 validum.

269 2529 427 2580 Proh.
483 2530 608 2581 min.
689 2530 833 2580 Inter
884 2530 1279 2581 evidentissima
1331 2530 1464 2597 legis
1515 2530 1766 2581 naturalis
1816 2539 2106 2597 praecepta

196 2620 276 2661 est
332 2612 491 2662 etiam
548 2612 680 2663 hoc:
743 2630 897 2662 suum
954 2613 1147 2679 cuique
1207 2613 1551 2663 tribuendum
1608 2630 1752 2674 esse,
1813 2612 1976 2679 idque
2035 2630 2105 2662 ex

195 2694 405 2756 iustitia,
448 2695 520 2744 ita
559 2703 631 2755 ut,
676 2695 767 2760 qui
807 2695 892 2744 alii
931 2712 1039 2744 non
1080 2695 1291 2756 tribuat,
1336 2695 1483 2761 quod
1524 2712 1679 2745 suum
1718 2703 1812 2756 est,
1854 2695 2102 2745 iustitiam

194 2775 370 2827 violet.
451 2776 624 2842 Atqui
671 2786 794 2827 sunt
833 2777 1022 2838 multa,
1077 2794 1214 2843 quae
1256 2784 1309 2827 et
1359 2776 1551 2843 singuli
1601 2777 1847 2827 homines
1898 2785 1951 2827 et
1989 2777 2104 2843 ipsa

195 2859 422 2909 societas
473 2858 710 2925 perfecta
760 2876 954 2910 vocare
1006 2866 1232 2926 possunt
1282 2877 1380 2910 sua
1429 2859 1858 2925 independenter
1908 2876 1938 2908 a
1982 2876 2102 2925 qua-

196 2957 426 3007 cumque
477 2940 598 3008 lege
649 2942 892 3008 positiva.
985 2942 1124 2992 Nam
1176 2942 1226 3006 a)
1281 2942 1428 3008 quod
1484 2941 1650 2992 homo
1702 2942 1872 3008 possit
1921 2941 2100 3001 vitam,

197 3021 489 3085 facultates,
533 3023 788 3085 membra,
835 3023 1135 3074 libertatem
1178 3032 1279 3074 etc.
1323 3040 1516 3074 vocare
1555 3040 1667 3085 sua,
1710 3040 1819 3073 non
1859 3023 2104 3095 provenit

196 3122 266 3155 ex
306 3105 426 3172 lege
466 3107 707 3172 positiva,
752 3106 848 3156 sed
890 3123 958 3155 ex
983 3107 1103 3156 sola
1133 3124 1197 3156 07
1198 3106 1474 3156 dmatzone
1502 3114 1781 3173 creatora,
1823 3105 1916 3172 qui
1955 3104 2105 3154 dedit

195 3187 398 3237 homini
436 3187 569 3238 haec
597 3188 756 3248 bona,
801 3194 858 3237 ut
886 3188 945 3237 iis
978 3189 1149 3254 possit
1176 3187 1340 3238 libere
1368 3189 1443 3237 uti
1469 3188 1521 3237 in
1548 3205 1704 3237 suum
1735 3186 2099 3237 commodum.

196 3268 476 3319 Habemus
516 3286 647 3336 ergo
687 3270 925 3319 strictam
966 3269 1351 3334 obligationem
1403 3270 1630 3320 iustitiae
1671 3269 2100 3328 commutativae,

198 3351 282 3399 cui
333 3352 384 3400 in
436 3351 554 3412 illo,
613 3368 740 3418 erga
795 3368 956 3418 quem
1012 3341 1263 3413 habetur,
1317 3350 1664 3401 essentialiter
1718 3349 2104 3428 corresppndet
