2182 3682
530 151 684 180 CAPUT
718 151 745 180 Ι.
797 151 859 178 DE
892 150 1002 179 FINE
1035 150 1216 179 ULTIMO
1250 151 1466 180 HOMINIS.
1873 150 1935 203 25

43 287 230 336 homini
267 303 355 349 per
390 301 440 333 se
478 294 526 332 et
561 285 770 333 maxime
799 285 1170 347 proportionata
1203 293 1312 332 sunt
1334 285 1468 332 bona
1492 286 1754 335 sensibilia.
1807 287 1945 346 Ergo

44 365 177 410 bona
212 361 460 409 sensibilia
495 369 605 407 sunt
641 359 888 407 obiectum
924 358 1239 407 beatitudinis
1274 360 1534 407 humanae.

121 467 270 515 Resp.
338 457 468 503 Dist.
507 458 647 503 mazl:
695 455 958 503 Obiectum
1006 455 1321 502 beatitudinis
1361 455 1510 502 debet
1545 456 1734 502 homini
1769 472 1858 517 per
1894 471 1945 504 se

44 540 92 579 et
127 531 337 577 maxime
371 546 477 578 esse
502 530 928 592 proportionatum
955 530 1225 577 secundum
1251 539 1439 591 partem
1467 529 1771 587 rationalem,
1810 546 1946 586 conc„

44 605 314 652 secundum
364 614 553 666 partem
606 605 886 652 sensitivam
938 603 983 651 ei
1035 620 1146 650 cum
1203 604 1357 651 brutis
1417 619 1756 662 communem,
1818 620 1944 663 nege.

49 679 335 726 Contradist.
373 681 482 725 min.

120 784 236 822 Inst.
301 774 453 836 Atqui
485 775 631 822 etiam
669 775 941 822 secundum
977 782 1167 835 partem
1203 774 1496 822 rationalem
1531 775 1665 821 bona
1701 774 1949 821 sensibilia

42 848 231 896 homini
279 858 388 896 sunt
433 850 646 896 maxime
694 849 1096 910 proportionata3
1142 864 1258 894 nam
1306 848 1553 895 obiectum
1592 848 1804 896 maxime
1840 863 1949 910 pro-

43 924 376 986 portionatum
413 923 687 971 intellectus
723 923 924 970 humani
961 931 1070 970 sunt
1106 922 1402 983 quidditates
1440 938 1601 970 rerum
1630 922 1946 981 sensibilium,

45 998 107 1045 ad
145 1013 350 1059 quarum
385 998 536 1045 instar
572 998 719 1045 etiam
756 997 1022 1060 spiritualia
1058 997 1400 1058 intellegimus.

121 1104 272 1153 Resp.
338 1095 469 1142 Dz'st.
518 1097 627 1142 min.
676 1095 794 1141 subs.
817 1114 831 1141 .·
881 1094 1042 1141 Etiam
1095 1094 1366 1141 secundum
1417 1102 1607 1155 partem
1660 1094 1948 1141 rationalem

43 1171 176 1217 bona
213 1169 460 1217 sensibilia
497 1178 606 1217 sunt
642 1169 852 1216 maxime
889 1168 1289 1230 proportionata,
1338 1168 1366 1215 i.
1407 1184 1447 1215 e.
1487 1169 1697 1215 maxime
1738 1177 1852 1230 apta
1888 1169 1951 1215 ad

45 1244 319 1291 satiandam
354 1244 660 1291 tendentiam
696 1244 969 1291 intellectus
1005 1243 1055 1290 in
1092 1259 1286 1302 verum,
1326 1259 1460 1303 nego,
1503 1244 1712 1290 maxime
1748 1258 1952 1305 propor-

44 1318 243 1376 tionata,
282 1319 309 1366 i.
339 1334 379 1366 e.
418 1319 578 1380 primo
616 1326 663 1365 et
698 1334 787 1380 per
823 1333 873 1365 se
912 1317 1281 1378 cognoscibilia,
1320 1319 1540 1364 subdz'st.:
1574 1333 1666 1379 pro
1703 1318 1951 1380 praesenti

45 1393 172 1440 vitae
210 1402 347 1451 statu,
387 1408 519 1449 cona,
559 1409 649 1453 pro
687 1401 811 1440 statu
850 1392 1041 1439 animae
1079 1401 1349 1453 separatae,
1388 1409 1514 1452 nego.

128 1497 228 1537 Obi.
267 1500 304 1536 6.
373 1490 558 1536 Contra
594 1491 654 1536 Π.
694 1498 883 1551 partem
922 1497 969 1536 et
1005 1490 1166 1536 Schol.
1228 1491 1381 1536 Totus
1418 1490 1568 1536 homo
1605 1489 1828 1536 beandus
1865 1497 1950 1545 est,

47 1579 149 1610 non
196 1566 299 1611 sola
345 1563 522 1611 anima.
595 1564 747 1623 Atqui
780 1565 913 1610 Deus
963 1579 1064 1610 non
1109 1572 1270 1625 potest
1307 1573 1460 1610 totum
1498 1563 1749 1610 hominem
1787 1565 1952 1621 beare,

49 1640 136 1686 sed
172 1639 326 1686 solam
363 1638 590 1685 animam.
646 1638 783 1697 Erga
820 1640 954 1685 Deus
991 1653 1094 1684 non
1132 1647 1202 1685 est
1240 1639 1487 1685 obiectum
1526 1638 1771 1686 sufficiens
1807 1638 1955 1685 beati·

48 1713 241 1760 tudinis.

124 1811 274 1859 Resp.
347 1802 477 1848 Dz'sz‘.
517 1804 658 1848 mad:
694 1803 863 1848 Homo
901 1802 1124 1849 beandus
1162 1811 1233 1849 est
1270 1802 1377 1849 talis
1416 1802 1572 1862 qualis
1609 1802 1804 1858 exsistit,
1844 1817 1955 1848 cum

46 1876 399 1924 beatitudinem
437 1876 766 1937 consequitur,
806 1892 939 1931 cem„
979 1876 1130 1934 aliter,
1170 1892 1296 1936 nego.
1359 1878 1487 1922 Dist.
1516 1878 1658 1923 min..-
1694 1878 1829 1924 Deus
1854 1891 1955 1923 non

46 1959 207 2013 potest
242 1960 396 1998 totum
432 1951 686 1998 hominem
725 1951 911 1998 directe
947 1953 1124 2009 beare,
1175 1967 1318 2007 cem„
1368 1951 1606 1998 indirecte
1645 1960 1692 1998 et
1729 1967 1817 2012 per
1853 1952 1959 1998 red-

45 2025 333 2072 undantiam
371 2041 430 2072 ex
465 2034 604 2087 parte
642 2026 895 2087 superiore
932 2025 983 2071 in
1020 2025 1306 2072 inferiorem
1344 2022 1408 2086 (S.
1456 2026 1616 2072 leom.
1662 2044 1699 2081 1,
1744 2044 1783 2083 2,
1824 2042 1869 2086 q.
1910 2042 1954 2084 4,

46 2117 87 2148 a.
129 2113 152 2162 5
193 2100 257 2146 ad
294 2095 356 2160 4),
395 2101 616 2147 subdist.:
661 2100 699 2147 si
736 2109 865 2147 totus
901 2100 1053 2146 homo
1091 2100 1189 2146 iam
1226 2115 1327 2146 non
1366 2100 1571 2158 exsistit,
1618 2116 1762 2156 canc„
1801 2116 1954 2158 secus,

46 2190 171 2234 nego.
245 2174 327 2220 Ad
362 2190 466 2221 rem
505 2174 684 2221 Suarez
721 2171 819 2236 (op.
860 2192 899 2221 c.
940 2175 1062 2236 disp.
1108 2188 1190 2236 15,
1240 2183 1355 2221 sect.
1399 2192 1450 2231 2,
1489 2191 1535 2222 n.
1579 2170 1649 2236 7):
1706 2175 1849 2221 «Non
1887 2183 1959 2222 est

43 2264 247 2296 necesse
296 2257 346 2295 ut
385 2250 534 2296 homo
571 2249 725 2311 possit
762 2250 999 2309 consequi
1037 2249 1177 2296 aliter
1213 2265 1349 2296 suum
1388 2250 1558 2306 finem,
1612 2265 1757 2311 quam
1796 2258 1959 2310 potest

45 2323 305 2384 exsistere3
353 2325 485 2370 nulla
522 2323 654 2371 enim
691 2323 924 2370 naturalis
960 2339 1038 2370 res
1076 2323 1207 2369 aliud
1244 2324 1477 2384 postulat,
1516 2323 1609 2370 nisi
1646 2324 1801 2384 quod,
1842 2324 1958 2370 dum

46 2398 252 2456 exsistit,
300 2399 454 2459 possit
499 2400 648 2445 finem
693 2414 830 2445 suum
869 2397 1132 2459 consequi:
1185 2397 1307 2444 sicut
1344 2413 1462 2459 ergo
1498 2399 1649 2445 homo
1687 2398 1958 2445 secundum

46 2481 270 2519 naturam
315 2473 559 2533 integram
608 2472 938 2533 corruptibilis
987 2481 1084 2530 est,
1135 2472 1408 2519 secundum
1455 2472 1672 2518 animam
1708 2488 1827 2519 vero
1876 2472 1960 2519 im-

45 2548 264 2594 mortalis
301 2555 350 2594 et
387 2555 627 2604 aeternus,
667 2548 732 2593 ita
770 2547 882 2594 satis
921 2555 1005 2604 est,
1046 2547 1181 2608 quod
1217 2562 1308 2608 pro
1345 2547 1511 2607 aliquo
1548 2555 1773 2608 tempore
1806 2546 1960 2608 possit

47 2622 331 2669 naturaliter
379 2637 484 2669 esse
531 2617 856 2683 (imperfecte)
904 2622 1076 2668 beatus
1124 2621 1174 2667 in
1221 2630 1325 2668 toto
1375 2621 1671 2683 compositO,
1717 2630 1965 2685 perpetuo

46 2710 164 2742 vero
202 2698 360 2743 solum
396 2696 446 2742 in
484 2696 692 2743 anima.»

76 2781 78 2784 ’
130 2793 231 2833 Obi.
268 2803 306 2844 7.
373 2785 633 2833 Beatitudo
683 2794 755 2833 est
790 2785 897 2833 finis
932 2786 1157 2840 lmmim‘s,
1204 2800 1307 2832 non
1344 2785 1491 2832 solius
1527 2785 1737 2832 animae.
1809 2784 1963 2846 Atqui

47 2861 197 2908 homo
234 2861 558 2908 essentialiter
594 2860 814 2908 consistit
850 2876 909 2908 ex
947 2875 1155 2922 corpore
1194 2869 1241 2906 et
1278 2860 1456 2907 anima.
1521 2860 1659 2919 Ergo
1697 2868 1744 2906 et
1781 2874 1958 2920 corpus

47 2944 95 2982 et
130 2936 296 2982 anima
331 2935 481 2982 debet
516 2936 667 2982 beari.

126 3033 276 3080 Resp.
347 3024 478 3070 Dist.
518 3025 625 3069 mai.
646 3041 659 3069 .·
704 3022 963 3070 Beatitudo
1013 3031 1085 3070 est
1131 3022 1239 3069 finis
1275 3024 1359 3083 qui
1402 3037 1488 3069 seu
1523 3022 1631 3068 finis
1669 3020 1957 3068 efficiendus

0 3136 3 3140 ,
47 3097 191 3144 totius
237 3097 475 3156 hominis,
524 3113 669 3153 cona,
719 3097 826 3144 finis
861 3113 950 3158 quo
987 3112 1073 3144 seu
1108 3096 1216 3143 finis
1254 3095 1633 3156 consequendus
1671 3112 1697 3142 a
1734 3103 1838 3142 toto
1874 3095 1958 3141 ho-

46 3172 195 3228 mine,
232 3172 453 3218 subdz'st.:
487 3172 526 3219 si
562 3180 689 3218 totus
727 3172 888 3218 adhuc
914 3170 1110 3229 exsistit,
1149 3186 1280 3229 comt,
1320 3186 1473 3228 secus,
1513 3185 1639 3229 nege.
1693 3168 1956 3216 Inferiores

47 3254 211 3307 partes
257 3247 442 3293 habent
488 3246 733 3294 rationem
780 3245 1087 3293 instrumenti
1135 3261 1225 3306 pro
1273 3254 1411 3307 parte
1459 3244 1756 3291 intellectiva
1799 3252 1846 3290 et
1893 3259 1954 3290 eo

49 3320 156 3381 ipso
193 3322 342 3367 finem
378 3336 516 3368 suum
543 3329 926 3382 consequuntur,
966 3320 1099 3383 quod
1124 3321 1249 3368 haec
1273 3318 1628 3368 beatitudinem
1654 3316 1950 3380 adipiscitur.
