2182 3682
214 181 320 234 354
610 182 724 211 PARS
760 182 807 214 ΙΙ.
858 182 1174 212 PHILOSOPHIA
1207 183 1409 213 MORALIS
1445 184 1697 215 SPECIALIS.

213 317 373 367 etiam
400 316 472 366 illi
499 317 745 368 homines
773 336 1001 385 corpore
1030 319 1250 381 robusti,
1287 321 1382 370 sed
1412 321 1589 371 animo
1619 320 1838 372 debiles,
1907 321 1964 386 b)
1994 321 2121 373 Ubi-

213 416 444 465 cumque
484 399 635 450 multi
677 400 894 451 diversis
922 401 1120 451 viribus
1161 409 1215 452 et
1254 402 1434 452 indole
1475 404 1542 453 ad
1584 420 1746 453 unum
1781 410 1952 453 toturn
1983 403 2122 454 bene

211 482 513 532 ordinatum
555 483 822 543 uniuntur,
867 491 1082 549 oportet
1123 492 1179 534 ut
1218 483 1302 534 alii
1344 486 1594 551 praesint,
1638 485 1723 535 alii
1769 485 2117 547 subserviant,

211 571 264 614 et
304 564 524 631 quidem
564 565 768 615 debiles
813 566 998 631 spiritu
1040 566 1136 616 sed
1178 566 1342 617 fortes
1384 584 1610 633 corpore
1649 568 1845 618 servire
1886 576 2118 634 oportet.

210 645 471 703 Attamen
512 647 645 698 haec
686 657 999 713 argumenta
1038 647 1211 698 solum
1253 649 1486 715 probant
1531 650 1668 700 inter
1707 649 1951 700 homines
1990 650 2121 700 alios

211 729 408 779 debere
448 747 720 795 praeesse,
776 729 907 780 alios
947 730 1191 792 subesse,
1247 731 1343 781 sed
1384 749 1491 781 non
1539 732 1773 798 probant
1812 733 1990 782 multis
2029 732 2120 782 ho·
2170 722 2174 723 ⁷

210 812 440 861 minibus
482 812 752 878 expedire,
794 822 851 862 ut
891 814 959 863 ab
993 814 1104 863 aliis
1132 814 1534 879 possideantur.
1604 814 1674 865 Et
1703 814 1926 864 fortasse
1954 813 2120 880 philo-

210 892 414 959 sophus
467 893 557 943 illo
612 911 769 944 sensu
825 894 999 945 solum
1055 912 1288 946 asserere
1339 895 1507 946 voluit
1563 896 1694 946 alios
1751 896 1949 946 debere
2004 913 2120 946 esse

211 992 419 1037 servos,
464 975 595 1026 alios
636 977 901 1027 dominos.
984 977 1063 1027 Ita
1104 995 1226 1027 eum
1265 979 1595 1045 interpretari
1635 979 1883 1029 videntur
1923 978 2119 1045 passim

209 1056 515 1108 scholastici
568 1075 691 1108 cum
733 1058 785 1109 S.
841 1059 1050 1110 Thema
1092 1061 1170 1125 (In
1212 1061 1233 1109 I
1273 1060 1425 1111 Polit.
1470 1060 1500 1111 1.
1547 1062 1615 1125 2).
1697 1062 1766 1110 Et
1806 1078 1861 1111 re
1901 1061 2118 1127 quidem

208 1156 332 1189 vera
360 1139 492 1190 haec
521 1140 752 1206 benigna
782 1142 1146 1209 interpretatio
1176 1161 1244 1193 ex
1267 1160 1332 1193 eo
1356 1144 1622 1205 suadetur,
1655 1143 1802 1209 quod
1824 1143 2119 1193 secundum

210 1221 560 1272 Aristotelem
615 1224 750 1273 inter
804 1225 1082 1274 dominum
1139 1234 1191 1275 et
1245 1242 1453 1275 servum
1496 1225 1726 1276 amicitia
1766 1242 1883 1275 esse
1924 1233 2120 1292 potest,

211 1321 347 1369 quae
403 1307 702 1355 necessario
758 1307 1135 1372 aequalitatem
1193 1309 1463 1374 quandam
1521 1307 1782 1374 postulat3
1847 1316 2122 1374 praeterea

209 1387 505 1437 secundum
555 1388 937 1455 philosophum
989 1407 1169 1440 servus
1226 1407 1353 1455 erga
1408 1390 1682 1440 dominum
1724 1391 1802 1440 ius
1844 1390 2121 1457 quoddam

211 1469 410 1519 habere
451 1479 646 1536 potest,
690 1488 798 1521 non
840 1472 1056 1538 quidem
1095 1481 1357 1538 quatenus
1387 1482 1466 1522 est
1494 1490 1691 1534 servus,
1734 1472 1830 1523 sed
1860 1479 2121 1539 quatenus

212 1560 292 1601 est
332 1552 512 1603 homo,
582 1553 830 1620 Denique
873 1555 1102 1605 consulit
1143 1556 1386 1616 dominis,
1432 1564 1489 1605 ut
1515 1573 1697 1606 servos
1725 1556 1864 1606 bene
1893 1555 2122 1605 educent

211 1634 381 1700 iisque
422 1634 720 1685 libertatem
760 1638 1100 1703 promittant3
1152 1638 1298 1704 quod
1342 1647 1484 1688 certe
1525 1638 1634 1688 fieri
1676 1655 1783 1688 non
1824 1646 2036 1705 posset,
2079 1638 2121 1687 si

213 1734 307 1782 per
346 1718 516 1783 ipsam
558 1727 799 1768 naturam
842 1720 1140 1770 necessario
1181 1721 1317 1770 servi
1358 1729 1548 1771 essent.

215 1841 362 1905 459·
447 1858 548 1899 Obi.
584 1872 616 1899 1.
675 1854 751 1899 Ex
786 1853 892 1914 ipsa
928 1854 1053 1901 thesi
1090 1854 1236 1901 etiam
1274 1853 1437 1900 mitior
1473 1853 1676 1900 servitus
1713 1853 1858 1900 variis
1893 1854 2125 1916 periculis

214 1925 431 1973 obnoxia
479 1934 551 1973 est
598 1936 700 1973 tum
736 1944 827 1989 pro
877 1928 1090 1976 dominis
1138 1938 1239 1975 tum
1277 1944 1368 1990 pro
1416 1928 1581 1976 servis.
1654 1928 1808 1989 Atqui
1844 1928 1979 1989 quod
2027 1929 2124 1975 tale

214 2008 298 2058 est,
338 2000 429 2047 iuri
464 2011 667 2049 naturae
705 2012 960 2065 repugnat.
1033 2004 1172 2064 Ergo
1200 2043 1207 2051 .
1239 2042 1246 2050 .
1278 2042 1285 2050 .

292 2091 443 2140 Resp.
519 2084 652 2132 Com.
692 2089 800 2132 mas.
853 2087 984 2133 Djsf.
1024 2089 1167 2133 mm:
1217 2088 1486 2148 Repugnat
1522 2085 1613 2132 iuri
1648 2095 1875 2145 naturae,
1925 2084 1964 2132 si
1999 2086 2125 2132 haec

213 2156 434 2218 pericula
481 2175 582 2206 non
620 2175 709 2222 per
745 2161 865 2208 alias
910 2178 1080 2209 causas
1128 2161 1282 2208 minui
1319 2162 1397 2208 vel
1435 2160 1581 2208 etiam
1630 2160 1842 2207 maxima
1889 2175 1948 2207 ex
1985 2168 2124 2221 parte

214 2233 443 2294 impediri
479 2244 697 2295 possunt,
737 2252 871 2293 cana,
910 2252 1064 2294 secus,
1103 2252 1229 2296 flego.

296 2322 398 2362 Obi.
432 2335 475 2363 2.
533 2317 629 2363 Iuri
666 2327 869 2365 naturae
907 2328 1164 2381 repugnat,
1204 2317 1339 2380 quod
1370 2318 1494 2365 tollit
1531 2317 1636 2365 iura
1671 2316 1925 2364 naturalia.
1977 2316 2132 2378 Atqui

216 2389 419 2437 servitus
457 2391 604 2438 etiam
641 2392 807 2439 mitior
842 2394 966 2440 tollit
1002 2394 1106 2440 iura
1142 2393 1406 2451 naturalia,
1458 2409 1500 2440 v.
1540 2409 1583 2454 g.
1623 2392 1695 2439 ius
1732 2392 1795 2439 ad
1831 2392 2123 2448 libertatem,

216 2464 280 2511 ad
316 2465 673 2526 acquirendam
711 2470 1079 2530 proprietatem.
1154 2469 1291 2528 Ergo
1323 2508 1330 2515 .
1362 2507 1369 2515 .
1401 2507 1408 2514 .

294 2556 445 2606 Resp.
509 2550 639 2597 Dsst.
679 2553 821 2598 mad:
868 2551 1019 2611 Quod
1055 2552 1179 2598 tollit
1225 2551 1329 2598 iura
1365 2550 1605 2597 naturalia
1643 2548 1919 2597 essentialia
1967 2557 2016 2596 et
2058 2547 2127 2594 in-

218 2621 511 2682 alienabilia‚
551 2640 685 2681 cena,
725 2626 860 2686 quod
898 2627 1055 2673 solum
1086 2627 1210 2672 tollit
1245 2626 1350 2672 iura
1387 2623 1627 2672 naturalia
1663 2623 1958 2682 alienabilia‚
1996 2638 2123 2683 nege.

223 2695 510 2745 Conlrczdz'st.
556 2702 665 2747 min.
738 2701 899 2747 Etiam
949 2716 1038 2762 per
1086 2700 1447 2762 professionem
1496 2699 1777 2760 religiosam
1824 2699 1976 2745 multa
2021 2697 2126 2743 iura

218 2774 471 2831 naturalia,
510 2774 677 2835 utique
716 2776 1010 2834 alienabilia,
1049 2777 1295 2832 tolluntur,
1334 2792 1377 2821 v.
1405 2790 1449 2835 g.
1481 2774 1553 2820 ius
1592 2773 1883 2834 acquirendi
1907 2772 2126 2834 proprie-

217 2853 392 2906 tatem,
442 2848 513 2895 ius
558 2850 887 2897 contrahendi
923 2849 1304 2897 matrimonium.
1377 2849 1541 2896 Nemo
1585 2858 1753 2895 tamen
1790 2847 1967 2895 dixerit
2015 2862 2124 2893 eam

218 2936 497 2983 repugnare
533 2923 624 2970 iuri
660 2933 876 2973 naturae.

951 3053 1281 3093 ARTICULUS
1314 3053 1386 3092 IV.

555 3156 645 3202 DE
684 3157 972 3202 FAMILIA
1011 3157 1381 3203 COMPLETE
1420 3154 1785 3202 SPECTATA.

222 3289 370 3342 470.
450 3280 535 3329 Ex
587 3279 865 3346 hucusque
917 3280 1198 3346 disputatis
1249 3279 1475 3329 efficitur
1528 3277 1778 3328 familiam
1827 3276 2125 3327 secundum

222 3378 408 3411 omnes
460 3371 564 3412 tres
620 3371 823 3428 partes,
883 3364 1076 3428 quibus
1133 3370 1369 3421 constat,
1427 3377 1543 3410 esse
1598 3361 1914 3410 societatem
1967 3374 2123 3407 sensu
