2182 3682
508 150 596 178 LIB.
631 150 679 178 II.
727 149 827 178 CAP.
862 148 929 177 ΙΙΙ.
974 147 1036 175 DE
1070 146 1327 175 SOCIETATE
1361 146 1520 175 CIVILI.
1846 146 1943 198 391

60 296 138 339 est
177 286 243 335 ab
284 285 533 351 opinione
573 301 771 344 eorum,
816 283 905 349 qui
944 282 1100 332 finem
1146 282 1367 331 civitatis
1406 281 1576 331 solam
1615 282 1953 331 securitatem

59 378 112 420 et
162 384 350 434 pacem
401 383 516 416 esse
568 366 914 415 contendunt.
997 363 1204 413 Suarez
1255 364 1360 427 (De
1413 362 1513 427 leg.
1570 362 1599 412 1.
1650 376 1707 426 3,
1763 380 1806 413 c.
1871 363 1953 427 ΙΙ)

59 453 183 501 data
223 465 386 514 opera
425 449 535 513 agit
576 447 643 497 de
684 448 788 496 fine
828 446 1108 512 potestatis
1148 453 1201 494 et
1241 444 1372 510 legis
1414 443 1589 494 civilis.
1666 444 1955 509 Postquam

58 531 276 582 asseruit
326 538 650 595 potestatem
703 527 907 578 civilem
949 544 1055 576 non
1107 526 1304 575 habere
1356 543 1453 590 pro
1509 525 1612 574 fine
1653 524 1955 574 felicitatem

59 610 506 679 supernaturalem
536 618 588 659 et
627 608 969 675 spiritualem,
1013 609 1085 657 ita
1126 608 1299 673 pergit
1327 607 1396 670 (n.
1431 607 1509 671 7):
1561 605 1760 656 «Addo
1803 606 1956 655 tertio

60 702 383 762 potestatem
423 691 627 742 civilem
682 689 1056 757 legislativam,
1113 690 1271 739 etiam
1312 689 1362 738 in
1416 706 1548 754 pura
1587 697 1771 738 natura
1811 704 1958 753 spec-

25 781 239 834 tatam,
283 792 389 824 non
430 774 628 823 habere
669 790 765 838 pro
796 772 899 821 fine
939 772 1220 821 intrinseco
1251 780 1303 820 et
1343 788 1438 836 per
1464 788 1521 820 se
1560 771 1765 819 intento
1807 768 1961 819 felici-

59 867 223 908 tatem
251 856 542 906 naturalem
572 856 710 904 vitae
751 854 979 903 futurae:
1024 853 1188 902 immo
1217 870 1315 902 nec
1357 853 1627 918 propriam
1656 851 1960 901 felicitatem

61 939 353 990 naturalem
403 939 541 987 vitae
594 937 910 1003 praesentis,
970 944 1231 1001 quatenus
1284 935 1350 984 ad
1407 933 1647 1000 singulos
1701 933 1958 993 homines,

60 1031 116 1071 ut
156 1020 496 1088 particulares
537 1035 797 1085 personae
826 1025 964 1078 sunt,
1009 1017 1272 1083 pertinere
1300 1024 1494 1082 potest,
1538 1016 1633 1065 sed
1663 1016 1773 1065 eius
1801 1015 1962 1064 finem

60 1120 174 1154 esse
227 1103 531 1152 felicitatem
572 1100 866 1151 naturalem
907 1099 1305 1149 communitatis
1357 1098 1622 1147 humanae
1675 1097 1961 1163 perfectae,

62 1186 208 1235 cuius
249 1201 427 1234 curam
469 1184 618 1248 gerit,
662 1191 713 1232 et
754 1181 1087 1248 singulorum
1126 1181 1422 1239 hominum,
1467 1188 1521 1230 ut
1561 1187 1684 1229 sunt
1723 1179 1964 1228 membra

63 1266 180 1316 talis
221 1266 629 1326 communitatis,
675 1272 729 1314 ut
770 1265 826 1314 in
867 1282 929 1313 ea
958 1263 1049 1313 sel.
1095 1264 1149 1312 in
1178 1271 1316 1327 pace
1357 1270 1408 1311 et
1444 1262 1649 1311 iustitia
1691 1261 1882 1311 vivant
1918 1269 1969 1310 et

63 1367 175 1399 cum
215 1348 537 1415 sufficientia
579 1348 850 1406 bonorum,
892 1363 1027 1411 qnae
1068 1346 1147 1394 ad
1180 1345 1324 1394 vilae
1357 1343 1661 1409 corporalis
1689 1361 1965 1393 conserva-

62 1432 255 1481 tionem
297 1438 347 1479 et
384 1430 806 1479 commodl'lalem
835 1435 1086 1493 spectans,
1128 1435 1177 1476 et
1203 1445 1315 1476 cmm
1345 1445 1408 1475 ea
1438 1426 1711 1491 probitate
1739 1443 1963 1487 morum,

64 1531 199 1579 quae
239 1512 318 1561 ad
363 1512 501 1562 lame
540 1520 819 1561 externam
860 1519 1052 1574 pacem
1095 1518 1145 1558 el
1175 1509 1503 1573 fi'licz'tatellz
1557 1508 1881 1573 reipublicae
1919 1516 1971 1557 et

63 1595 450 1645 convenientem
492 1594 761 1644 [flavianae
797 1601 1027 1642 naturae
1055 1591 1510 1641 cwlservalionem
1538 1590 1846 1640 necessaria
1875 1598 1964 1640 cst.

65 1676 217 1726 Haec
259 1686 338 1726 est
386 1693 535 1725 mens
576 1674 922 1724 Aristotelis.
958 1717 965 1724 .
1001 1716 1008 1724 .
1065 1682 1118 1723 et
1157 1674 1225 1722 D.
1269 1672 1547 1722 Thomae»
1595 1680 1694 1722 etc.
1751 1671 1969 1738 Triplici

63 1776 192 1825 ergo
245 1758 511 1808 elemento
563 1758 863 1807 secundum
903 1756 1097 1807 Suarez
1148 1764 1358 1805 constat
1410 1755 1526 1804 finis
1578 1755 1857 1821 potestatis
1905 1755 1969 1804 ci-

61 1841 202 1891 vilis:
267 1854 306 1889 Ι.
352 1857 484 1906 pace
538 1848 590 1889 et
641 1840 860 1900 iustitia,
917 1853 963 1888 2.
1007 1838 1324 1888 sufficientia
1374 1837 1662 1897 bonorum,
1718 1854 1853 1902 quae
1901 1837 1969 1886 ad

62 1924 200 1973 vitae
253 1921 542 1988 corporalis
595 1922 1053 1972 conservationem
1107 1928 1160 1970 et
1212 1920 1654 1969 commoditatem
1706 1928 1967 1984 spectant,

66 2019 111 2069 3.
157 2023 219 2054 ea
269 2005 537 2070 probitate
579 2022 814 2064 morum,
872 2020 1007 2069 quae
1060 2002 1127 2052 ad
1179 2002 1316 2051 hanc
1358 2011 1635 2051 externam
1687 2018 1878 2066 pacem
1918 2010 1971 2051 et

63 2086 365 2137 felicitatem
405 2086 726 2152 reipublicae
755 2086 1051 2135 necessaria
1080 2094 1173 2134 est.
1231 2083 1377 2133 Alibi
1420 2084 1615 2149 passim
1644 2083 1770 2133 dicit
1811 2083 1971 2133 finem

62 2169 196 2235 legis
237 2168 399 2218 civilis
439 2186 554 2218 esse
598 2168 901 2218 felicitatem
943 2167 1277 2233 reipublicae.
1361 2166 1605 2217 Felicitas
1646 2174 1823 2216 autem
1864 2183 1971 2216 non

63 2252 303 2301 consistit
330 2252 381 2300 in
408 2250 523 2300 sola
564 2268 712 2317 pace,
757 2259 917 2316 prout
945 2268 1054 2316 pax
1082 2249 1345 2315 significat
1373 2249 1670 2298 absentiam
1700 2249 1971 2299 turbarum

63 2340 117 2383 et
155 2334 472 2383 iniuriarum.
554 2332 701 2383 Sicut
754 2332 947 2382 familia
999 2349 1106 2381 non
1155 2332 1404 2381 obstante
1458 2347 1591 2396 pace
1644 2339 1823 2397 potest
1863 2348 1972 2380 ver-

63 2415 164 2464 sari
213 2416 264 2464 in
305 2433 510 2465 summa
552 2416 784 2476 miseria,
839 2416 910 2464 ita
959 2415 1117 2464 etiam
1160 2414 1383 2464 civitatis
1435 2413 1655 2463 felicitas
1702 2430 1810 2462 non
1852 2431 1973 2463 con-

63 2498 198 2547 sistit
225 2498 276 2546 in
303 2497 418 2548 sola
457 2515 605 2563 pace.
664 2495 875 2562 Quodsi
904 2496 1096 2547 Suarez
1125 2495 1263 2556 alibi,
1307 2496 1397 2545 ubi
1425 2505 1631 2545 tantum
1659 2496 1710 2544 in
1751 2496 1972 2545 transitu

65 2578 295 2644 loquitur
336 2579 404 2629 de
444 2580 548 2629 fine
590 2580 721 2645 legis
763 2579 954 2640 civilis,
1005 2578 1175 2628 solam
1216 2595 1407 2644 pacem
1450 2586 1864 2638 commemorat,
1908 2595 1973 2628 ne

64 2661 187 2710 inde
240 2661 529 2712 concludas
584 2679 708 2712 eum
763 2661 863 2711 alia
914 2661 1180 2711 elementa
1231 2678 1260 2709 e
1317 2660 1420 2709 fine
1476 2661 1759 2726 potestatis
1811 2659 1973 2710 civilis

68 2742 381 2804 excludere,
436 2745 531 2793 nisi
582 2761 815 2794 asserere
867 2743 995 2793 velis
1044 2760 1166 2792 eum
1219 2742 1318 2792 sibi
1347 2745 1633 2808 'perpetuo
1686 2751 1739 2792 et
1790 2750 1974 2808 aperte

70 2826 449 2876 contradicere.

71 2973 216 3027 521.
299 2975 465 3013 PARS
496 2975 572 3013 ΙΙΙ.
639 2975 772 3012 Inter
800 2975 894 3012 lias
929 2977 1087 3012 autem
1124 2976 1212 3012 etc.

145 3067 309 3114 Prob.
387 3065 606 3132 Duplex
645 3083 815 3131 genus
856 3065 1119 3115 eiusmodi
1159 3064 1537 3114 condicionum
1567 3063 1819 3129 distingui
1859 3070 1973 3128 pot-

72 3157 176 3198 est:
219 3148 369 3198 alz'ae
409 3157 654 3215 respectu
696 3148 977 3198 activitatis
1017 3148 1253 3214 privatae
1290 3155 1412 3196 sunt
1453 3146 1631 3212 potius
1670 3145 1974 3211 negativae,

71 3246 209 3295 quae
259 3231 597 3297 prohibentia
649 3239 945 3293 removent;
1001 3231 1102 3280 hae
1155 3229 1450 3279 consistunt
1502 3229 1553 3277 in
1605 3236 1789 3277 mutua
1841 3243 1974 3293 pace

72 3320 125 3361 et
162 3313 443 3363 securitate
484 3314 681 3363 ordinis
721 3313 937 3374 iuridici,
981 3311 1194 3379 qualem
1223 3311 1475 3377 organica
1502 3310 1770 3360 societatis
1810 3318 1974 3359 struc-
