2182 3682
222 170 329 223 350
618 169 732 199 PARS
765 170 813 199 ΙΙ.
866 170 1178 200 PHILOSOPHIA
1212 170 1417 200 MORALIS
1453 171 1702 201 SPECIALIS.

218 306 479 356 servitutis
505 305 626 356 idea
653 307 823 373 probe
852 306 1228 374 distinguenda
1255 315 1336 357 est
1376 307 1614 369 servitus,
1657 307 1871 375 qualem
1911 307 2129 358 historia

219 389 287 438 de
327 387 469 438 facto
511 389 655 455 apud
697 388 979 456 plerasque
1019 399 1207 456 gentes
1258 391 1524 440 exstitisse
1576 392 1924 442 demonstrat.
1992 391 2127 441 Fere

216 471 416 537 ubique
453 478 576 521 ante
605 470 798 521 Christi
824 472 1114 522 adventum
1142 473 1278 522 servi
1305 483 1580 539 tamquam
1607 473 1820 523 inferius
1848 473 2125 539 quoddam

217 553 495 604 hominum
536 571 706 620 genus
745 553 829 604 vel
870 562 1142 621 tamquam
1185 554 1447 605 nobiliora
1485 555 1719 606 iumenta
1769 555 2122 618 habebantur,

217 637 411 702 quibus
469 637 548 686 ius
607 636 810 686 nullum
872 638 1234 703 competebat.
1331 636 1640 688 Secundum
1697 639 1778 688 ius
1843 655 2124 689 romanum

216 718 492 784 antiquum
546 718 810 784 (tempore
862 718 1206 785 reipublicae)
1256 736 1438 769 servus
1478 737 1587 769 non
1629 720 1976 786 reputabatur
2008 737 2125 770 esse
2167 718 2172 719 ⁷

202 808 443 865 persona
472 800 555 850 vel
596 809 753 866 capul
777 801 1097 865 (subiectum
1138 801 1280 866 iuris)
1309 800 1390 851 vel
1426 803 1585 851 etiam
1614 802 1780 852 homo
1809 819 1932 852 cum
1960 810 2118 864 statu,

213 884 309 932 sed
356 882 529 933 solum
569 882 725 933 [como
768 884 954 948 (homo
995 885 1106 933 sine
1148 885 1369 950 capite),
1412 884 1645 950 ideoque
1686 884 1903 935 civiliter
1943 901 2124 935 coram

214 965 324 1014 iure
374 983 482 1016 non
534 974 647 1015 erat
697 966 794 1015 nisi
835 984 952 1026 res,
1005 983 1166 1033 quam
1219 967 1469 1017 dominus
1518 968 1586 1017 ad
1628 967 1835 1017 libitum
1877 974 2120 1028 tractare,

213 1046 441 1098 alienare
480 1047 563 1098 vel
605 1049 878 1098 destruere
919 1056 1144 1115 poterat.

215 1164 363 1230 462.
445 1167 656 1234 Religio
686 1168 966 1218 christiana
996 1168 1231 1229 tandem,
1268 1166 1546 1234 aequalem
1577 1169 1817 1218 omnium
1844 1167 2121 1218 hominurn

214 1260 480 1313 naturam,
534 1252 819 1317 originem,
875 1251 1037 1301 finem
1079 1251 1358 1311 docendO,
1411 1251 1575 1300 servis
1615 1267 1764 1300 suam
1807 1250 2122 1316 dignitatem

212 1333 548 1399 personalem
602 1341 655 1383 et
706 1334 815 1382 iura
867 1334 1144 1383 hominum
1191 1332 1542 1383 inalienabilia
1583 1333 1835 1394 restituit,
1893 1334 2124 1383 dominis

213 1424 266 1465 et
317 1416 481 1466 servis
533 1424 719 1466 mutua
760 1415 936 1465 officia
986 1415 1294 1476 inculcavit,
1350 1416 1504 1465 variis
1556 1415 1783 1465 decretis
1823 1424 1876 1465 et
1916 1415 2124 1481 legibus

211 1499 545 1559 servitutem,
605 1515 764 1565 quam
806 1499 1035 1564 primum
1075 1499 1279 1565 potuit,
1324 1498 1600 1564 mitigavit.
1682 1497 1944 1548 Attamen
1985 1498 2123 1548 adeo

210 1581 344 1631 altas
410 1581 613 1631 radices
673 1582 895 1631 servitus
955 1590 1168 1648 egerat,
1237 1590 1295 1630 ut
1357 1580 1535 1647 aliqua
1593 1581 1800 1646 species
1859 1581 2124 1631 servitutis

211 1664 429 1713 mitioris
479 1681 647 1730 usque
701 1664 768 1714 ad
821 1673 1001 1714 nostra
1054 1663 1161 1714 fere
1208 1673 1452 1729 tempora
1494 1664 1768 1714 exstiterit.
1851 1661 1957 1728 Qui
1999 1663 2122 1713 huic

208 1747 433 1797 subiecti
456 1754 619 1808 erant,
651 1747 892 1796 homines
909 1747 1137 1812 proprii
1162 1746 1243 1796 vel
1265 1746 1461 1812 glebae
1489 1746 1756 1811 adscrzffli
1772 1746 2117 1807 vocabantur,

211 1830 364 1880 variis
415 1830 614 1879 iuribus
666 1829 892 1896 praediti
943 1837 1091 1879 erant
1144 1838 1196 1878 et
1248 1845 1410 1895 saepe
1461 1828 1563 1878 sub
1616 1845 1738 1878 cura
1779 1828 2120 1878 dominorum

211 1929 334 1962 vere
383 1912 788 1963 christianorum
842 1911 1127 1962 feliciorem
1172 1911 1396 1961 fortasse
1435 1911 1598 1961 vitam
1640 1910 1902 1977 agebant,
1958 1928 2121 1977 quam

213 1994 364 2044 multi
406 1995 567 2045 hodie
608 1995 846 2061 operarii,
892 1996 983 2060 qui
1023 1994 1239 2045 nomine
1283 1994 1452 2060 magis
1494 2010 1655 2060 quam
1698 2011 1752 2043 re
1793 1993 1943 2043 liberi
1982 2001 2120 2043 sunt.

213 2077 454 2128 Ecclesia
494 2077 631 2128 hanc
674 2078 943 2127 missorem
983 2075 1251 2127 servitutis
1293 2077 1518 2127 formam
1561 2075 1826 2136 toleravit,
1881 2077 2126 2142 quamvis

212 2177 329 2210 eam
371 2178 479 2210 non
521 2170 579 2210 ut
619 2178 714 2226 per
754 2177 810 2210 se
851 2160 1050 2211 bonam
1092 2169 1144 2209 et
1186 2159 1531 2226 appetibilem
1562 2159 1982 2219 commendaret,
2025 2158 2120 2208 sed

212 2244 388 2309 potius
427 2244 678 2293 suavibus
720 2243 908 2292 mediis
948 2242 1134 2292 tollere
1176 2251 1473 2292 conaretur.

286 2326 635 2376 Recentiores
691 2324 843 2374 multi
899 2326 1058 2374 etiam
1114 2325 1248 2375 inter
1304 2323 1625 2385 catholicos,
1689 2340 1906 2373 omnem
1965 2323 2120 2373 servi-

212 2417 380 2458 tutem
433 2407 574 2458 nulla
624 2407 864 2458 adhibita
917 2408 1255 2457 distinctione
1305 2414 1363 2456 ut
1403 2404 1627 2457 naturali
1666 2406 1759 2455 iuri
1801 2406 2119 2456 contrariam

211 2491 512 2552 reicientes,
574 2508 682 2540 non
742 2508 859 2540 raro
915 2490 1200 2540 incredulis
1255 2507 1439 2539 ansam
1500 2488 1761 2555 praebent
1820 2487 2119 2538 Ecclesiam

209 2574 565 2624 calumniandi
605 2591 723 2623 eam
764 2573 1070 2623 servitutem
1111 2582 1352 2623 veterum
1394 2572 1740 2638 approbasse.

212 2691 359 2756 463.
426 2702 592 2740 PARS
624 2702 655 2739 I.
724 2701 983 2750 Quaelibet
1013 2701 1229 2739 servitus
1265 2731 1271 2738 .
1309 2731 1316 2738 .
1354 2730 1361 2738 .
1394 2699 1631 2749 periculis
1668 2698 1878 2737 obnoxia
1914 2700 2004 2736 est.

285 2783 449 2830 Prob.
549 2796 590 2832 Ι.
646 2782 835 2831 Parum
896 2798 1195 2831 consonum
1256 2787 1336 2829 est
1396 2778 1643 2845 dignitati
1706 2778 1997 2838 humanae,
2060 2786 2119 2826 ut

209 2866 326 2931 quis
377 2881 475 2930 pro
527 2863 643 2913 solo
683 2864 824 2913 victu
872 2871 1041 2913 totam
1083 2863 1409 2912 activitatem
1451 2878 1601 2910 suam
1641 2861 1693 2910 in
1734 2848 1947 2910 alterius
1987 2858 2118 2908 utili-

207 2954 373 2997 tatem
415 2946 709 2996 secundum
753 2945 990 2995 eiusdem
1031 2945 1304 2994 arbitrium
1354 2944 1579 2993 ordinet.

286 3043 332 3080 2.
377 3029 640 3079 Homines
694 3029 745 3077 in
797 3029 1049 3077 servitute
1089 3028 1328 3077 viventes
1382 3025 1533 3076 facile
1581 3042 1646 3075 eo
1689 3024 2004 3085 deveniunt,
2059 3032 2117 3072 ut

209 3111 474 3161 humanae
527 3111 796 3176 dignitatis
849 3109 999 3159 obliti
1050 3109 1288 3159 indolem
1340 3108 1497 3159 vilem
1553 3116 1605 3157 et
1655 3107 1919 3157 abiectam
1961 3105 2116 3170 («ser-

209 3193 424 3259 vilem»)
465 3194 703 3243 induant.

287 3290 332 3340 3.
377 3277 549 3326 Fovet
599 3276 822 3326 servitus
874 3274 1211 3324 dominorum
1268 3273 1600 3339 superbiam,
1656 3271 1955 3330 avaritiam,
2010 3286 2118 3319 cru-

211 3358 500 3419 delitatem,
545 3368 596 3407 et
638 3357 790 3407 facile
831 3357 881 3405 in
923 3357 1233 3406 servitutem
1275 3363 1660 3421 exaggeratam
1702 3353 2008 3418 degenerat.
