2182 3682
202 177 238 225 4
979 173 1326 202 INTRODUCTIO.

203 325 318 358 esse
360 308 556 357 dicunt.
621 307 744 358 Huc
785 309 1052 374 pertinent
1092 326 1199 358 non
1240 307 1415 358 solum
1443 308 1602 369 athei,
1645 308 1742 358 sed
1771 308 1930 358 etiam
1959 306 2112 358 multi

204 391 406 440 deistae
447 407 584 456 quos
623 399 820 440 vocant
861 399 914 440 et
943 390 1315 452 rationalistae‚
1360 399 1418 440 ut
1443 408 1490 441 v.
1523 408 1574 456 g.
1607 390 1905 441 Herbertus
1933 389 2110 440 Chire-

201 472 481 538 burgensis
533 473 971 537 (1581—1648),
1032 472 1094 523 G.
1151 472 1380 538 Lessing
1433 473 1843 538 (1729—1781)
1898 471 2107 539 aliique.

201 555 379 604 Etiam
418 554 647 604 Kantius
688 554 793 604 huc
836 554 1144 603 referendus
1172 562 1268 615 est,
1313 564 1578 620 quatenus
1607 555 1868 604 rationem
1895 554 2112 605 unicum

202 636 406 687 fontem
448 645 625 686 certae
666 636 987 702 cognitionis
1029 653 1146 686 esse
1186 637 1385 686 statuit.

276 789 322 826 2.
366 776 679 826 Extenuant
716 784 873 842 atque
914 776 1150 827 abiciunt
1185 777 1291 826 vim
1333 777 1575 828 rationis:

274 866 324 929 a)
376 865 426 915 T
423 866 915 926 raditionalisvms,
955 868 1046 932 qui
1074 867 1333 916 rationem
1361 865 1757 928 individualem,
1801 867 2113 933 praesertim

199 949 251 998 in
304 965 357 997 re
399 948 611 1010 morali,
665 950 755 998 vix
796 949 1088 1015 quidquam
1131 958 1277 999 certo
1320 966 1652 1015 cognoscere
1692 966 1854 1016 posse
1895 958 1948 1000 et
1986 950 2110 999 ideo

204 1031 382 1081 omnia
434 1031 752 1081 auctoritate
802 1031 912 1081 sive
964 1032 1199 1081 humana
1250 1032 1361 1082 sive
1414 1032 1591 1082 divina
1643 1031 1948 1081 definienda
1995 1049 2111 1082 6556

203 1113 486 1163 existimat.

275 1202 331 1264 b)
374 1201 744 1251 stlmzmms
773 1203 863 1267 qui
891 1203 1069 1253 vocari
1098 1210 1294 1269 potest,
1328 1203 1416 1269 qui
1444 1202 1616 1253 solam
1644 1202 1850 1253 1722'52‘07'
1826 1220 1940 1253 zam
1968 1201 2113 1252 velut

203 1284 512 1350 magistram
573 1302 745 1333 rerum
803 1284 1084 1334 moralium
1136 1285 1445 1335 habendam
1497 1294 1752 1336 autumat.
1851 1274 2112 1350 Quamvis

202 1367 341 1416 enim
389 1366 606 1416 historia
647 1384 676 1416 a
716 1366 1045 1433 philosopho
1087 1367 1274 1417 morali
1315 1385 1606 1435 numquam
1646 1368 1713 1418 sit
1753 1367 2110 1434 neglegenda,

201 1449 365 1499 immo
418 1448 725 1498 nonnemini
776 1450 944 1499 videri
992 1450 1163 1516 possit
1215 1450 1445 1500 eandem
1487 1467 1517 1500 a
1557 1450 1735 1500 multis
1774 1449 2114 1517 philosophis

201 1531 319 1597 plus
358 1547 532 1597 aequo
574 1531 877 1597 neglectam
920 1532 1076 1582 fuisse
1118 1532 1310 1594 adhuc,
1354 1542 1535 1583 tamen
1575 1533 1690 1600 ipsa
1730 1533 1973 1594 historia,
2017 1532 2115 1582 nisi

203 1623 358 1664 caute
411 1623 463 1663 et
503 1613 934 1680 praelucentibus
975 1624 1238 1682 perpetuo
1280 1617 1420 1666 sanis
1461 1616 1730 1682 principiis
1770 1615 2110 1682 percurritur

206 1695 358 1746 facile
418 1696 487 1746 ad
541 1696 781 1746 funestos
833 1715 1039 1747 errores
1096 1698 1365 1748 deducere
1421 1706 1617 1764 potest.
1699 1697 1984 1768 Profecto
1991 1713 2111 1772 non

204 1779 462 1845 principia
514 1780 778 1840 moribus,
833 1781 930 1830 sed
972 1798 1149 1830 mores
1202 1781 1471 1847 principiis
1513 1780 1916 1831 conformentur
1956 1797 2143 1847 opor

206 1870 297 1911 tet.
342 1892 411 1895 -—
454 1860 547 1911 Ab
600 1822 904 1912 historismo
946 1870 1127 1913 autem
1170 1864 1340 1930 probe
1382 1863 1763 1929 distinguenda
1804 1871 1884 1913 est
1923 1861 2112 1912 sclzola

204 1944 494 2005 lzzsss‘lorz'ca,
553 1961 690 2009 quae
741 1944 913 1994 solum
967 1946 1150 2012 quoad
1197 1946 1441 1995 ordinem
1493 1946 1784 1996 juridicum
1837 1945 2111 1995 historiam

201 2025 347 2076 velut
388 2026 604 2076 unicum
651 2026 853 2076 fontem
896 2029 1157 2093 agnoscit.

279 2116 326 2181 6)
368 2115 680 2166 Fidezsmns
720 2134 812 2166 seu
853 2118 1326 2168 zmallonalzsmus
1355 2117 1645 2168 multorum
1684 2117 2112 2185 protestantium,

205 2199 294 2264 qui
334 2207 534 2263 negant
586 2200 845 2249 rationem
888 2209 1035 2250 certo
1078 2217 1410 2265 cognoscere
1451 2209 1504 2250 et
1545 2200 1913 2273 demonstrare
1906 2216 2114 2280 posse

205 2280 570 2330 exsistentiam
612 2281 716 2331 Dei
757 2291 809 2332 et
850 2282 977 2332 alias
1017 2284 1267 2333 veritates
1308 2283 1582 2348 religiosas
1623 2271 1685 2333 et
1692 2270 2001 2345 morale53
2002 2275 2116 2332 ad-

204 2363 419 2413 mittunt
459 2372 637 2413 tamen
679 2364 837 2414 alium
873 2374 1150 2431 praeterea
1179 2366 1385 2416 fontem
1412 2365 1762 2431 cognitionis:
1805 2364 1896 2415 561.
1923 2364 2115 2431 fidem,

205 2445 234 2494 i.
279 2462 323 2496 e.
367 2446 770 2511 persuasionem
827 2446 1086 2514 aliquam,
1147 2465 1284 2514 quae
1328 2466 1437 2497 non
1478 2448 1787 2498 testimonio
1828 2446 2003 2496 alieno
2044 2446 2116 2496 ni-

206 2528 356 2588 titur,
426 2528 524 2577 sed
582 2528 891 2579 immediate
948 2548 1017 2579 ex
1073 2530 1237 2580 corde
1292 2547 1385 2579 seu
1452 2529 1711 2579 habituali
1767 2529 2117 2595 dispositione

203 2608 491 2660 voluntatis
520 2619 734 2660 nostrae
763 2612 942 2673 oritur,
986 2629 1230 2678 quaeque
1264 2611 1557 2662 rationibus
1587 2612 1943 2661 demonstrari
1969 2609 2116 2660 nullo

205 2692 371 2741 modo
412 2700 618 2758 potest;
674 2694 819 2743 unde
860 2712 1046 2743 eorum
1087 2703 1325 2760 systema
1365 2695 1525 2744 etiam
1564 2693 1992 2743 volmztarz'smus
2028 2711 2118 2743 vo-

207 2775 313 2824 cari
352 2774 504 2825 solet.
582 2775 662 2825 Ita
702 2776 970 2826 Lutherus
1010 2777 1158 2826 initio
1199 2794 1326 2826 suae
1372 2776 1849 2837 «reformationis»,
1892 2776 1930 2825 I.
1973 2774 2117 2825 Kan-

205 2857 335 2917 tius,
410 2856 662 2919 Paulsen,
734 2858 969 2924 Ziegler‚
1041 2858 1281 2925 plerique
1356 2866 1716 2925 protestantes
1779 2858 2115 2908 recentiores.

206 2938 294 3007 EX
356 2938 458 3009 hac
521 2940 764 2989 doctrina
816 2940 1083 2990 Lutherus
1137 2959 1258 2991 cum
1310 2940 1422 2991 aliis
1463 2939 1798 2991 concluserat
1853 2939 2017 2990 fidem
2068 2947 2123 2989 et

208 3010 468 3070 rationem
513 3010 590 3070 *ita
643 3039 760 3072 esse
812 3023 948 3073 inter
998 3040 1056 3073 se
1107 3024 1561 3090 independentes‚
1615 3031 1673 3072 ut
1723 3021 1925 3088 aliquid
1964 3020 2120 3072 simul

208 3102 583 3168 philosophice
623 3120 809 3153 verum
852 3114 905 3154 et
945 3104 1254 3171 theologice
1310 3104 1502 3154 falsum
1543 3121 1660 3155 esse
1699 3104 1870 3170 possit
1910 3111 1964 3154 et
2002 3104 2120 3154 vice

207 3201 372 3234 versa.
444 3184 794 3235 Recentiores
834 3193 1195 3252 protestantes
1235 3187 1373 3237 hanc
1415 3185 1853 3252 consequentiam
1895 3184 2119 3252 plerum-

209 3282 314 3331 que
368 3283 476 3316 non
529 3252 844 3329 admittunt,
901 3276 954 3318 et
1006 3269 1341 3319 concedunt:
1401 3285 1539 3334 quae
1591 3267 1782 3318 rationi
1821 3274 2122 3333 repugnant

210 3347 355 3396 credi
406 3365 513 3397 non
570 3365 747 3414 posse.
831 3347 940 3399 Sed
993 3350 1068 3399 sic
1119 3350 1219 3399 sibi
1260 3350 1661 3410 contradicunt,
1718 3349 2121 3422 dan-exmuna
