2182 3682
106 179 206 209 CAP.
241 179 306 208 111.
354 178 415 206 DE
449 176 682 206 BONITATE
714 176 773 204 ET
807 175 1004 204 MALITIA
1038 175 1214 203 MORALI
1249 174 1446 203 ACTUUM
1481 175 1806 205 HUMANORUM.
1870 168 1931 215 81

51 314 247 362 minem
276 312 586 362 conducunt
626 311 693 360 ad
737 309 1153 360 beatitudinem?
1205 309 1298 359 Ad
1338 326 1601 359 summum
1634 311 1943 376 responderi

47 382 225 467 {otest
283 410 400 443 esse
458 409 546 442 eas
605 393 868 454 actiones,
938 408 1075 458 quae
1105 408 1165 450 ,a
1222 392 1343 440 Deo
1406 392 1945 457 p1⁴aecipiuntur.vel

45 475 233 526 saltem
273 474 633 535 consuluntur.
690 475 830 524 Nam
870 475 1004 523 inter
1042 481 1220 523 actum
1261 473 1592 538 gratitudinis
1628 472 1709 522 vel
1751 474 1941 523 miseri-

46 557 260 607 cordiae
312 565 364 606 et
420 556 804 606 beatitudinem
861 555 1031 605 nullus
1088 563 1168 605 est
1220 572 1289 604 ex
1340 572 1397 604 se
1452 571 1623 604 nexus
1675 554 1938 604 naturalis.

47 637 233 689 Solum
292 639 426 688 inter
479 655 536 688 se
593 644 968 698 conectuntur,
1028 645 1289 702 quatenus
1339 637 1487 686 Deus
1542 635 1654 686 illas
1706 638 1943 686 actiones

45 720 300 786 praecipit
341 719 425 770 vel
467 719 696 770 consulit
737 728 788 769 et
840 719 1167 769 beatitudine
1214 719 1496 784 praemiat,
1551 736 1643 768 seu
1684 726 1943 784 quatenus

45 802 244 852 habent
295 803 545 852 mentum
599 801 744 867 apud
796 802 989 851 Deum.
1083 799 1192 851 Sed
1250 818 1390 850 nunc
1445 800 1660 850 ulterius
1712 817 1941 866 quaero:

46 882 363 958 Quaenam
366 893 487 954 sunt
515 884 753 934 actiones
794 891 1114 950 praeceptae
1156 883 1498 949 (prohibitae)
1527 882 1610 932 vel
1641 882 1945 932 consultae?

45 965 168 1015 Non
221 975 401 1032 potest
451 967 561 1016 sine
603 964 801 1016 circulo
854 965 1044 1015 vitioso
1094 965 1403 1031 responderi
1445 982 1561 1014 esse
1612 964 1751 1026 illas,
1808 982 1944 1030 quae

46 1041 351 1098 conducant
390 1042 459 1098 ad
488 1040 888 1119 beatitudinem
917 1047 1000 1096 xel
1041 1048 1109 1097 ab
1140 1064 1201 1096 ea
1238 1054 1493 1107 31611331,
1535 1035 1632 1096 sed
1673 1046 1773 1096 alia
1813 1048 1944 1097 ratio

33 1117 403 1195 quaerenda
403 1117 497 1179 est.
553 1161 624 1165 —
680 1129 891 1179 Deinde
947 1129 1107 1179 etiam
1158 1129 1200 1178 si
1249 1129 1467 1188 scirem,
1526 1146 1787 1194 quaenam
1842 1129 1946 1179 sint

28 1204 345 1276 prohibitae
372 1211 456 1262 vel
497 1221 832 1278 praeceptae,
877 1229 1103 1277 quaero:
1149 1211 1293 1260 Num
1322 1211 1469 1260 Deus
1498 1212 1795 1260 necessario
1828 1229 1945 1277 pio-

44 1293 192 1343 hibet
220 1295 517 1360 periurium,
549 1294 910 1355 homicidium,
942 1293 1151 1343 annon?
1204 1293 1259 1344 Si
1292 1294 1520 1359 primum
1551 1294 1695 1354 dicis,
1729 1310 1943 1359 quaero,

45 1375 169 1425 cur?
208 1376 251 1425 si
290 1375 531 1437 alterum,
574 1377 761 1426 incidis
801 1377 852 1425 in
893 1376 1279 1441 positivismum
1319 1393 1477 1441 supra
1518 1376 1788 1426 reiectum.

119 1458 175 1521 b)
218 1457 423 1521 ‚GLQffl
459 1458 740 1521 »qu'ffinonffl
780 1467 958 1524 potest
1011 1475 1126 1507 esse
1178 1474 1378 1522 norma
1417 1457 1723 1523 honestatis.
1806 1457 1945 1507 Nam

46 1540 285 1613 exceptis
344 1539 566 1590 fortasse
625 1540 948 1600 actionibus,
1011 1557 1148 1605 quae
1208 1540 1513 1590 immediate
1574 1540 1710 1589 circa
1766 1540 1946 1589 Deum

44 1630 342 1684 versantur,
398 1628 457 1672 ut
505 1639 654 1671 amor
695 1622 822 1683 Dei,
878 1620 1236 1687 blasphemia,
1292 1639 1397 1671 non
1451 1639 1669 1688 possum
1713 1639 1782 1671 ex
1833 1623 1947 1688 ipsa

45 1712 231 1754 natura
271 1705 491 1754 actionis
531 1705 837 1754 immediate
889 1705 1203 1765 diiudicare,
1259 1713 1432 1753 utrum
1474 1705 1525 1753 in
1579 1694 1799 1769 gloriam
1843 1705 1946 1754 Dei

45 1778 268 1836 tendant
309 1803 491 1837 necne.
550 1785 766 1852 Quaero
806 1805 852 1836 v.
885 1804 965 1851 g.:
1010 1747 1205 1837 Utruni
1248 1786 1441 1836 furtum
1477 1785 1559 1835 vel
1600 1786 1945 1837 homicidium

26 1855 250 1919 “confert
299 1869 369 1919 ad
423 1868 646 1934 gloriam
688 1869 790 1918 Dei
843 1868 1042 1918 necne?
1120 1867 1175 1918 Si
1226 1885 1418 1934 negas,
1468 1869 1768 1935 interrogo,
1825 1869 1947 1919 cur?

43 1949 135 1999 Ad
178 1967 288 2000 rem
329 1949 552 2013 Sual‘es,
596 1951 682 2000 De
722 1951 824 2016 leg.
869 1950 917 1999 Π
966 1961 1044 2014 15,
1088 1968 1134 2000 n.
1189 1964 1276 2000 12:
1338 1950 1572 2000 «Malitia
1611 1951 1694 2000 vel
1736 1952 1946 2001 bonitas

42 2032 322 2083 intrinseca
361 2040 513 2083 actus
553 2051 621 2082 ex
662 2033 853 2082 Obiecto
893 2034 1170 2099 pensanda
1211 2041 1316 2093 est,
1372 2050 1477 2082 non
1521 2051 1588 2082 ex
1636 2034 1946 2083 habitudine

40 2114 131 2163 vel
166 2115 473 2165 necessitate
505 2116 585 2164 ad
618 2115 861 2165 ultimum
887 2115 1086 2181 fimens>
1127 2114 1298 2181 (plura
1328 2116 1395 2164 de
1424 2115 1523 2165 hac
1554 2133 1608 2165 re
1636 2116 1687 2165 in
1724 2136 1741 2158 <1
1755 2116 1944 2166 Moral-

40 2195 201 2262 phil.»
247 2197 306 2246 14
353 2211 454 2261 190
494 2205 548 2247 et
595 2197 934 2264 «Philosoph.
972 2197 1276 2263 Jahrbuch»
1333 2199 1486 2262 1899,
1539 2212 1602 2262 19
1642 2200 1780 2264 sqq).

43 2339 144 2390 92·
226 2345 327 2385 Obi.
362 2358 394 2385 ι.
460 2338 642 2385 Contra
667 2345 858 2400 parlem
893 2339 966 2384 ll.
1038 2337 1279 2399 Legitime
1327 2338 1392 2385 ita
1436 2338 1550 2386 licet
1586 2340 1944 2401 argumentari:

40 2411 185 2457 Haec
232 2412 360 2459 actio
409 2422 480 2460 est
527 2413 662 2459 bono
712 2412 962 2459 communi
1009 2412 1213 2470 nociva,
1264 2428 1382 2474 ergo
1422 2415 1565 2461 mala.
1638 2414 1791 2475 Atqui
1822 2415 1946 2461 haec

40 2486 398 2546 argumentatio
446 2487 681 2549 supponit
726 2487 981 2534 utilitatem
1029 2487 1324 2535 constituere
1371 2488 1681 2536 honestatem
1722 2489 1945 2537 actionis.

41 2560 178 2619 Ergo
204 2598 212 2606 .
244 2600 251 2608 .
284 2600 291 2608 .

116 2658 266 2708 Resp.
330 2651 463 2697 Cone.
491 2652 598 2696 mai.
644 2651 776 2698 Dist.
803 2652 946 2698 mira:
983 2652 1126 2698 Haec
1163 2653 1522 2713 argumentatio
1559 2654 1792 2715 supponit
1827 2653 1947 2700 utili-

38 2729 185 2770 tatem
224 2725 493 2772 formaliter
530 2725 826 2772 constituere
864 2726 1198 2784 honestatem,
1244 2742 1382 2786 nego,-
1430 2728 1663 2789 supponit
1698 2729 1762 2775 ad
1798 2729 1947 2774 hone-

39 2804 210 2844 statem
251 2801 572 2860 praereqm'ri,
624 2809 676 2847 ut
725 2801 1055 2847 necessariam
1097 2800 1472 2859 condicionem,
1528 2801 1774 2849 actionem
1811 2803 1945 2849 bono

39 2876 288 2920 communi
324 2875 496 2921 saltem
533 2889 636 2920 non
674 2889 779 2921 esse
816 2875 1062 2932 nocivam,
1099 2890 1216 2922 conc.
1270 2877 1384 2937 Ipsa
1419 2877 1651 2923 honestas
1678 2877 1947 2924 formaliter

39 2947 259 2995 consistit
294 2948 345 2994 in
382 2949 731 2996 convenientia
768 2949 975 2996 actionis
1012 2965 1123 2997 cum
1153 2958 1326 2996 natura
1351 2951 1605 3011 rationali,
1643 2952 1757 3012 quia
1783 2960 1945 2999 autem

39 3029 211 3068 natura
254 3032 327 3070 est
363 3023 581 3081 socialis,
632 3024 747 3070 ideo
785 3023 912 3071 actio
950 3022 992 3070 ei
1032 3025 1299 3072 convenire
1337 3040 1438 3072 non
1475 3034 1662 3087 potest,
1713 3041 1840 3087 quae
1876 3041 1946 3073 re-

39 3104 224 3155 pugnat
257 3097 385 3144 vitae
423 3097 607 3144 sociali.

119 3197 219 3238 Obi.
254 3211 297 3239 2.
375 3195 569 3240 Bonum
617 3192 890 3254 generatim
938 3201 1011 3240 est
1058 3193 1134 3253 id,
1185 3196 1322 3263 quod
1369 3209 1441 3243 est
1488 3204 1654 3257 aptum
1696 3196 1760 3243 ad
1795 3198 1942 3243 finem

40 3261 308 3326 intentum,
354 3266 423 3313 sic
458 3284 500 3315 v.
540 3283 584 3328 g.
625 3268 779 3314 culter
814 3276 885 3314 est
920 3267 1106 3333 11011113,
1158 3266 1197 3316 si
1245 3279 1393 3331 aptus
1433 3280 1505 3318 est
1547 3271 1611 3317 ad
1647 3270 1944 3331 secandum3

39 3344 88 3383 et
123 3339 268 3386 etiarn
305 3341 433 3388 actio
468 3342 708 3400 humana,
746 3358 789 3388 v.
828 3357 873 3402 g.
913 3341 1163 3402 defensio,
1203 3354 1407 3392 vocatur
1442 3345 1601 3403 bona,
1648 3345 1685 3391 si
1722 3353 1794 3392 est
1830 3353 1944 3406 apta

131 3423 370 3466 Cathrein,
397 3426 530 3459 Philos.
558 3426 712 3459 moralis.
755 3425 822 3458 Ed.
851 3437 882 3465 5.
991 3391 1163 3519 ‘44
1189 3416 1363 3530 ΖΞῘ
1652 3427 1676 3465 6
