2182 3682
618 177 769 206 CAPUT
801 176 862 205 VI.
914 176 975 203 DE
1008 175 1339 204 CONSCIENTIA.
1831 173 1927 227 177

34 316 303 372 actionem,
354 330 480 375 quae
528 314 647 374 legis
696 321 926 359 aeternae
974 311 1224 357 absolutae
1273 309 1373 356 sive
1420 310 1757 356 antecedentis
1804 304 1850 370 (i.
1890 323 1930 355 e.

34 390 170 451 legis,
213 404 360 449 quam
396 389 531 435 Deus
567 386 963 448 independenter
999 385 1060 431 ab
1098 398 1264 431 errore
1300 384 1554 430 hominum
1592 383 1752 429 statuit
1787 391 1932 443 atque

34 463 314 512 necessario
351 476 520 509 amore
557 457 886 523 prosequitur)
925 466 1263 519 contemptum
1298 456 1515 513 involvit,
1553 456 1581 503 i.
1610 472 1650 503 e.
1679 472 1775 517 qua
1800 471 1937 517 prae-

35 538 195 586 dictae
243 536 364 598 legis
410 537 823 595 transgressionem
859 534 1015 594 magis
1052 548 1200 593 quam
1238 531 1642 593 adimpletionem
1678 538 1933 577 sectamur.

34 613 187 673 Atqui
217 610 495 658 huiusmodi
532 609 779 657 actionem
814 607 1120 670 permitteret
1154 605 1514 668 permittendo,
1562 614 1614 651 ut
1649 604 1934 666 opinionem

36 687 280 733 faventem
328 684 540 732 libertati
587 699 874 745 sequamur,
925 697 1036 728 cum
1085 681 1373 742 opinionem
1415 680 1660 727 faventem
1696 678 1794 739 legi
1829 693 1938 739 pro-

34 760 325 809 babiliorem
372 760 622 806 habemus.
695 758 844 816 Ergo.
916 756 1057 803 Proh.
1096 757 1205 803 min.
1276 754 1448 811 Actio,
1496 769 1643 815 quam
1683 752 1789 814 quis
1825 767 1938 813 ope-

34 843 165 882 ratur
200 833 456 895 sequendo
495 832 784 894 opinionem
821 832 1068 878 faventem
1104 829 1329 887 libertati,
1369 829 1485 876 dum
1512 827 1800 890 opinionem
1827 841 1939 873 con-

34 908 233 957 trariam
268 907 657 970 probabiliorem
694 905 902 962 iudicat,
948 905 1045 966 legi
1081 913 1312 951 aeternae
1349 904 1602 950 absolutae
1638 901 1940 963 probabilius

35 983 282 1032 contraria
317 998 465 1044 quam
503 990 851 1038 consentanea,
890 995 975 1027 seu
1010 978 1295 1040 praedictae
1332 977 1453 1039 legis
1479 976 1798 1038 transgressio
1831 991 1941 1037 pro-

35 1057 242 1106 babilius
291 1072 438 1118 quam
485 1055 772 1118 adimpletio
820 1055 1041 1101 habetur.
1114 1054 1267 1114 Atqui
1310 1053 1393 1113 qui
1435 1051 1715 1099 huiusmodi
1749 1050 1942 1113 peragit

36 1141 223 1191 actum,
274 1131 531 1178 manifeste
579 1132 741 1191 legem
790 1137 1043 1176 aeternam
1083 1128 1355 1175 absolutam
1391 1125 1704 1188 parvipendit
1740 1125 1941 1186 eiusque

34 1206 474 1268 transgressionem
510 1206 666 1266 magis
704 1220 853 1265 quam
891 1203 1298 1264 adimpletionem
1336 1210 1559 1249 sectatur.

113 1320 262 1368 Resp.
298 1330 331 1357 ι.
370 1309 635 1357 indirecte:
674 1309 865 1369 Relorq.
906 1312 1232 1367 argumentum
1249 1324 1262 1352 .·
1305 1308 1439 1353 Deus
1475 1304 1647 1366 nequit
1682 1302 1944 1351 rationabi-

35 1386 144 1432 liter
189 1384 473 1446 permittere
520 1384 793 1441 actionem,
844 1397 971 1444 quae
1019 1382 1140 1442 legis
1188 1390 1419 1428 aeternae
1457 1378 1794 1426 antecedentis
1832 1393 1944 1424 con-

35 1467 275 1521 temptum
322 1458 548 1516 involvit,
598 1458 625 1505 i.
666 1473 705 1505 e.
747 1473 844 1518 qua
886 1456 1171 1518 praedictae
1219 1455 1339 1516 legis
1387 1454 1794 1515 adimpletionem
1841 1467 1944 1499 non

37 1534 191 1595 magis
239 1542 481 1581 sectamur
528 1549 675 1593 quarn
725 1532 1189 1592 transgressionem,
1240 1545 1324 1577 seu
1373 1545 1469 1590 qua
1505 1544 1647 1590 aeque
1682 1537 1946 1589 transgres-

37 1609 229 1657 sionem
265 1617 508 1655 sectamur
545 1624 693 1668 quam
730 1606 1150 1667 adimpletionem.
1206 1605 1358 1665 Atqui
1390 1603 1669 1651 huiusmodi
1697 1602 1947 1649 actionem

36 1684 342 1746 permitteret
376 1681 725 1744 permittendo,
765 1689 814 1728 ut
841 1681 1128 1742 opinionem
1156 1679 1367 1726 libertati
1394 1679 1642 1725 faventem
1668 1692 1944 1739 sequamur,

40 1774 150 1806 cum
188 1758 476 1820 opinionem
513 1758 761 1804 faventem
799 1755 896 1817 legi
933 1770 1090 1816 aeque
1127 1754 1437 1816 probabilem
1474 1755 1726 1801 habemus.

117 1867 345 1915 Resp.,2.
380 1857 591 1904 directe:
639 1857 810 1903 Trans.
849 1857 957 1902 mai.
1018 1856 1149 1901 Dc‘st.
1189 1857 1330 1900 vm)..-
1366 1852 1664 1900 Huiusmodi
1700 1852 1948 1899 actionem

41 1933 345 1995 permitteret
391 1931 751 1994 permittendo,
800 1940 851 1977 ut
898 1945 1160 1990 sequamur
1208 1929 1496 1990 opinionem
1533 1926 1843 1989 probabilem
1880 1941 1951 1974 re-

38 2007 152 2054 licta
188 2006 537 2068 probabiliore,
577 2007 615 2054 si
646 2005 802 2067 agitur
827 2005 889 2052 de
916 2004 1066 2052 dubio
1093 2002 1518 2064 ultimo-practiCO,
1557 2018 1691 2059 conc„
1730 2001 1768 2048 si
1794 2002 1951 2062 agitur

41 2081 103 2129 de
140 2081 292 2128 dubio
337 2089 525 2128 remote
562 2080 810 2142 practico,
860 2079 889 2126 i.
929 2095 970 2126 e.
1011 2080 1048 2125 si
1084 2078 1299 2125 instituta
1335 2078 1652 2138 inquisitione
1688 2075 1832 2123 nobis
1868 2075 1951 2122 im-

40 2155 273 2218 possibile
322 2164 393 2203 est
439 2157 600 2216 legem
650 2164 785 2202 certo
824 2168 1150 2215 cognoscere,
1201 2161 1249 2199 et
1284 2153 1401 2199 hinc
1437 2151 1707 2199 iudicamus
1744 2167 1835 2197 nos
1872 2151 1951 2196 illa

40 2231 149 2291 lege
185 2245 290 2277 non
325 2230 498 2288 teneri,
538 2230 652 2290 quia
688 2231 766 2276 lex
801 2244 904 2275 non
943 2237 1076 2276 certa
1112 2242 1214 2274 non
1251 2227 1450 2287 obligat,
1490 2242 1615 2285 m‘go.
1685 2228 1758 2272 Ita
1794 2225 1841 2272 S.
1870 2225 1951 2271 Al-

36 2305 242 2366 plwnsus
287 2304 336 2349 in
385 2304 727 2351 dissertatione
776 2303 927 2350 modo
980 2302 1179 2349 laudata
1226 2318 1273 2349 n.
1318 2318 1373 2361 23
1426 2297 1576 2363 (apud
1612 2301 1800 2346 Arendt
1840 2301 1868 2347 l.
1909 2316 1949 2346 e.

41 2395 87 2440 p.
129 2374 258 2439 374).
329 2378 455 2425 Illud
491 2378 814 2440 principium,
867 2377 929 2424 ad
967 2377 1103 2438 quod
1139 2377 1282 2424 toties
1318 2385 1594 2438 provocant
1630 2375 1953 2436 aequiproba-

41 2453 231 2500 bilistae
270 2449 330 2515 (v.
358 2469 401 2514 g.
430 2455 480 2501 P.
500 2450 689 2509 Jansen
716 2452 771 2499 C.
801 2453 882 2500 SS.
910 2453 988 2509 R„
1027 2451 1077 2497 in
1115 2451 1373 2513 periodico
1404 2452 1606 2498 «Revue
1644 2444 1950 2510 thomiste»):

47 2528 179 2575 «Nos
216 2528 424 2589 obligari
461 2528 525 2575 ad
562 2527 962 2590 amplectendam
1000 2526 1293 2574 sententiam
1327 2526 1423 2587 legi
1450 2527 1712 2583 faventem,
1752 2523 1953 2585 quando

42 2610 114 2650 est
161 2612 296 2650 certo
345 2603 697 2665 probabilior»,
747 2602 1050 2650 intellectum
1098 2601 1159 2648 de
1209 2600 1360 2647 dubio
1398 2610 1587 2648 remote
1624 2598 1845 2661 practico
1884 2608 1955 2645 est

42 2677 244 2725 evidens
296 2678 466 2738 petitio
516 2677 777 2739 principii3
829 2676 1051 2724 continet
1102 2676 1233 2722 enim
1285 2674 1626 2722 formalissime
1676 2673 1954 2721 doctrinam

43 2752 634 2813 aequiprobabilistarum.
707 2751 952 2808 Audiant,
1009 2750 1127 2811 quid
1179 2749 1226 2796 S.
1277 2750 1548 2811 Alphousus
1598 2748 1842 2796 censuerit
1892 2747 1954 2794 de

43 2826 140 2872 hoc
165 2827 435 2889 principio:
480 2828 629 2874 «Peto
656 2827 717 2874 ab
744 2825 1048 2883 adversariis,
1085 2833 1135 2870 ut
1159 2824 1381 2871 indicent
1408 2820 1461 2885 (si
1490 2819 1726 2886 possunt),
1754 2823 1955 2870 ubinam

43 2900 203 2961 legem
228 2902 359 2948 hanc
385 2916 490 2949 esse
515 2902 748 2963 scriptam
773 2899 1065 2957 invenerint,
1102 2899 1237 2960 quod
1263 2908 1519 2946 teneamur
1544 2898 1671 2945 inter
1697 2897 1955 2959 opiniones

45 2975 328 3035 probabiles
375 2976 735 3038 probabiliores
784 2975 955 3036 sequi?
1027 2976 1171 3021 Haec
1218 2975 1296 3020 lex
1345 2973 1545 3034 quidem
1587 2981 1732 3034 prout
1768 2972 1957 3018 univer-

45 3049 157 3096 salis
204 3049 412 3098 deberet
459 3050 686 3098 omnibus
736 3066 842 3098 esse
889 3057 1009 3096 nota
1057 3057 1104 3095 et
1141 3056 1301 3107 certa3
1351 3057 1400 3095 at
1447 3047 1702 3108 quomodo
1746 3046 1835 3092 ista
1879 3047 1956 3092 lex

47 3132 180 3170 certa
227 3124 326 3171 dici
374 3133 561 3186 potest,
612 3141 722 3172 cum
770 3124 1046 3171 communis
1084 3122 1352 3181 sententia,
1404 3123 1576 3168 saltem
1614 3122 1762 3181 longe
1799 3120 1956 3166 maior

46 3195 239 3245 illorum
285 3215 399 3260 pars
434 3207 547 3261 post
581 3208 770 3247 tantum
807 3197 1072 3246 discrimen
1110 3198 1331 3244 absolute
1369 3205 1589 3243 asserant
1625 3196 1755 3241 hanc
1791 3195 1954 3255 legem

46 3286 148 3318 non
184 3273 387 3321 adesse?
446 3275 737 3336 Usquedum
775 3273 920 3335 igitur
956 3272 1018 3320 de
1056 3272 1139 3318 tali
1174 3272 1284 3332 lege
1322 3271 1584 3327 dubitatur,
1623 3268 1793 3329 opinio
1821 3268 1956 3329 quod

47 3345 171 3392 adsit
206 3348 331 3395 haec
367 3349 445 3395 lex
480 3349 723 3409 sequendi
757 3348 1110 3411 probabiliora,
1151 3345 1372 3407 quamvis
1409 3344 1554 3391 alicui
1589 3343 1812 3390 videatur
1848 3358 1957 3404 pro-

143 3429 386 3474 Cathrein,
412 3431 547 3466 Philos.
576 3432 731 3465 moralis.
774 3433 842 3465 Ed.
870 3443 903 3473 5.
1640 3435 1688 3463 12
