2182 3682
221 181 317 229 142
616 178 729 206 PARS
766 178 792 207 Ι.
847 177 1162 207 PHILOSOPHIA
1196 177 1399 206 MORALIS
1434 177 1712 207 GENERALIS.

212 314 620 363 associatiomm
677 314 884 378 (melius
941 315 1138 364 dixeris
1193 313 1561 364 confusionem
1581 313 1613 378 !)
1669 314 1802 365 haec
1858 317 1979 367 idea
2033 335 2116 368 co-

209 396 431 446 actionis
460 396 618 446 etiam
647 397 716 446 ad
743 396 872 447 alias
899 397 1136 447 actiones
1164 396 1521 461 (omissiones)
1549 396 1942 460 exlendebatur,
1977 416 2117 466 quae

211 476 486 542 hucusque
539 477 693 527 unice
744 485 964 543 propter
1014 493 1164 526 suam
1217 476 1554 526 intrinsecam
1607 476 1860 528 malitiam
1912 480 2117 530 omitte-

211 556 420 607 bantur.
512 556 616 608 Hic
671 574 858 607 sensus
914 557 1208 608 coactionis
1263 557 1438 608 adhuc
1492 557 1655 608 hodie
1708 559 1856 610 ideas
1911 570 2119 612 nostras

211 638 439 688 morales
479 640 787 702 comitatur;
839 640 936 689 sed
988 640 1318 706 procedente
1360 639 1665 691 evolutione
1716 643 1888 708 magis
1928 645 2117 710 magis-

211 737 315 786 que
365 721 658 787 disparebit
710 731 762 771 et
814 739 876 771 ea
915 721 1163 772 absoluta
1215 723 1320 772 iam
1361 739 1470 772 non
1511 740 1733 789 agemus
1774 741 1842 774 ex
1882 725 2004 775 idea
2045 726 2143 776 of->

210 802 312 852 ficii
351 801 434 852 vel
477 803 845 870 obligationis,
900 805 996 854 sed
1049 805 1202 855 unice
1243 822 1313 854 ex
1353 804 1738 868 delectatione,
1794 823 2025 873 quacum
2066 817 2118 859 et
2181 827 2182 834 ¹

211 884 416 934 bonum
467 887 740 952 proprium
792 896 845 936 et
897 904 1183 937 commune
1233 904 1447 954 semper
1498 888 1844 939 coniunctum
1893 891 2003 940 erit.
2051 922 2116 926 —

142 966 478 1034 J'Supponit
529 977 643 1018 tota
695 968 828 1020 haec
868 969 1072 1020 theoria
1113 969 1557 1021 materialisticam
1600 971 1986 1034 evolutionem,
2043 990 2118 1023 se-

211 1049 448 1099 cundum
476 1068 639 1117 quam
678 1050 844 1102 homo
874 1069 943 1102 ex
970 1060 1110 1102 statu
1138 1052 1355 1103 beluino
1393 1052 1646 1119 paulatim
1676 1055 1887 1104 emersit
1903 1045 2120 1121 ,snegat

211 1148 341 1197 ergo
395 1132 788 1184 distinctionem
842 1134 1176 1185 essentialem
1218 1136 1353 1185 inter
1403 1136 1676 1185 hominem
1717 1144 1771 1186 et
1821 1137 2002 1198 bruta,
2058 1155 2120 1188 ac

210 1213 363 1279 proin
405 1215 564 1264 etiam
605 1216 1027 1282 spiritualitatem
1076 1218 1284 1268 animae
1326 1218 1544 1283 eiusque
1585 1217 1912 1277 libertatem„
1981 1219 2122 1270 Dein

209 1295 388 1361 potius
428 1306 590 1362 negat
630 1315 789 1364 quam
831 1298 1065 1366 explicat
1107 1299 1506 1365 obligationem.
1565 1300 1741 1350 Nemo
1779 1301 1920 1351 enim
1959 1318 2121 1352 sanae

211 1378 402 1428 mentis
443 1379 636 1430 dixerit
675 1381 947 1431 hominem
990 1382 1112 1432 duci
1152 1381 1483 1448 obligatione
1523 1399 1615 1432 seu
1656 1382 1862 1445 officio,
1918 1384 1960 1434 si
2012 1385 2124 1450 agit

212 1476 281 1519 ex
312 1477 469 1525 ,mero
511 1471 657 1512 metu
698 1481 993 1530 poenarum
1033 1464 1429 1533 temporalium,
1467 1465 1742 1532 „Denique
1783 1466 2001 1517 evidens
2042 1473 2123 1517 est

212 1542 475 1593 eiusmodi
515 1545 902 1611 obligationem
943 1546 1141 1597 nullam
1183 1547 1381 1597 habere
1423 1548 1527 1597 vim
1568 1555 1622 1598 et
1661 1548 1969 1600 efficaciam.

220 1701 362 1756 166.
448 1706 648 1759 Coroll.
720 1710 867 1775 Ergo
909 1710 1174 1760 reicienda
1217 1719 1298 1760 est
1338 1710 1569 1760 moralzs
1610 1728 1748 1777 quae
1787 1720 2009 1762 vocatur
2048 1712 2122 1762 in-

213 1787 510 1853 dependens
548 1808 642 1841 seu
683 1791 846 1842 laica.
927 1780 1259 1859 Intellegitur
1309 1792 1415 1843 hoc
1456 1794 1673 1843 nomine
1714 1794 1861 1871 ordo
1890 1793 2120 1860 moralis,

215 1870 304 1934 qui
356 1872 502 1922 nullo
555 1875 721 1941 modo
762 1891 794 1924 a
835 1874 955 1939 Deo
1010 1875 1339 1941 dependeat,
1394 1876 1504 1925 sive
1557 1876 1737 1941 quoad
1789 1894 2033 1926 normam
2073 1886 2127 1927 et

213 1943 488 2005 notionem
530 1943 840 2018 honestatis,
885 1957 994 2007 sive
1027 1958 1209 2023 quoad
1252 1957 1638 2023 obligationem
1680 1967 1733 2008 et
1772 1960 2123 2021 sanctionem,

215 2036 310 2086 sed
351 2037 419 2088 ab
460 2038 576 2105 ipsa
627 2040 857 2090 humana
897 2041 1180 2101 societate,
1237 2040 1750 2107 quomodocumque
1789 2042 2035 2092 inventus
2074 2051 2127 2092 et

215 2120 448 2170 sancitus
477 2121 644 2172 fuerit.
703 2122 853 2172 Haec
882 2123 1144 2173 sententia
1172 2122 1429 2172 refutatur
1457 2123 1720 2184 omnibus,
1765 2141 1903 2190 quae
1940 2123 2125 2174 hucus-

216 2219 321 2267 que
372 2204 717 2269 probavimus
769 2214 821 2254 et
873 2206 1129 2271 deinceps
1182 2205 1587 2271 disputabimus.
1669 2205 1939 2277 Supponit
1985 2207 2125 2257 enim

216 2285 393 2335 Deum
435 2303 543 2336 non
584 2304 700 2337 esse
741 2288 902 2337 finem
943 2287 1189 2337 ultimum
1229 2287 1532 2350 hominum;
1578 2305 1700 2337 eum
1729 2306 1836 2338 non
1865 2306 1982 2339 esse
2010 2306 2124 2339 nor-

215 2383 356 2417 mam
401 2368 641 2418 ultimam
682 2369 1001 2432 honestatis;
1057 2388 1165 2420 non
1208 2371 1318 2420 dari
1371 2370 1547 2460 legem
1589 2370 1909 2442 naturalem,
1963 2389 2125 2438 quam

217 2448 368 2499 Deus
419 2451 532 2520 ipse
584 2469 679 2502 sua
729 2451 1006 2503 xoluntate
1056 2453 1297 2502 statuerit
1349 2461 1402 2502 et
1448 2453 1499 2502 in
1543 2448 1796 2503 cordibus
1848 2453 2125 2504 hominum

216 2533 504 2599 scripserit3
548 2552 656 2585 non
699 2536 811 2585 dari
838 2535 1168 2586 sanctionem
1212 2535 1443 2585 divinam
1473 2535 1672 2585 ordinis
1705 2535 1934 2598 moraliS,
1978 2554 2124 2604 prae-

216 2616 396 2666 sertim
436 2617 487 2666 in
526 2618 644 2667 vita
675 2617 845 2668 futura
862 2614 886 2680 3*
917 2635 1023 2668 non
1054 2618 1167 2668 dari
1200 2617 1376 2668 officia
1404 2634 1532 2684 erga
1560 2618 1739 2668 Deum
1755 2626 1779 2681 3⁵
1810 2619 2123 2689 societatem

217 2708 269 2748 et
316 2687 553 2765 singulos
604 2694 848 2751 homines
901 2718 1017 2750 esse
1058 2717 1088 2750 a
1128 2701 1249 2750 Deo
1302 2700 1756 2766 independentes;
1810 2690 2122 2752 societatem

216 2781 505 2832 humanam
545 2782 629 2833 vel
681 2801 796 2833 esse
850 2783 1010 2833 finem
1061 2783 1112 2832 in
1168 2800 1251 2844 se,
1307 2781 1389 2832 vel
1442 2781 1645 2832 nullum
1698 2783 1897 2833 habere
1944 2783 2120 2834 finem.

218 2865 429 2915 Deinde
470 2865 687 2915 evidens
729 2875 809 2916 est
849 2866 1111 2915 eiusmodi
1151 2864 1408 2915 moralem
1448 2864 1647 2914 nullam
1688 2865 1886 2915 habere
1925 2866 2030 2916 vim
2071 2873 2125 2916 et

216 2947 507 2998 efficaciam
549 2949 617 2997 ad
659 2948 976 3014 cupiditates
1018 2947 1373 3008 refrenandam,
1417 2947 1484 2996 ad
1526 2946 1770 2997 homines
1810 2948 2031 2998 miseros
2071 2956 2124 2998 et

216 3029 443 3079 afflictos
495 3029 881 3091 consolandos,
937 3031 1005 3080 ad
1059 3030 1455 3080 oboedientiam
1498 3038 1551 3078 et
1603 3030 1912 3096 patientiam
1963 3029 2123 3081 incul-

218 3112 460 3162 candam.
543 3111 703 3162 Nulla
743 3113 881 3162 enim
924 3113 1177 3179 proponit
1217 3113 1451 3178 praemia
1491 3110 1574 3161 vel
1616 3129 1820 3178 poenas
1859 3112 1955 3162 nisi
1995 3121 2122 3162 tem-

218 3193 432 3260 poralia,
476 3193 618 3244 nulla
655 3211 752 3260 spe
793 3194 1217 3255 immortalitatiS,
1262 3193 1405 3244 nulla
1446 3193 1641 3244 fiducia
1680 3194 1731 3243 in
1771 3211 1990 3244 suavem
2019 3193 2122 3244 Dei

217 3276 608 3341 providentiam
659 3276 879 3326 miseros
920 3285 973 3326 et
1019 3276 1359 3326 calamitosos
1399 3275 1566 3341 erigit.
1649 3274 1898 3326 Ceterum
1937 3284 2122 3347 notare

219 3357 363 3408 iuvat
403 3366 573 3407 totam
614 3357 752 3408 hanc
793 3357 1049 3408 moralem
1079 3358 1533 3425 independentem
1562 3374 1626 3406 eo
1669 3347 1985 3423 praesertim*
2017 3355 2122 3407 fine
