2182 3682
444 167 530 196 LIB.
566 167 612 195 11.
661 167 761 196 CAP.
796 166 844 195 11.
891 166 954 194 DE
989 166 1244 195 SOCIETATE
1278 166 1563 196 DOMESTICA.
1846 165 1945 219 335

17 361 19 363 ¹
59 318 165 352 non
193 299 387 350 sufficit
415 309 596 362 mater,
639 301 734 350 sed
764 300 1041 366 requiritur
1068 300 1227 350 etiam
1257 317 1419 366 opera
1447 302 1624 366 patris,
1670 301 1759 367 qui
1787 300 1950 351 filium

58 383 292 443 instruat,
337 382 591 432 defendat
630 383 785 448 eique
824 390 1020 431 statum
1061 383 1466 431 convenientem
1507 390 1768 448 procuret.
1851 383 1953 433 De-

58 464 187 514 bent
225 480 354 529 ergo
396 463 485 513 filii
525 480 632 514 non
672 463 846 513 solum
887 470 1126 523 matrem,
1175 464 1270 512 sed
1312 464 1470 513 etiam
1511 472 1717 529 patrem
1758 464 1954 514 habere

58 546 483 596 determinatum.
563 545 735 611 Atqui
781 544 885 595 hoc
939 563 1044 594 non
1097 545 1389 603 accideret,
1444 545 1540 594 nisi
1592 554 1730 594 esset
1781 545 1956 610 aliqua

56 626 314 692 obligatio
356 627 510 676 unius
548 627 642 676 viri
681 626 750 675 ad
792 626 1199 676 determinatam
1239 625 1530 687 mulierem,
1573 643 1665 675 seu
1705 627 1816 675 sine
1856 635 1955 676 sta-

55 708 145 758 bili
185 709 379 758 unione
407 709 559 758 unius
585 708 678 757 viri
711 725 833 757 cum
862 716 1004 757 certa
1032 707 1260 757 muliere.
1322 707 1485 758 Unde
1524 708 1768 757 Videmus
1796 709 1954 757 etiam

53 790 105 839 in
155 790 538 851 animantibus,
593 791 644 838 in
693 790 884 855 quibus
936 789 1128 839 femina
1180 791 1247 839 ad
1298 790 1528 856 prolium
1581 790 1954 839 educationem

54 889 161 921 non
200 871 411 930 sufficit,
456 889 655 921 marem
697 889 818 921 cum
860 871 1053 921 femina
1094 889 1323 932 manere,
1368 871 1622 937 quamdiu
1656 873 1724 921 ad
1767 872 1954 921 educa-

54 954 254 1003 tionem
296 971 433 1020 opus
475 962 569 1003 est.

131 1040 329 1092 Ceroll.
411 1042 564 1107 Ergo
603 1043 910 1107 fornicatio
963 1051 1044 1092 est
1095 1044 1269 1107 gravis
1321 1043 1519 1092 abusus
1565 1050 1809 1102 naturae,
1865 1042 1954 1090 im-

53 1124 276 1190 pediens
317 1124 477 1174 finem
518 1125 847 1174 educationis
888 1126 1252 1175 convenientis
1292 1124 1454 1190 prolis
1498 1124 1722 1190 genitae.

134 1244 235 1284 Obi.
278 1243 440 1282 centra
476 1253 577 1295 arg:
618 1249 660 1283 2.
723 1238 861 1297 Ergo
899 1238 1071 1284 saltem
1110 1236 1149 1283 si
1185 1236 1360 1283 mulier
1398 1236 1457 1282 sit
1492 1236 1628 1283 dives
1667 1244 1714 1282 et
1751 1236 1855 1282 sola
1893 1235 1955 1282 ad

55 1310 401 1358 educationem
439 1312 698 1367 sufficiens,
737 1327 840 1358 non
877 1326 999 1373 opus
1037 1312 1128 1358 erit
1163 1310 1395 1372 coniugio
1433 1310 1606 1358 stabili.

130 1402 281 1450 Resp.
338 1392 476 1451 „Nega
524 1393 642 1439 illat.
715 1393 844 1439 Nam
892 1394 989 1439 hoc
1035 1408 1139 1439 non
1182 1392 1457 1454 generatim
1506 1400 1553 1439 et
1600 1406 1691 1453 per
1739 1407 1815 1449 se,
1867 1391 1955 1438 sed

53 1468 209 1514 solum
245 1482 335 1529 per
372 1467 604 1514 accidens
643 1466 897 1528 contingit.
949 1468 1101 1528 Atqui
1140 1467 1410 1514 «rectitudo
1437 1467 1669 1513 naturalis
1695 1467 1743 1512 in
1770 1466 1956 1512 actibus

52 1541 276 1588 humanis
324 1556 425 1588 non
479 1550 550 1588 est
597 1541 869 1588 Secundum
919 1558 1002 1600 ea,
1059 1557 1183 1603 quae
1233 1558 1323 1604 per
1375 1541 1609 1588 accidens
1662 1541 1955 1601 contingunt

52 1616 101 1662 in
136 1631 236 1663 uno
280 1616 559 1670 individuo,
610 1616 697 1662 sed
746 1610 1015 1663 secundum
1064 1632 1142 1673 ea,
1196 1632 1322 1677 quae
1370 1625 1522 1663 totam
1572 1616 1791 1677 speciem
1840 1630 1954 1661 con-

54 1700 348 1751 sequuntur»
393 1688 456 1751 (S.
505 1691 682 1745 Tlmm„
722 1692 775 1737 C.
815 1699 946 1751 gent.
987 1693 1014 1738 1.
1056 1708 1098 1751 3,
1139 1708 1179 1737 c.
1226 1690 1351 1752 122).

599 1837 626 1891 ξ
661 1851 699 1879 2.
749 1840 827 1878 DE
861 1840 997 1878 FINE
1031 1839 1408 1879 MATRIMONH.

736 1956 1003 2005 THESIS
1041 1957 1265 2003 LXVII.

58 2068 207 2122 437·
291 2067 444 2114 Finis
482 2067 824 2115 matrimonii
861 2067 1184 2128 principalis
1220 2067 1275 2113 in
1308 2066 1582 2127 condigna
1607 2064 1827 2127 generis
1854 2066 1954 2112 hu-

59 2141 210 2188 mani
235 2142 636 2203 propagatione
661 2157 763 2203 per
786 2142 959 2203 prolis
985 2142 1406 2204 generationem
1435 2148 1489 2188 et
1523 2140 1955 2188 convenientem

59 2216 454 2264 educationem
493 2217 762 2265 consistit.

578 2318 640 2372 (S.
682 2321 838 2363 Tlmm„
872 2319 1085 2372 Supplem.
1120 2334 1160 2372 q.
1194 2331 1262 2368 41,
1298 2333 1331 2358 a.
1374 2316 1432 2369 Ι.)

133 2419 222 2472 St.
268 2419 343 2486 Q.
425 2422 656 2488 Agimus
708 2422 775 2472 de
831 2422 934 2472 fine
990 2422 1227 2483 interno,
1287 2439 1447 2488 quem
1502 2428 1721 2471 naturae
1774 2426 1959 2470 auctor

57 2504 392 2554 matrimonio
434 2505 745 2570 praestituit.
808 2504 911 2554 Hic
952 2522 1111 2570 porro
1142 2505 1258 2554 finis
1288 2522 1396 2554 non
1437 2504 1736 2553 necessario
1778 2503 1959 2552 unicus

57 2594 152 2635 est.
215 2586 317 2636 Dei
357 2587 496 2636 enim
538 2588 809 2653 proprium
852 2596 931 2637 est
972 2605 1066 2653 per
1107 2604 1294 2637 causas
1334 2586 1747 2653 simplicissimas
1786 2585 1960 2635 varios

57 2675 110 2718 et
149 2667 467 2734 multiplices
507 2669 638 2719 fines
679 2671 905 2736 assequi.
969 2669 1326 2719 Nihilominus
1366 2670 1500 2718 inter
1527 2668 1627 2718 hos
1656 2668 1787 2717 fines
1827 2684 1959 2716 unus

57 2751 334 2816 primarius
374 2769 490 2801 esse
532 2752 708 2813 debet,
754 2753 836 2802 cui
877 2751 1061 2817 reliqui
1102 2752 1530 2801 subordinentur.

133 2834 298 2881 Prob.
339 2849 379 2881 1.
453 2833 546 2883 Ille
587 2835 703 2884 finis
745 2834 1063 2884 matrimonii
1105 2833 1407 2900 principalis
1449 2832 1709 2883 dicendus
1750 2840 1854 2892 est,
1906 2832 1957 2880 in

59 2931 167 2980 quo
208 2915 456 2981 primario
492 2916 741 2966 fundatur
768 2916 1016 2966 naturalis
1045 2917 1283 2966 eiusdem.
1311 2916 1599 2966 necessitas
1639 2931 1735 2980 pro
1765 2930 1958 2978 genere

58 2995 308 3047 humano.
389 2998 561 3064 Atqui
598 2998 682 3048 hic
724 2997 838 3048 finis
880 3007 960 3048 est
1000 2999 1320 3064 propagatio
1362 2998 1569 3063 generis
1610 2996 1827 3045 humani
1866 3012 1960 3061 per

58 3077 339 3129 honestam
381 3081 781 3146 generationem
822 3087 875 3131 et
915 3081 1288 3131 educationem
1319 3080 1617 3130 liberorum.
1674 3078 1828 3143 Ergo
1860 3120 1867 3126 .
1904 3120 1910 3126 .
1945 3118 1952 3125 .

135 3162 299 3210 Prob.
339 3177 382 3211 2.
457 3163 857 3213 Matrimonium
912 3172 1099 3213 natura
1144 3180 1239 3213 sua
1292 3161 1649 3229 principaliter
1695 3159 1818 3209 huic
1870 3159 1957 3208 fini

59 3245 508 3310 proportionatur.
569 3245 723 3310 Ergo
764 3247 816 3295 in
857 3246 1086 3295 eundem
1127 3244 1484 3312 principaliter
1523 3261 1552 3292 a
1581 3249 1799 3291 naturae
1839 3258 1956 3292 auc-

60 3332 175 3374 tore
215 3326 509 3377 institutum
550 3336 644 3378 est.
