2182 3682
806 761 1256 850 INDEX.

86 1053 159 1092 Ex
201 1052 565 1105 praefatione
609 1052 673 1090 ad
718 1051 1029 1090 editionem
1079 1050 1318 1089 alteram

86 1120 377 1159 Praefatio
421 1120 484 1158 ad
528 1119 843 1157 editionem
889 1118 1143 1170 quintam

84 1186 303 1225 Tabula
346 1187 590 1225 theseon

85 1290 464 1330 Introductio.

204 1355 232 1409 ξ
270 1369 284 1395 1
296 1389 304 1397 .
357 1357 562 1397 Definitio
596 1356 891 1409 Philosophiae
924 1356 1093 1395 moralis
1129 1387 1135 1394 .

204 1422 232 1477 ξ
267 1436 305 1464 2.
359 1426 425 1464 De
478 1425 664 1464 fontibus
716 1424 1015 1478 Philosophiae
1068 1423 1234 1462 moralis
1283 1423 1419 1474 deque
1467 1420 1667 1459 methodo
1721 1433 1811 1458 eam

411 1492 613 1530 tractandi

205 1556 233 1610 ξ
267 1569 304 1608 3.
361 1559 527 1597 Partitio
559 1558 856 1611 Philosophiae
890 1558 1053 1596 moralis

850 1799 992 1837 PARS
1028 1799 1222 1837 PRIMA.

360 1902 882 1951 PHILOSOPHIA
919 1902 1253 1950 MORALIS
1291 1900 1731 1950 GENERALIS.

95 2022 228 2073 Caput
258 2023 292 2060 l.
357 2022 423 2061 De
445 2023 536 2075 fine
568 2024 709 2061 ultimo
742 2023 927 2061 hominis.

210 2104 301 2142 Art.
342 2114 375 2142 Ι.
431 2104 496 2142 De
529 2103 612 2142 fine
646 2104 822 2142 hominis
854 2103 998 2141 ultimo
1031 2102 1230 2154 primario
1270 2133 1276 2140 .

211 2171 300 2209 Art.
337 2180 375 2209 2.
429 2171 495 2209 De
529 2170 611 2209 fine
643 2171 822 2210 hominis
855 2170 998 2209 ultimo
1031 2169 1281 2209 secundario

276 2233 304 2288 ξ
342 2248 375 2277 1.
429 2237 495 2276 De
528 2238 787 2276 beatitudine
822 2237 864 2275 in
897 2238 1105 2276 communi
1140 2268 1148 2275 .

276 2300 304 2355 ξ
339 2314 376 2343 2.
431 2305 497 2343 De
530 2304 790 2344 beatitudine
824 2304 1031 2343 obiectiva

276 2367 303 2422 ξ
339 2381 376 2420 3.
431 2372 497 2410 De
531 2372 792 2410 beatitudine
827 2371 989 2410 formali
1025 2367 1297 2421 (subiectiva)

277 2434 304 2488 ἓ
337 2449 376 2486 4.
431 2438 498 2477 De
531 2438 611 2477 fine
646 2438 825 2477 hominis
858 2445 1052 2490 respectu
1084 2438 1316 2490 praesentis
1348 2437 1459 2475 vitae
1492 2450 1686 2488 supremo

213 2505 303 2544 Art.
339 2515 376 2554 3.
432 2506 498 2545 De
531 2506 760 2545 subiectiva
793 2505 970 2544 hominis
1003 2505 1056 2543 ad
1090 2504 1214 2543 finem
1247 2504 1435 2542 ultimum
1473 2503 1717 2543 habitudine

99 2594 232 2645 Caput
261 2594 323 2632 ll.
387 2596 452 2634 De
494 2596 645 2633 aclibus
683 2596 876 2634 Immanis
910 2595 1074 2647 physice
1106 2595 1366 2634 consideratis
1397 2608 1466 2633 seu
1498 2595 1543 2633 de
1573 2595 1820 2633 voluntarie.

215 2677 304 2714 Art.
345 2687 378 2715 1.
433 2677 499 2715 De
532 2677 766 2716 voluntario
800 2678 839 2715 in
872 2691 1026 2729 genere

282 2740 309 2794 ξ
348 2754 381 2782 1.
435 2744 567 2783 Notio
600 2752 641 2783 et
673 2745 823 2783 divisio
856 2745 1079 2783 voluntarii
1113 2745 1346 2796 generatim
1413 2775 1420 2782 .

281 2807 308 2860 ξ’
343 2820 380 2849 2.
436 2811 502 2849 De
535 2811 769 2850 voluntario
803 2812 844 2849 in
877 2811 958 2850 alio
992 2811 1205 2863 speciatim
1240 2810 1507 2850 considerato
1548 2842 1554 2848 .

218 2877 308 2916 Art.
345 2887 381 2916 2.
437 2878 503 2916 De
536 2879 771 2918 voluntario
804 2879 942 2917 elicito
1013 2909 1019 2916 .

217 2945 308 2984 Art.
344 2954 383 2994 3.
437 2945 503 2983 De
536 2946 805 2997 passionibus

218 3011 308 3050 Art.
344 3022 382 3059 4.
437 3012 504 3051 De
538 3014 689 3061 causis,
724 3027 830 3065 quae
863 3013 1137 3052 voluntarium
1183 3020 1222 3051 et
1266 3012 1444 3050 liberum
1489 3012 1722 3063 impediunt
1760 3011 1825 3049 vel

502 3079 742 3119 modificant

284 3141 312 3196 ξ
350 3156 384 3184 1.
438 3147 505 3186 De
539 3148 775 3200 ignorantia
807 3156 848 3186 et
882 3147 1186 3186 inadvertentia

284 3208 311 3263 ἓ
345 3223 384 3252 2.
438 3214 505 3252 De
539 3215 876 3266 concupiscentia

286 3275 314 3330 ξ
348 3289 386 3329 3.
440 3281 507 3319 De
541 3289 653 3320 metu

287 3342 315 3396 ἓ
345 3358 387 3395 4.
441 3347 507 3387 De
539 3348 734 3387 violentia

193 3421 432 3462 Cathrein,
459 3423 591 3456 Philos.
620 3425 773 3457 moralis.
817 3425 882 3456 Ed.
912 3436 942 3463 5.
1645 3435 1667 3458 a
1686 3420 1734 3443 ''²²⁷⁷'‘

1894 997 1982 1037 Pag.

1936 1123 1983 1150 VI

1899 1190 1985 1218 XIII

1965 1495 1990 1589 000
