2182 3682
101 184 200 213 CAP.
236 183 301 211 ΙΙΙ.
349 183 410 210 DE
445 182 680 210 BONITATE
714 182 771 208 ET
806 181 1004 209 MALITIA
1038 180 1215 208 MORALI
1250 181 1444 209 ACTUUM
1479 181 1803 210 HUMANORUM.
1864 170 1928 233 65

40 325 215 384 partes
265 324 481 366 naturae
540 316 804 365 humanae
859 314 1153 374 rationalis,
1211 322 1264 363 et
1319 321 1377 362 ut
1430 314 1671 387 indigent
1727 316 1935 364 ratione

40 397 292 463 regulari
327 397 410 447 vel
450 406 572 447 sunt
612 395 894 447 rationales
935 413 1029 462 per
1069 396 1563 461 participationem3

114 480 168 544 b)
208 479 504 529 secundum
563 496 740 529 omnes
799 477 1118 538 7‘elal2'072es,
1179 493 1316 543 quae
1374 477 1508 527 inter
1562 478 1832 529 hominem
1885 489 1937 530 et

39 560 139 611 alia
194 562 333 610 entia
387 560 735 610 intercedunt.
818 559 1004 629 Homo
1061 559 1200 629 enim
1256 558 1448 619 brutis,
1503 558 1722 625 plantis,
1779 562 1937 611 rebus

40 643 373 707 anorganicis
414 648 648 708 praestat
700 630 991 706 eorumque
1032 640 1148 690 finis
1189 647 1294 701 est,
1338 640 1459 690 Deo
1500 659 1657 702 vero,
1702 651 1939 692 creatore

42 732 94 774 et
135 723 354 773 domino
394 741 510 783 suo,
553 723 767 772 inferior
807 732 887 772 est
929 723 1083 788 eique
1122 730 1396 788 tamquam
1438 722 1525 771 fini
1565 740 1661 772 suo
1703 724 1940 774 subordi-

41 813 207 855 natur.
288 805 346 854 In
388 805 605 855 homine
663 805 780 870 ipso
839 805 973 854 ratio
1014 821 1254 865 sensum,
1313 805 1487 853 anima
1543 822 1734 871 corpus
1776 807 1939 872 digni-

41 895 150 937 tate
207 887 278 937 ita
337 887 635 953 praecedit,
698 895 754 936 ut
813 886 1025 936 inferior
1084 902 1204 951 pars
1262 886 1518 951 superiori
1577 896 1633 936 ut
1687 888 1777 937 fini
1822 890 1939 938 sub-

40 969 233 1018 servire
274 969 484 1019 debeat.
540 969 681 1037 Inter
722 968 816 1017 has
857 967 1138 1018 relationes
1180 966 1362 1017 relatio
1392 968 1619 1018 hominis
1647 969 1715 1019 ad
1746 970 1939 1031 Deum,

42 1058 336 1100 creatorem
378 1058 431 1099 et
471 1050 632 1100 finem
674 1067 826 1099 suum
849 1049 1110 1110 ultimum,
1155 1057 1249 1111 est,
1282 1058 1339 1099 ut
1380 1067 1474 1115 per
1502 1067 1559 1100 se
1600 1058 1764 1116 patet,
1807 1052 1940 1117 prin-

8 1132 240 1198 cipalis,
284 1133 366 1182 cui
409 1132 641 1198 reliquae
682 1132 1122 1194 subordinantur;

117 1215 165 1279 c)
206 1222 392 1264 natura
432 1214 664 1263 humana
717 1214 998 1280 dupliciter
1051 1207 1279 1279 spectari
1320 1222 1524 1279 potest:
1580 1215 1635 1265 2'72
1676 1215 1945 1273 absfracloq

41 1313 134 1346 seu
175 1297 473 1346 secundum
512 1314 663 1345 suam
703 1297 952 1362 speciem,
998 1305 1050 1345 et
1089 1296 1145 1346 2‘72
1186 1304 1438 1357 concredo,
1480 1297 1508 1347 i.
1542 1314 1584 1346 e.
1628 1297 1781 1346 simul
1824 1315 1943 1347 cum

44 1378 294 1437 omnibus
334 1379 472 1428 notis
513 1378 993 1438 individuantibus,
1048 1395 1186 1444 quae
1227 1395 1344 1427 eam
1399 1378 1450 1427 in
1491 1386 1745 1429 concreto
1788 1381 1944 1429 comi-

44 1448 237 1509 tant-ur.
318 1460 565 1526 Utroque
621 1461 787 1510 modo
840 1469 1027 1510 natura
1078 1468 1160 1509 est
1199 1476 1401 1510 norma.
1483 1459 1537 1510 Si
1580 1462 1738 1526 priori
1778 1462 1943 1511 modo

43 1550 338 1607 specta-tur,
394 1546 463 1590 ex
502 1559 564 1591 ea
605 1543 799 1592 deduci
840 1551 1066 1608 possunt
1106 1541 1321 1608 regulae
1361 1543 1747 1604 immutabiles,
1808 1561 1945 1609 quae

44 1610 146 1692 pro
205 1623 451 1672 omnibus
515 1623 819 1673 hominibus
886 1624 1080 1673 eodem
1148 1612 1314 1673 modo
1376 1623 1569 1675 valent.
1666 1625 1947 1675 Posteriori

49 1705 213 1754 modo
269 1694 484 1775 inservit
539 1705 609 1755 ad
666 1705 1013 1771 applicandas
1069 1705 1280 1770 regulas
1336 1705 1448 1755 illas
1504 1701 1824 1757 universales
1878 1707 1947 1756 ad

47 1776 198 1836 casus
254 1787 607 1853 particulares.
691 1787 777 1845 Sic
828 1806 874 1838 v.
920 1805 969 1853 g.
1025 1806 1095 1838 eX
1149 1796 1337 1837 natura
1391 1789 1442 1837 in
1499 1789 1768 1838 abstracto
1826 1807 1948 1839 con-

44 1869 273 1918 siderata
343 1855 586 1935 sequitur
654 1868 865 1935 regula:
943 1871 1349 1936 temperantiam
1424 1887 1539 1920 esse
1611 1871 1944 1932 servandam,

45 1951 74 2000 i.
119 1968 162 2001 e.
207 1950 506 2001 inferiorem
558 1960 764 2018 partem
821 1953 891 2002 ita
944 1970 1059 2002 esse
1112 1954 1402 2018 regendam
1459 1953 1509 2002 in
1567 1971 1664 2003 usu
1721 1953 1949 2004 delecta-

48 2031 246 2094 bilium,
291 2041 346 2082 ut
386 2034 681 2083 subserviat
720 2035 856 2100 parti
885 2033 1139 2084 rationali.
1210 2035 1361 2084 Haec
1391 2033 1575 2101 regula
1616 2044 1695 2085 est
1736 2053 1948 2101 prorsus

47 2114 392 2165 immutabilis
433 2124 486 2165 et
525 2115 665 2166 valet
720 2134 817 2182 pro
872 2117 1120 2166 omnibus
1172 2116 1478 2166 hominibus
1518 2118 1570 2166 in
1611 2135 1949 2184 quacumque

45 2196 376 2247 condicione.
432 2196 576 2262 Quid
604 2207 781 2248 autem
809 2199 860 2248 in
890 2206 1142 2249 concreto
1172 2200 1554 2265 temperantiae
1582 2199 1671 2249 lex
1698 2199 1946 2265 postulet,

46 2278 440 2328 diiudicandum
484 2288 565 2329 est
616 2298 685 2330 ex
735 2282 850 2346 ipsa
891 2290 1105 2340 natura,
1164 2290 1325 2347 prout
1365 2282 1416 2330 in
1467 2290 1719 2331 concreto
1773 2282 1857 2331 hic
1898 2291 1949 2332 et

44 2376 184 2410 nunc
225 2369 320 2411 est.
389 2361 513 2411 Non
554 2362 729 2412 solum
758 2364 898 2412 enim
925 2381 1023 2429 pro
1054 2364 1271 2412 diversis
1300 2363 1621 2425 hominibus,
1665 2365 1760 2413 sed
1791 2365 1949 2414 etiam

44 2457 142 2507 pro
194 2443 388 2493 eodem
444 2444 718 2494 individuo
776 2446 995 2495 diversis
1054 2446 1386 2511 temporibus
1443 2454 1495 2496 et
1547 2446 1951 2496 circumstantiis

45 2521 134 2572 lex
173 2527 554 2591 temperantiae
584 2527 790 2577 diversa
830 2528 881 2577 in
911 2536 1163 2578 concreto
1193 2527 1502 2593 praescribit
1530 2528 1616 2592 (cf.
1649 2527 1704 2578 S.
1745 2529 1951 2589 Tlmm„

45 2603 130 2655 De
169 2607 449 2657 virtutibus
489 2608 542 2658 in
583 2610 855 2659 communi
895 2627 939 2659 a.
984 2611 1053 2675 6).

47 2742 149 2796 70.
228 2745 394 2785 PARS
425 2747 457 2785 I.
521 2747 594 2786 De
627 2760 797 2786 norma
827 2749 1064 2798 proxima.

121 2845 286 2895 Prob.
327 2863 368 2896 1.
429 2848 514 2898 Ex
557 2860 822 2917 conceptu
864 2852 1006 2901 boni.
1063 2851 1280 2901 Bonitas
1309 2851 1601 2916 (honestas)
1644 2852 1839 2902 obiecti
1873 2860 1952 2901 est

47 2934 188 2977 certe
239 2928 416 2995 aliqua
467 2931 679 2982 bonitas
731 2934 1120 2998 (convenientia
1171 2932 1255 2983 vel
1296 2932 1676 3000 appetibilitas)
1719 2942 1952 2998 respectu

47 3006 293 3060 hominis.
340 3012 512 3063 Immo
536 3015 783 3065 omnibus
807 3015 1097 3065 fatentibus
1118 3015 1321 3065 bonurn
1343 3016 1627 3066 honestum
1652 3024 1731 3064 est
1753 3015 1953 3064 homini

46 3091 277 3142 maxime
317 3097 697 3161 appetendum.
779 3098 902 3148 Hoc
944 3098 1122 3163 posito
1164 3098 1239 3147 sic
1277 3105 1741 3162 argumentamur:

121 3171 422 3240 Tripliciter
477 3185 683 3228 tanturn
741 3179 962 3245 aliquod
1030 3179 1304 3229 obiectum
1370 3179 1572 3230 homini
1632 3178 1954 3228 conveniens

46 3259 100 3302 et
140 3257 430 3321 appetibile
470 3276 587 3309 esse
631 3269 811 3326 potest
851 3260 926 3325 (S.
981 3260 1167 3311 leom.
1219 3275 1271 3322 Ι,
1332 3279 1382 3327 q.
1432 3271 1486 3324 5,
1530 3277 1574 3310 a.
1620 3260 1700 3323 6>:
1760 3273 1800 3309 Ι.
1845 3276 1953 3309 non

43 3344 266 3401 propter
303 3355 376 3399 se,
418 3340 514 3390 sed
558 3351 780 3408 propter
829 3342 1229 3395 311υθ113οῐιυη1
1280 3343 1676 3408 assequendum
1730 3340 1952 3404 (bonurn

138 3427 378 3471 Cathrein,
406 3430 541 3464 Philos.
572 3433 728 3467 moralis.
773 3434 838 3466 Ed.
869 3445 899 3474 5.
1662 3439 1683 3482 5
