2182 3682
196 175 265 224 34
599 171 713 200 PARS
747 172 775 201 Ι.
826 171 1143 200 PHILOSOPHIA
1176 171 1385 200 MORALIS
1421 172 1700 203 GENERALIS.
1754 166 1758 169 ¹

191 305 416 370 gloriam
469 307 718 370 exhibet,
775 326 1044 358 summum
1100 309 1304 358 bonum
1349 307 1503 359 huius
1556 309 1696 359 vitae
1752 310 2096 362 constituunt.

191 387 323 437 Inde
363 390 626 454 sequitur:
687 391 736 455 c)
778 408 898 440 cum
951 391 1086 440 inter
1143 408 1330 441 omnes
1384 391 1635 441 virtutum
1676 399 1828 441 actus
1866 393 2101 458 supremi

188 469 293 520 sint
345 479 498 521 actus
551 473 747 522 amoris
787 472 891 522 Dei
944 472 1216 538 iidemque
1270 489 1399 539 prae
1458 473 1647 523 ceteris
1697 473 1819 523 Deo
1875 472 2100 539 gloriam

189 552 437 614 afferant,
493 554 592 604 hos
633 554 857 604 eosdem
908 564 1058 604 actus
1110 571 1226 604 esse
1265 572 1572 621 supremum
1627 555 1858 605 hominis
1898 555 2099 606 bonum

187 634 239 683 in
280 634 382 684 hac
428 636 536 685 vita
588 637 937 702 eiusdemque
987 636 1320 702 potissimam
1375 637 1780 703 dispositionem
1829 637 1897 687 ad
1936 638 2100 688 vitam

188 716 434 768 futuram.

267 820 468 872 Coroll.
512 836 560 872 2.
643 822 835 873 Unitas
886 829 1104 872 naturae
1155 822 1448 884 humanae,
1501 823 1585 872 cui
1640 823 1814 873 unitas
1868 822 1986 873 finis
2025 841 2099 874 re-

185 904 455 970 spondere
511 892 701 965 debet,
761 923 867 969 non
909 905 1172 966 admittit,
1228 914 1286 954 ut
1343 904 1548 971 duplex
1599 905 1751 955 huius
1789 905 1930 956 vitae
1981 905 2099 969 finis

187 987 565 1052 distinguatur:
624 987 757 1037 alter
801 988 1120 1053 primarius
1160 994 1214 1037 et
1254 987 1558 1049 absolutm,
1616 988 1668 1037 in
1720 988 2099 1054 prosecutione

185 1069 399 1119 moralis
428 1070 635 1119 ordinis·
667 1071 827 1133 situs3
874 1070 1006 1120 alter
1037 1070 1389 1120 secundarius
1421 1079 1475 1119 et
1501 1070 1661 1136 priori
1699 1070 2097 1132 subordinatus,

185 1152 481 1212 consistens
536 1153 587 1202 in
640 1153 920 1202 moderata
973 1153 1114 1202 vitae
1164 1153 1545 1218 prosperitate,
1585 1153 1822 1218 positive
1862 1153 2097 1219 quidem,

182 1235 279 1284 sed
321 1244 541 1285 eatenus
582 1243 790 1285 tantum
832 1236 1226 1302 prosequenda,
1271 1242 1534 1301 quatenus
1574 1235 1823 1301 primario
1863 1235 1956 1285 fini
1995 1253 2099 1285 nan

185 1317 481 1382 apponitur.
582 1317 722 1367 Nam
788 1317 1164 1367 substantialis
1229 1325 1282 1366 et
1342 1317 1567 1382 physica
1641 1317 1814 1367 unitas
1879 1326 2097 1367 naturae

182 1399 450 1465 postulat,
506 1408 563 1450 ut
619 1417 806 1449 omnes
861 1400 970 1450 eius
1025 1409 1203 1466 partes
1254 1417 1363 1448 non
1403 1399 1580 1449 solum
1620 1399 1870 1465 negative
1909 1400 2098 1450 rationi

181 1482 610 1543 subordinentur,
655 1482 750 1532 sed
793 1482 952 1532 etiam
981 1483 1244 1547 positive,
1288 1482 1359 1531 ita
1400 1491 1457 1531 ut
1498 1480 1699 1531 nullum
1741 1482 1944 1532 bonum
1983 1499 2097 1532 sen-

180 1565 393 1614 sitivum
434 1583 531 1631 pro
573 1565 791 1614 homine
832 1564 993 1614 ullam
1038 1566 1299 1614 rationem
1327 1564 1437 1614 veri
1478 1564 1606 1614 boni
1633 1581 1697 1614 ac
1737 1564 1855 1614 finis
1895 1564 2095 1614 habere

180 1648 364 1713 possit,
409 1647 506 1696 nisi
548 1654 811 1713 quatenus
853 1663 970 1697 eam
1012 1648 1295 1714 participat
1336 1664 1365 1696 a
1405 1664 1658 1712 supremo
1701 1646 1804 1696 fine
1845 1663 1907 1697 ac
1949 1647 2094 1697 bono

178 1730 338 1779 totius
377 1738 597 1780 naturae
649 1730 943 1791 humanae,
1001 1747 1095 1780 seu
1151 1737 1415 1796 quatenus
1468 1729 1694 1795 positive
1735 1736 1816 1779 est
1855 1729 2094 1779 medium

181 1812 250 1861 ad
290 1811 438 1861 illum
482 1813 940 1878 consequendum.

913 1982 1242 2022 ARTICULUS
1274 1983 1350 2021 ΠΙ.

312 2088 405 2134 DE
445 2088 855 2135 SUBIECTIVA
893 2087 1189 2134 HOMINIS
1226 2087 1322 2132 AD
1361 2086 1578 2133 FINEM
1615 2085 1946 2133 ULTIMUM

904 2162 1357 2210 HABITUDINE.

180 2264 244 2318 (S.
286 2268 425 2306 Tlmm.
467 2278 511 2316 1,
548 2277 597 2316 2,
633 2281 672 2319 q.
714 2278 747 2315 1,
782 2281 818 2306 a.
854 2267 878 2305 6
913 2274 953 2305 et
986 2281 1025 2318 q.
1064 2275 1110 2317 5,
1147 2281 1181 2305 a.
1219 2266 1267 2313 8;
1304 2266 1371 2304 De
1403 2265 1521 2304 verit.
1557 2279 1595 2317 q.
1631 2275 1710 2313 22,
1746 2279 1782 2304 a.
1821 2272 1857 2314 7.
1921 2265 2089 2311 Sum-ez,

474 2335 540 2373 De
575 2334 718 2373 ultimo
753 2334 835 2373 fine
870 2335 975 2386 disp.
1013 2345 1050 2382 2,
1087 2342 1189 2372 sect.
1224 2345 1250 2382 4
1285 2340 1326 2372 et
1359 2333 1467 2385 disp.
1504 2343 1541 2383 3,
1578 2339 1678 2371 sect.
1716 2329 1778 2381 6.)

181 2454 281 2506 30.
362 2443 656 2511 Hucusque
713 2445 780 2494 de
837 2444 1172 2494 ordinatione
1228 2444 1381 2509 quasi
1445 2450 1671 2492 externa
1738 2449 1800 2491 etv
1851 2441 2086 2507 passiva

176 2525 339 2576 locuti
386 2543 601 2589 sumu5‚
662 2544 824 2593 quam
886 2527 1051 2577 homo
1116 2544 1186 2576 ex
1236 2526 1531 2575 intentione
1582 2524 1812 2574 auctoris
1867 2532 2087 2573 naturae

176 2608 363 2671 habet3
419 2618 581 2659 restat
631 2618 690 2659 ut
741 2626 912 2675 pauca
962 2609 1227 2659 addamus
1289 2609 1357 2657 de
1421 2607 1756 2656 ordinatione
1811 2606 1957 2672 quasi
2010 2606 2087 2655 in-

175 2699 331 2740 terna
373 2699 425 2741 et
479 2692 690 2753 activa,
753 2708 859 2758 qua
913 2691 1078 2741 homo
1135 2700 1286 2741 actus
1340 2706 1467 2739 suos
1521 2690 1573 2738 in
1624 2689 1783 2738 finem
1837 2686 2084 2737 ultimum

179 2773 357 2844 dirigit
399 2774 467 2835 <n-
513 2774 561 2835 6,
609 2774 677 2837 3),

251 2862 685 2930 Quadrupliciter
739 2864 904 2913 homo
962 2864 1065 2913 dici
1120 2869 1301 2929 potest
1356 2861 1563 2928 operari
1616 2867 1839 2927 propter
1888 2859 2080 2910 finem:

175 2946 225 3010 a)
267 2945 569 3007 actualiter,
612 2962 731 2995 cum
775 2954 897 2995 actu
939 2946 1007 2995 de
1058 2945 1164 2995 fine
1216 2945 1419 3011 cogitat
1460 2959 1688 3009 eumque
1727 2942 1954 2992 intendit
1992 2941 2082 3006 (in-

174 3027 341 3076 tentio
382 3027 652 3090 actualis>;
696 3057 767 3064 -—
807 3028 864 3093 b)
905 3027 1246 3089 virtualiter,
1291 3043 1412 3076 cum
1453 3026 1570 3092 quis
1610 3032 1731 3075 actu
1773 3023 1934 3073 finem
1974 3039 2081 3090 1199

174 3108 531 3175 apprehendit
571 3117 624 3158 et
663 3109 904 3170 intendit,
948 3109 1045 3158 sed
1085 3108 1195 3174 agit
1243 3108 1324 3158 «vi
1350 3107 1654 3157 intentionis
1682 3104 2092 3172 praehabitae»,

174 3208 311 3256 quae
351 3190 402 3240 in
443 3199 622 3240 actum
674 3190 893 3241 influere
945 3191 1121 3256 pergit
1172 3190 1414 3254 (intentio
1454 3187 1738 3253 virtualis);
1782 3217 1855 3224 —
1895 3187 1944 3250 c)
1985 3185 2080 3257 lia-

173 3272 478 3333 bitualiter,
535 3289 656 3322 cum
698 3273 816 3338 quis
856 3280 1014 3322 antea
1053 3272 1216 3321 finem
1263 3271 1494 3337 aliquem
1535 3271 1763 3320 intendit
1803 3285 1902 3319 nec
1941 3268 2080 3318 hanc

172 3354 519 3404 intentionem
577 3354 871 3415 revocavit,
932 3354 1056 3419 quin
1114 3362 1293 3403 tamen
1349 3369 1488 3402 nunc
1538 3353 1590 3402 vi
1639 3351 1776 3402 illius
1821 3359 1948 3416 agat
1988 3351 2078 3415 (in-
