2182 3682
499 180 585 209 LIB.
620 180 666 208 II.
713 179 812 209 CAP.
848 179 912 208 111.
960 179 1022 207 DE
1056 178 1311 207 SOCIETATE
1345 179 1502 208 CIVILI.
1829 183 1930 231 411

48 315 315 384 poralibus
356 324 577 382 regeret,
621 316 692 365 ita
731 315 906 377 alium,
950 316 1040 381 qui
1080 331 1196 364 eam
1226 315 1274 364 in
1306 332 1359 364 re
1401 314 1646 380 religiosa
1674 315 1938 380 dirigeret.

48 399 155 450 Sed
196 414 418 463 quaero:
462 397 739 448 Undenam
780 397 943 447 habet
969 396 1254 446 multitudo
1283 397 1397 462 ipsa
1424 397 1562 446 hanc
1590 396 1944 462 potestatem?

46 480 263 529 Debent
302 496 371 529 ex
402 496 496 529 Sua
535 480 795 529 sententia
835 479 1158 545 respondere
1188 496 1306 528 eam
1348 479 1615 528 resultare
1655 495 1724 527 ex
1752 479 1944 528 unione

47 561 394 611 multitudinis
433 561 501 610 ad
544 560 940 627 rempublicam.
1021 560 1192 626 Atqui
1240 567 1509 625 potestas,
1564 576 1700 625 quae
1747 577 1816 608 ex
1855 560 1945 609 rei-

48 642 288 710 publicae
329 652 515 692 natura
556 642 788 703 resultat,
833 642 994 692 civilis
1023 651 1117 692 est.
1176 642 1453 692 Praeterea
1488 642 1781 692 secundum
1808 641 1946 690 hanc

46 725 360 775 sententiam
412 732 649 791 potestas
701 724 915 790 politica
967 733 1019 773 et
1070 724 1315 790 religiosa
1366 723 1555 774 saltem
1605 725 1658 773 in
1703 724 1945 773 subiecto

47 807 384 872 originario,
447 806 538 858 scl.
598 806 649 856 in
704 814 819 856 tota
878 805 1247 868 multitudine,
1317 815 1457 856 esset
1511 806 1657 855 unita
1715 805 1948 871 ideoque

46 906 140 956 per
179 906 235 938 se
276 906 394 940 una.

122 975 477 1027 Confirmatur
516 978 828 1027 auctoritate
870 976 922 1027 S.
977 976 1216 1027 lemae
1257 978 1361 1042 (De
1403 978 1585 1043 regim.
1628 976 1791 1042 princ.
1836 975 1865 1025 l.
1906 990 1946 1036 Ι,

47 1076 90 1109 c.
130 1060 239 1124 14):
289 1059 445 1109 «Non
482 1069 561 1109 est
597 1059 811 1109 ultimus
848 1059 964 1109 finis
999 1060 1346 1109 multitudinis
1382 1068 1742 1125 congregatae
1776 1059 1951 1107 vivere

44 1141 342 1190 secundum
393 1142 669 1202 virtutem,
723 1142 818 1190 sed
872 1158 966 1207 per
1016 1142 1302 1191 virtuosam
1343 1142 1506 1190 vitam
1558 1140 1831 1206 pervenire
1883 1139 1951 1188 ad

47 1221 348 1272 fruitionem
403 1224 650 1273 divinam.
733 1222 1045 1289 Siquidem
1099 1232 1277 1273 autem
1332 1223 1398 1272 ad
1451 1222 1593 1272 hunc
1635 1222 1794 1271 finem
1841 1238 1953 1287 per-

46 1305 207 1354 veniri
250 1314 432 1370 posset
471 1306 664 1355 virtute
705 1305 969 1355 humanae
1010 1313 1254 1366 naturae,
1310 1322 1528 1355 necesse
1570 1313 1734 1365 esset,
1785 1312 1842 1353 ut
1882 1303 1961 1353 act

49 1386 281 1453 Officium
341 1388 490 1452 regis
533 1388 836 1452 pertineret
888 1388 1133 1452 dirigere
1188 1389 1430 1437 licnninc's
1485 1388 1539 1437 in
1593 1387 1729 1436 linnc
1762 1387 1949 1452 finem.

47 1468 206 1518 Hunc
247 1469 386 1518 enim
429 1470 531 1519 dici
572 1486 754 1535 regem
795 1470 1171 1535 supponimus,
1220 1471 1302 1520 cui
1344 1486 1553 1519 summa
1595 1469 1862 1535 regiminis
1902 1468 1953 1517 in

47 1551 203 1600 rebus
243 1550 486 1601 humanis
528 1552 890 1602 committitur.
907 1576 923 1596 2>
993 1552 1170 1614 Porro,
1215 1554 1338 1618 quia
1367 1551 1540 1602 cultus
1580 1552 1857 1617 gentilium
1899 1559 1951 1600 et

47 1633 369 1683 Iudaeorum
409 1634 752 1684 ordinabatur
803 1635 870 1683 ad
913 1635 1114 1683 bonum
1157 1634 1480 1700 temporale,
1536 1633 1587 1684 S.
1632 1634 1842 1683 Doctor
1881 1634 1951 1682 in-

49 1714 147 1765 fert
199 1717 632 1766 «convenienter»
673 1734 779 1766 non
808 1716 983 1766 solum
1023 1718 1332 1767 sacerdotes
1374 1716 1612 1782 gentiles,
1655 1717 1750 1765 sed
1792 1715 1951 1764 etiam

46 1797 267 1847 iudaeos
308 1798 522 1864 regibus
562 1798 719 1848 fuisse
752 1800 1037 1849 subiectos.
1097 1798 1376 1849 Consentit
1406 1798 1614 1848 §natea
1655 1797 1795 1862 (Des.
1827 1797 1950 1847 fidei

47 1878 78 1930 l.
112 1893 158 1943 3,
195 1897 238 1930 c.
271 1894 319 1944 9,
351 1898 399 1931 n.
431 1881 512 1944 4):
564 1882 652 1930 «In
693 1880 812 1947 lege
854 1890 1070 1932 naturae
1112 1882 1283 1932 omnis
1324 1889 1564 1948 potestas
1604 1881 1954 1946 gubernativa

48 1963 145 2011 sub
174 1963 456 2028 temporali
483 1963 805 2014 sufficienter
846 1964 1420 2030 comprehendebatur,
1465 1981 1588 2013 nam
1620 1963 1724 2012 illa
1766 1963 1952 2012 eadem

37 2052 222 2109 posset
256 2045 538 2110 disponere·
577 2046 642 2095 a'e
681 2047 767 2108 iis,
811 2064 947 2112 qnae
974 2047 1251 2111 pertinent
1287 2047 1367 2096 aa'
1400 2047 1591 2096 cultam
1626 2046 1751 2107 Dei,
1793 2052 1954 2111 prout

49 2127 328 2192 expediret
383 2129 654 2177 communi
705 2129 832 2178 bono
889 2129 1121 2178 hnmano
1180 2129 1551 2194 respublicae.»
1648 2128 1717 2177 Et
1776 2127 1952 2178 adhuc

49 2206 237 2257 clarius
276 2208 362 2258 De
402 2208 503 2274 leg.
548 2210 578 2258 l.
621 2224 671 2271 4,
716 2228 758 2260 c.
812 2225 890 2271 ΙΙ,
936 2228 981 2260 n.
1024 2225 1112 2260 Io:
1164 2209 1391 2275 «Quoad
1434 2211 1571 2260 hanc
1613 2218 1818 2276 partem
1861 2212 1953 2274 (re—

49 2288 302 2361 ligionem
331 2291 582 2355 divinam)
624 2293 805 2342 civilis
833 2301 1074 2357 pesestas
1115 2294 1294 2358 magis
1335 2293 1572 2342 limitata
1612 2310 1746 2342 nnnc
1785 2300 1864 2342 est
1902 2292 1955 2341 in

50 2371 310 2438 Ecclesia,
343 2391 502 2439 qnam
544 2382 679 2424 esset
716 2383 837 2424 ante
878 2375 1233 2425 christianam
1277 2375 1592 2439 religionem
1607 2395 1626 2438 ;
1667 2392 1788 2424 nam
1830 2373 1956 2424 olim

52 2471 176 2504 cura
203 2453 470 2520 religionis
500 2457 842 2506 ordinabatur
869 2458 936 2507 ad
966 2458 1249 2507 honestam
1283 2457 1587 2507 felicitatem
1617 2456 1955 2523 reipublicae,

51 2543 109 2586 ut
158 2554 318 2603 supra
370 2555 439 2587 ex
486 2539 551 2588 D.
597 2538 810 2589 Thoma
863 2540 1190 2602 notavimus3
1246 2557 1386 2589 nunc
1439 2548 1614 2589 autem
1669 2539 1852 2604 religio
1906 2548 1958 2589 et

51 2619 332 2685 spiritualis
371 2619 513 2670 salus
541 2638 602 2671 ac
639 2620 856 2672 felicitas
898 2639 992 2688 per
1019 2640 1075 2672 se
1117 2623 1287 2688 primo
1328 2623 1529 2671 intenta
1570 2630 1650 2671 est
1679 2630 1730 2671 et
1759 2621 1958 2687 reliqua

53 2710 271 2767 propter
309 2701 467 2763 illam,
512 2713 564 2752 et
604 2703 724 2756 ideo.
755 2704 883 2753 olim
926 2722 1055 2754 citra
1099 2704 1386 2769 religionis
1426 2705 1515 2753 vel
1540 2704 1853 2769 pertinebat
1887 2704 1965 2753 ad

43 2791 359 2848 potestatem
389 2786 618 2850 regiam,
659 2786 750 2835 vel
787 2804 899 2835 cnm
929 2787 1033 2836 illa
1075 2786 1489 2851 caninngcliatnr
1529 2787 1585 2836 in
1618 2787 1802 2836 eadem
1833 2795 1957 2851 jier-

53 2883 202 2927 sona,
241 2866 334 2916 vel
368 2866 461 2916 illi
496 2868 992 2918 subordz‘nabafur.>2

59 3027 204 3081 553.
285 3018 459 3070 Selial.
505 3036 552 3070 2.
633 3021 892 3072 Attamen
941 3022 1073 3073 haec
1114 3030 1355 3089 potestas
1397 3022 1642 3090 religiosa
1682 3024 1732 3072 in
1775 3023 1958 3072 ordine

56 3100 277 3150 naturali
315 3119 422 3152 non
457 3110 597 3153 esset
624 3104 780 3154 valde
808 3105 1001 3171 ampla.
1058 3106 1182 3154 Non
1212 3106 1351 3155 enim
1385 3106 1606 3155 haberet
1634 3112 1958 3171 potestatem

57 3181 287 3233 docendi
325 3185 574 3235 veritates
626 3186 897 3253 religiosas
948 3196 1000 3237 et
1047 3188 1301 3249 morales,
1356 3189 1424 3238 ad
1465 3205 1733 3237 summurn
1773 3196 1958 3253 posset

57 3265 338 3329 prohibere
390 3276 442 3317 et
494 3270 678 3334 punire
729 3269 1001 3336 publicam
1052 3271 1395 3337 negationem
1448 3287 1627 3319 earum
1679 3270 1955 3319 veritatum

51 3347 419 3417 religiosarum
458 3360 511 3401 et
549 3351 840 3415 moralium,
885 3371 1020 3420 quae
1055 3362 1176 3403 sunt
1216 3353 1373 3419 plane
1414 3353 1685 3402 evidentes
1721 3360 1773 3402 et
1800 3351 1956 3401 simul
