2182 3682
203 178 313 226 420
604 174 716 203 PARS
751 174 798 203 11.
850 174 1164 203 PHILOSOPHIA
1197 173 1400 202 MORALIS
1437 173 1672 202 SPECIALIS

203 307 231 363 ξ
267 319 303 361 5.
355 310 514 360 QUAE
546 310 688 349 IURA
722 310 796 349 ET
830 311 1065 350 OFFICIA
1098 310 1504 350 AUCTORITATI
1537 310 1717 349 CIVILI
1751 308 2114 349 COMPETANT

620 377 797 416 CIRCA
830 377 1264 418 EDUCATIONEM
1297 377 1372 415 ET
1407 377 1688 417 SCHOLAS.

371 497 405 535 Ι.
451 497 577 535 Num
612 496 826 535 educatio
862 495 1117 535 iuventutis
1151 501 1364 546 spectato
1400 495 1562 534 ordine
1595 507 1722 534 mere
1753 495 1950 534 naturali

618 565 676 602 ad
708 563 935 602 ambitum
968 563 1213 614 potestatis
1248 563 1397 602 civilis
1430 563 1690 613 pertineat?

827 679 1096 728 THESIS
1134 681 1494 728 LXXXVIII.

205 773 350 840 557·
436 785 531 831 Ius
569 784 779 832 directe
818 792 872 832 et
908 785 1238 832 immediate
1278 785 1510 832 curandi
1549 784 1944 832 educationem
1979 784 2112 832 libe-

202 874 396 907 rorum
444 859 500 906 in
551 859 745 907 ordine
797 874 954 907 mere
1004 860 1243 908 naturali
1291 875 1394 921 per
1441 874 1503 907 se
1552 861 1621 907 ad
1658 860 1812 907 solos
1847 866 2113 920 parentes

200 934 457 994 pertinet.

278 1034 366 1086 St.
412 1034 488 1103 Q.
570 1038 811 1088 Dicimus
841 1046 951 1104 per
987 1056 1069 1099 se,
1113 1038 1142 1089 i.
1188 1056 1230 1088 e.
1276 1039 1639 1089 abstrahendo
1681 1057 1710 1088 a
1753 1039 1963 1089 casibus
2004 1056 2112 1088 om-

200 1120 324 1169 nino
377 1120 832 1181 extraordinariis,
888 1121 977 1170 ubi
1029 1128 1176 1170 certo
1227 1128 1495 1171 constaret
1549 1122 1813 1187 quosdam
1866 1129 2115 1187 parentes

201 1202 573 1252 educationem
618 1202 908 1252 liberorum
950 1203 1108 1268 plane
1150 1203 1452 1269 neglegere.
1511 1202 1616 1253 Sel.
1661 1204 1972 1269 parentibus
2001 1219 2113 1269 gra-

199 1285 474 1334 vissimum
531 1284 766 1335 officium
826 1286 1086 1334 incumbit
1146 1285 1262 1334 filiis
1323 1286 1675 1335 necessariam
1737 1285 2114 1335 educationem

199 1367 548 1433 impertiendi.
632 1365 845 1431 Quodsi
898 1367 1057 1433 igitur
1097 1368 1147 1416 in
1190 1368 1369 1433 aliquo
1411 1384 1537 1417 casu
1581 1376 1726 1417 certo
1769 1376 1979 1418 constet
2019 1384 2113 1417 eos

199 1449 320 1499 huic
351 1449 529 1499 officio
571 1448 728 1515 plane
759 1450 946 1499 deesse
979 1479 1043 1484 —
1087 1449 1138 1498 id
1170 1450 1318 1514 quod
1349 1467 1455 1499 non
1484 1451 1780 1515 generatim
1807 1467 2114 1516 supponere

199 1530 336 1592 licet,
386 1531 481 1580 sed
522 1549 619 1597 pro
662 1549 992 1597 unoquoque
1035 1548 1159 1581 casu
1201 1532 1476 1581 individuo
1519 1532 1862 1598 probandum
1904 1540 1983 1582 est
2023 1562 2110 1593 —-,

199 1622 379 1679 potest
419 1614 759 1679 magistratus
789 1631 881 1664 eos
922 1615 1112 1663 intuitu
1154 1614 1282 1663 boni
1320 1615 1618 1664 communis
1649 1614 1896 1680 congruis
1925 1614 2114 1664 mediis

198 1697 440 1762 adigere,
497 1704 553 1745 ut
603 1713 700 1745 suo
754 1697 959 1746 muneri
1011 1695 1200 1746 saltem
1253 1697 1303 1745 in
1357 1696 1722 1747 essentialibus
1769 1696 2110 1757 satisfaciant,

197 1795 538 1844 nequaquam
579 1787 759 1828 autem
812 1796 906 1845 per
947 1796 1003 1828 se
1045 1779 1311 1828 educandi
1360 1796 1541 1829 curam
1584 1779 1783 1829 directe
1825 1796 2108 1839 assumere,

198 1861 453 1927 quamdiu
495 1870 742 1926 parentes
784 1862 956 1910 eidem
998 1861 1300 1911 satisfacere
1341 1861 1534 1912 valent.

200 1988 345 2054 568.
428 1992 593 2039 Prob.
635 2006 676 2038 1.
742 1991 1054 2040 Parentibus
1095 1990 1220 2041 solis
1249 2008 1279 2040 a
1307 1999 1491 2040 natura
1533 1991 1733 2041 directe
1763 1991 2109 2041 commissum

198 2082 277 2122 est
318 2072 552 2122 officium
594 2073 857 2123 educandi
899 2072 1109 2123 liberos.
1178 2073 1333 2138 Ergo
1375 2074 1406 2122 ii
1447 2073 1546 2122 soli
1587 2074 1746 2122 etiam
1786 2073 1871 2123 ius
1910 2072 2110 2122 habent

196 2155 301 2205 hoc
343 2155 579 2205 officium
622 2156 923 2205 exercendi.
1005 2155 1090 2204 Ius
1131 2156 1270 2205 enim
1311 2156 1566 2221 supponit
1607 2155 1856 2206 officium.

271 2239 437 2286 Prob.
489 2253 531 2286 2.
624 2236 679 2288 Si
736 2238 840 2288 hoc
897 2237 1134 2287 officium
1191 2238 1351 2287 etiam
1407 2237 1519 2287 aliis
1576 2255 1740 2304 quam
1798 2237 2110 2304 parentibus

198 2320 398 2370 directe
440 2321 785 2370 commissum
826 2328 979 2381 esset,
1026 2320 1280 2370 deficeret
1320 2321 1616 2369 necessaria
1648 2320 1717 2370 ad
1758 2320 1959 2369 bonam
1988 2319 2110 2368 edu-

198 2402 464 2452 cationem
505 2403 711 2464 unitas,
765 2403 929 2451 immo
985 2412 1206 2468 possent
1258 2402 1309 2451 hi
1351 2402 1410 2452 vi
1447 2402 1586 2452 iuris
1624 2402 1898 2452 naturalis
1943 2402 2110 2451 iustos

197 2494 476 2551 parentum
518 2494 742 2535 conatus
784 2483 1045 2534 frustrare.

201 2608 346 2674 569.
430 2612 593 2659 Prob.
633 2626 676 2672 3.
768 2610 823 2661 Si
875 2610 966 2660 ulli
1017 2619 1169 2660 extra
1221 2609 1471 2659 familiam
1523 2611 1600 2659 ius
1652 2609 1917 2659 educandi
1967 2625 2106 2659 corn-

197 2702 418 2759 peteret,
461 2693 514 2742 id
557 2702 696 2742 esset
737 2694 1025 2743 auctoritas
1066 2692 1294 2759 publica.
1352 2692 1522 2758 Atqui
1559 2692 1693 2742 haec
1734 2691 1839 2742 tale
1878 2692 1958 2741 ius
1999 2708 2108 2740 non

196 2775 376 2826 habet.
457 2775 611 2840 Ergo
645 2818 651 2824 .
687 2817 694 2824 .
731 2817 738 2825 .
1865 2819 1868 2822 Α

270 2857 429 2907 Proh.
473 2857 598 2907 min.
689 2872 728 2908 Ι.
773 2857 1039 2907 Educatio
1081 2858 1221 2906 enim
1263 2865 1342 2906 est
1382 2874 1478 2922 per
1517 2874 1574 2906 se
1615 2857 1818 2906 bonum
1859 2853 2106 2905 domesti-

198 2957 334 3000 cum,
378 2940 446 2988 ad
489 2940 636 3005 quod
676 2940 1071 3006 assequendum
1112 2939 1227 3005 ipsa
1267 2938 1461 2988 familia
1501 2955 1532 2989 a
1569 2939 1690 2988 Deo
1731 2939 1970 2988 instituta
2009 2944 2104 2997 est,

197 3039 372 3087 neque
412 3030 493 3071 est
532 3021 636 3071 hoc
679 3022 884 3071 bonum
924 3021 1212 3082 eiusmodi,
1264 3021 1413 3086 quod
1453 3038 1562 3070 non
1602 3020 1773 3086 possit
1812 3018 2107 3086 generatim

197 3120 290 3169 per
328 3104 500 3169 ipsam
541 3102 791 3152 familiam
831 3103 1153 3153 sufficienter
1194 3103 1397 3168 attingi.
1478 3103 1634 3168 Ergo
1674 3101 1865 3152 saltem
1905 3100 2106 3150 directe

199 3186 267 3234 ad
303 3185 628 3235 activitatem
657 3186 986 3235 auctoritatis
1026 3184 1275 3251 politicae
1304 3202 1412 3234 non
1441 3185 1681 3250 pertinet.
1741 3196 1788 3233 2.
1832 3182 2104 3242 Rationes,

198 3283 334 3332 quae
375 3267 442 3316 ad
495 3266 599 3317 hoc
639 3267 716 3316 ius
757 3267 1087 3316 auctoritatis
1138 3266 1385 3332 publicae
1437 3265 1776 3332 probandum
1815 3263 1986 3313 afferri
2026 3279 2105 3312 so-

199 3347 323 3409 lent,
366 3349 420 3397 id
462 3366 569 3398 non
611 3349 872 3399 evincunt.
