2182 3682
190 190 254 252 58
595 197 708 226 PARS
743 197 771 226 Ι.
823 197 1138 227 PHILOSOPHIA
1173 197 1378 227 MORALIS
1413 198 1691 228 GENERALIS.

183 335 389 382 tendere
438 343 626 396 potest,
678 335 877 382 omissio
928 343 1063 382 actus
1113 352 1141 381 a
1175 336 1428 382 voluntate
1465 335 1720 398 dependet
1756 352 1858 384 non
1896 336 2097 398 quidem

185 409 394 472 positive
431 418 479 457 et
514 410 732 472 physice,
772 410 860 457 sed
895 410 1125 471 negative
1165 418 1212 456 et
1248 410 1515 458 moraliter.

271 520 372 561 Obi.
403 533 446 571 3·
526 513 762 561 Definitio
814 513 964 560 debet
1017 513 1286 569 convenire
1339 513 1475 559 omni
1526 514 1742 562 definito.
1820 514 1974 576 Atqui
2020 515 2102 562 de-

186 588 341 635 finitio
391 589 504 635 data
552 604 655 635 non
704 588 939 634 convenit
987 587 1123 634 omni
1163 587 1395 646 definit03
1444 598 1554 635 sunt
1591 590 1722 635 enim
1759 605 1837 637 res
1872 589 2099 648 morales,
2156 644 2159 645 ⁷

188 663 362 724 quibus
409 679 512 710 non
562 663 820 721 convenit,
870 679 912 709 v.
952 679 996 724 g.
1048 664 1183 723 leges
1231 664 1470 722 morales,
1521 663 1717 711 obiecta
1764 664 1971 711 moralia
2007 672 2099 712 etc.

185 738 324 797 Ergo
352 777 359 785 .
390 776 397 784 .
429 776 436 784 .

265 847 415 896 Resp.
484 839 614 884 Dz‘st.
654 839 796 884 mais
843 838 1008 884 Debet
1045 837 1314 885 convenire
1352 837 1488 884 omni
1525 837 1754 895 definito,
1800 838 1828 884 i.
1869 853 1910 885 e.
1949 840 2100 897 omni,

188 913 323 973 quod
371 912 614 960 rationem
663 912 916 959 definitam
967 912 1167 974 proprie
1217 921 1265 959 et
1312 912 1582 959 formaliter
1629 913 1916 975 participat,
1966 928 2101 970 conc„

185 987 346 1045 omni,
388 988 465 1034 cui
502 988 583 1034 illa
621 988 744 1034 ratio
782 989 940 1034 solum
977 987 1246 1049 improprie
1285 997 1333 1034 et
1368 1002 1458 1049 per
1494 987 1835 1035 habitudinem
1872 987 1936 1034 ad
1972 987 2104 1035 aliud

186 1064 444 1121 convenit,
495 1077 620 1122 nege.
701 1062 987 1109 Contradz'st.
1027 1064 1137 1109 min.
1178 1071 1225 1109 et
1260 1069 1353 1109 rat.
1393 1063 1573 1110 addz't..·
1621 1064 1742 1110 Sunt
1789 1079 1866 1110 res
1902 1062 2104 1125 proprie

185 1147 234 1184 et
270 1137 542 1184 formaliter
579 1139 805 1194 morales,
847 1137 1024 1198 quibus
1060 1138 1143 1183 illa
1176 1137 1398 1184 definitio
1426 1154 1525 1184 non
1554 1137 1803 1194 convenit,
1842 1153 1971 1198 nego,
2010 1153 2102 1195 res,
2146 1195 2152 1200 ,

186 1228 313 1274 quae
363 1214 522 1259 solum
570 1213 841 1274 improprie
891 1221 939 1259 et
986 1227 1076 1273 per
1123 1228 1311 1259 meram
1362 1212 1703 1259 habitudinem
1753 1213 1817 1260 ad
1864 1212 1997 1259 aliud
2037 1213 2105 1259 di-

188 1297 362 1334 cuntur
398 1289 626 1345 morales,
666 1303 781 1334 conc.
837 1288 1067 1348 Analoga
1105 1286 1432 1334 attributionis
1460 1288 1765 1335 extrinsecae
1790 1303 1894 1334 non
1919 1288 2106 1334 habent

185 1378 336 1409 unum
375 1372 673 1423 conceptum
712 1377 1028 1408 communem
1066 1377 1232 1422 neque
1268 1378 1418 1408 unam
1457 1362 1796 1409 definitionem
1835 1358 1913 1423 (cf.
1941 1363 2105 1419 Frick,

188 1438 421 1498 Ontolog.
461 1453 508 1483 n.
549 1433 645 1498 31).
720 1436 956 1484 Definitio
1006 1436 1224 1483 sanitatis
1271 1454 1314 1483 v.
1354 1452 1398 1498 g.
1451 1437 1608 1483 solum
1656 1436 1748 1483 illis
1796 1437 1943 1484 rebus
1991 1453 2107 1485 con-

184 1513 353 1559 venire
392 1513 566 1569 debet,
615 1527 742 1572 quae
781 1511 1040 1558 sanitatem
1078 1511 1347 1558 formaliter
1384 1511 1598 1569 habent,
1648 1511 1675 1558 i.
1717 1528 1757 1558 e.
1797 1511 2104 1570 animalibus,

184 1603 287 1634 non
335 1602 455 1634 vero
508 1586 804 1633 medicinae.
887 1586 1142 1633 Medicina
1196 1587 1327 1633 enim
1381 1587 1539 1633 solum
1591 1586 1866 1634 extrinsece
1919 1596 1968 1634 et
2017 1602 2107 1649 per

186 1662 528 1709 habitudinem
577 1661 640 1707 ad
689 1662 947 1708 sanitatem
996 1662 1282 1708 animalium
1331 1660 1508 1708 dicitur
1556 1677 1689 1708 sana.
1764 1661 1918 1708 Simili
1954 1662 2106 1709 modo

189 1736 409 1784 definitio
448 1737 735 1783 moralitatis
773 1737 923 1783 debet
960 1738 1118 1783 solum
1155 1736 1247 1783 illis
1285 1737 1430 1783 rebus
1468 1735 1753 1794 convenire,
1797 1752 1925 1798 quae
1961 1752 2107 1784 sensu

192 1811 395 1873 proprio
423 1820 469 1858 et
498 1811 766 1858 formaliter
791 1812 1003 1858 morales
1032 1819 1155 1869 sunt,
1194 1811 1221 1858 i.
1251 1826 1291 1858 e.
1320 1810 1508 1858 actibus
1534 1811 1774 1868 humanis,
1812 1827 1917 1859 non
1942 1821 2106 1859 autem

194 1887 310 1945 illis,
364 1902 491 1947 quae
540 1887 694 1933 solum
734 1902 823 1947 per
860 1886 1139 1947 analogiam
1177 1886 1503 1933 attributionis
1541 1885 1841 1933 extrinsecae
1878 1886 2106 1934 dicuntur

195 1963 419 2020 morales,
459 1971 509 2008 ut
545 1963 680 2022 leges
715 1963 943 2020 morales,
983 1960 1179 2009 obiecta
1216 1962 1435 2019 moralia,
1475 1960 1664 2008 similia.

939 2136 1268 2177 ARTICL'LL‘S
1302 2137 1354 2176 II.

196 2250 288 2295 DE
318 2248 737 2296 INTRINSECO
773 2248 1181 2296 DISCRIMINE
1216 2220 1430 2294 INTER
1461 2247 1711 2295 BONUM
1737 2248 1827 2294 ET
1853 2247 2110 2295 MALUM

993 2330 1302 2377 MORALE.

258 2455 322 2509 (S.
365 2459 520 2504 Thoen„
556 2457 602 2496 C.
637 2465 751 2509 gent.
787 2457 812 2496 l.
849 2468 886 2507 3,
922 2470 957 2495 c.
998 2466 1092 2504 129.
1159 2456 1311 2508 llffeyer‚
1345 2455 1528 2494 Institut.
1562 2454 1637 2493 iur.
1672 2462 1755 2494 nat.
1790 2455 1821 2503 I,
1856 2468 1896 2494 n.
1937 2465 2042 2503 1423

910 2523 1154 2576 Moralphil.
1189 2523 1236 2562 14
1275 2521 1392 2573 139.)

202 2633 302 2685 61.
384 2635 670 2702 Explicata
711 2635 914 2684 ratione
955 2634 1203 2699 generica
1243 2640 1458 2682 actuum
1493 2630 1773 2681 moralium
1809 2630 1913 2680 iam
1953 2646 2110 2695 quae-

199 2719 341 2779 ritur,
386 2735 481 2783 per
521 2718 650 2783 quid
692 2726 841 2766 actus
882 2715 1112 2766 morales
1152 2714 1282 2765 fiant
1322 2723 1376 2764 et
1412 2720 1810 2780 cognoscantur
1837 2728 1954 2761 esse
1981 2711 2111 2762 boni

198 2800 283 2850 vel
339 2800 462 2849 mali
521 2817 614 2849 seu
673 2799 1050 2849 indifferentes,
1147 2797 1223 2848 Ut
1283 2797 1422 2847 viam
1482 2804 1782 2845 sternamus
1842 2793 1910 2843 ad
1969 2793 2108 2843 hanc

201 2882 566 2948 quaestionem
622 2880 937 2931 solvendam
989 2881 1131 2947 prius
1171 2878 1494 2938 videndum,
1549 2895 1676 2927 num
1729 2876 1923 2926 dentur
1960 2882 2110 2926 actus

201 2964 430 3015 morales
481 2973 669 3014 natura
720 2980 815 3013 sua
866 2963 995 3013 boni
1036 2961 1119 3012 vel
1169 2961 1307 3011 mali.
1388 2961 1523 3010 Esse
1565 2959 1849 3009 discrimen
1890 2957 2108 3024 aliquod

201 3049 335 3097 inter
386 3047 624 3096 actiones
673 3045 926 3095 honestas
967 3053 1020 3095 et
1059 3044 1370 3094 inhonestas
1411 3041 1708 3092 communis
1748 3048 1830 3090 est
1870 3040 2109 3090 omnium

201 3129 476 3179 sententia.
558 3128 713 3177 Multi
769 3136 949 3177 autem
1007 3134 1209 3192 negant
1263 3125 1368 3175 hoc
1425 3124 1708 3188 discrimen
1763 3139 1880 3172 esse
1933 3121 2108 3195 intrin-

202 3229 401 3272 secum,
445 3218 498 3261 et
539 3227 824 3260 commune
864 3209 964 3259 hac
1005 3209 1056 3258 in
1097 3226 1151 3258 re
1184 3207 1459 3257 hominum
1488 3205 1740 3281 iudicium
1768 3221 1864 3270 per
1891 3219 2108 3254 causam

202 3293 434 3359 aliquam
474 3292 831 3342 extrinsecam
860 3299 912 3340 et
929 3290 1229 3356 posi'tzzam
1258 3287 1527 3355 explicare
1557 3294 1834 3337 conantur.
1895 3275 2108 3335 Horum

205 3376 448 3426 doctrina
475 3370 852 3449 poszlzvismus
892 3371 1122 3422 7l201al23
1162 3380 1399 3422 vocatur.
