2182 3682
561 177 648 206 Llss.
683 177 710 206 Ι.
757 177 858 207 CAP.
892 177 935 207 V.
986 178 1047 205 DE
1081 178 1449 210 CONTRACTIBUS,
1846 183 1951 235 319

60 312 302 378 dignitati
341 328 600 377 personae
641 312 903 362 humanae
944 313 1302 362 adversentur.
1361 312 1651 379 Operarius
1678 317 1815 365 enim
1846 334 1952 365 non

57 401 233 462 potest
289 393 355 442 de
410 410 467 442 se
522 394 638 459 ipso
695 393 937 459 quolibet
997 394 1162 443 modo
1221 395 1529 460 disponere,
1593 413 1721 461 ergo
1778 415 1952 463 neque

56 477 183 526 hero
221 475 518 525 concedere
545 476 637 536 ius,
680 484 738 525 ut
778 475 1019 541 quolibet
1047 476 1212 525 modo
1242 477 1309 525 de
1336 493 1393 525 se
1422 477 1686 542 disponat.
1743 476 1951 541 Quodsi

55 556 392 608 nihilominus
438 557 596 606 herus
636 557 873 606 eiusdem
914 557 1207 623 indigentia
1248 557 1509 618 abutitur,
1566 567 1622 607 ut
1663 559 1709 607 ei
1749 559 1952 609 illicitas

55 647 359 689 contractus
410 639 754 688 condiciones
805 639 1088 700 obtrudat,
1142 657 1189 688 v.
1234 656 1285 705 g.
1330 639 1510 705 quoad
1554 639 1952 690 diuturnitatem

37 720 262 789 ,laboris
308 720 488 785 quoad
529 721 864 770 securitatem
905 721 1045 770 vitae
1086 729 1204 781 etc,
1249 721 1294 770 ei
1335 721 1573 770 iniuriam
1615 721 1752 772 facit.

136 800 446 863 Quaeritur,
490 811 687 868 quanta
728 803 925 852 debeat
964 820 1079 852 esse
1121 820 1322 852 merces
1361 803 1500 852 iussa
1542 803 1779 869 operarii.
1860 803 1953 853 Ad

51 884 187 934 hanc
210 885 577 949 quaestionem
601 883 869 934 difficilem
899 884 1031 934 haec
1052 884 1298 934 videntur
1326 885 1722 950 respondenda:
1763 899 1802 935 Ι.
1829 884 1953 935 Sine

50 965 332 1016 sufficienti
385 966 587 1015 ratione
639 983 669 1015 a
716 966 1034 1031 quibusdam
1089 967 1335 1016 asseritur
1385 967 1689 1016 mercedem
1730 968 1954 1032 operarii

49 1065 260 1114 semper
300 1048 497 1098 debere
538 1065 653 1097 esse
695 1056 892 1097 certam
922 1047 1151 1114 aliquam
1181 1057 1394 1114 quotam
1436 1048 1562 1098 lucri
1605 1047 1781 1098 totalis
1820 1048 1953 1098 illius

50 1130 276 1194 negotii,
332 1131 383 1179 in
425 1148 531 1196 quo
574 1129 796 1180 laborat.
879 1130 1030 1180 Haec
1071 1131 1291 1181 assertio
1333 1131 1484 1180 unice
1528 1130 1731 1180 fundari
1772 1139 1952 1196 potest

50 1212 300 1278 opinione
329 1221 662 1262 contractum
702 1213 836 1261 inter
876 1212 1063 1261 herum
1092 1222 1144 1262 et
1185 1213 1482 1279 operarium
1512 1213 1808 1262 necessario
1838 1230 1952 1263 esse

49 1302 382 1344 contractum
434 1295 702 1344 societatis
756 1294 841 1358 (cf.
897 1295 1030 1345 infra
1081 1295 1180 1344 sub
1223 1297 1292 1359 c);
1350 1311 1488 1360 quae
1539 1304 1718 1344 tamen
1770 1296 1950 1360 opinio

48 1376 289 1425 sustineri
351 1393 459 1425 non
526 1385 720 1442 potest.
829 1390 874 1426 2.
935 1376 1321 1426 Abstrahendo
1390 1378 1456 1427 ab
1521 1377 1951 1427 extraordinariis

48 1459 453 1508 circumstantiis
493 1476 697 1508 merces
724 1458 917 1508 sallem
947 1476 1053 1508 non
1095 1468 1275 1525 potest
1315 1460 1426 1509 sine
1467 1459 1697 1509 laesione
1726 1460 1951 1509 iustitiae

49 1541 460 1590 commutativae
512 1540 644 1590 infra
695 1558 811 1591 eam
866 1558 1164 1591 mensuram
1220 1542 1573 1603 descendere,
1630 1559 1767 1607 quae
1826 1559 1951 1607 «par

47 1623 113 1672 sit
153 1621 347 1672 alendo
390 1623 595 1689 opifici,
651 1622 786 1688 frugi
826 1624 1045 1689 quidem
1088 1632 1139 1673 et
1191 1624 1329 1673 bene
1371 1634 1610 1673 morato»
1658 1623 1951 1689 (encyclica

55 1703 286 1754 «Rerum
326 1707 664 1769 novarnma).
748 1704 1035 1771 Operarius
1077 1707 1216 1755 enim
1270 1707 1563 1772 generatim
1605 1714 1812 1755 tenetur
1851 1706 1951 1756 sibi

47 1793 253 1836 tantum
304 1786 487 1836 labore
540 1804 876 1853 comparare,
932 1797 1191 1854 quantum
1245 1789 1312 1837 ad
1364 1790 1525 1838 vitam
1578 1788 1802 1837 honeste
1843 1805 1951 1838 sus--

46 1868 359 1918 tentandam
411 1887 546 1935 opus
597 1878 690 1920 est.
785 1868 993 1934 Quodsi
1047 1871 1236 1920 invitus
1293 1888 1390 1936 pro
1448 1871 1649 1920 minore
1701 1871 1949 1920 mercede

46 1949 287 2000 laborare
329 1960 580 2017 cogatur,
636 1952 682 2001 ei
723 1951 780 2001 fit
821 1952 1018 2002 iniuria.
1103 1966 1148 2015 3.
1195 1951 1398 2002 Omnes
1440 1953 1743 2002 concedunt
1791 1970 1950 2018 posse

46 2034 343 2098 operarium
384 2051 480 2099 per
518 2051 575 2083 se
617 2034 922 2084 mercedem
964 2034 1211 2100 legitimis
1252 2036 1440 2085 mediis
1481 2052 1760 2101 quaerere,
1814 2052 1949 2100 quae

44 2113 186 2164 illam
226 2115 462 2165 infimam
503 2133 803 2165 mensuram
848 2133 954 2165 non
995 2116 1166 2166 solum
1210 2118 1465 2172 excedat,
1520 2118 1615 2166 sed
1657 2117 1815 2167 etiam
1856 2134 1951 2183 par

45 2197 111 2246 sit
163 2196 386 2247 alendae
438 2198 539 2247 toti
592 2197 818 2247 familiae
862 2215 1001 2249 suae.
1083 2214 1131 2261 4.
1178 2197 1382 2250 Omnes
1434 2200 1592 2249 etiam
1646 2199 1950 2249 concedunt

43 2294 206 2344 saepe
246 2297 405 2345 posse
434 2296 550 2329 esse
579 2279 814 2330 officium
844 2281 1109 2339 carz'z‘all's‚
1154 2290 1211 2330 ut
1252 2281 1409 2331 herus
1438 2282 1741 2331 mercedem
1778 2280 1950 2331 solvat

43 2361 143 2411 toti
184 2360 410 2411 familiae
451 2363 675 2428 operarii
716 2362 938 2412 alendae
978 2363 1345 2414 sufficientem.
1408 2376 1450 2426 5.
1495 2364 1637 2413 Num
1678 2372 1855 2414 autem
1884 2364 1951 2413 sit

45 2460 112 2492 ex
163 2460 279 2493 sese
335 2443 570 2493 officium
627 2444 867 2494 iustitiae
922 2447 1360 2507 conmmfazime,
1420 2456 1477 2495 ut
1533 2446 1690 2496 herus
1746 2454 1946 2496 tantam

44 2525 349 2575 mercedem
375 2525 562 2588 solvat,
595 2528 1019 2577 controvertitur.
1078 2528 1229 2578 Haec
1258 2529 1414 2578 nobis
1436 2529 1665 2578 dicenda
1686 2529 1945 2578 videntur.

46 2605 349 2673 Operarius,
392 2625 514 2657 cum
555 2607 753 2658 habeat
792 2609 870 2658 ius
911 2608 1216 2659 fundandae
1258 2610 1498 2671 familiae,
1543 2610 1706 2659 debet
1746 2618 1948 2660 tantam

45 2689 349 2739 mercedem
381 2690 655 2755 acquirere
694 2708 869 2756 posse,
913 2690 1102 2741 saltem
1131 2692 1183 2741 in
1211 2693 1486 2742 ordinariis
1528 2693 1945 2752 condicionibus,

45 2778 244 2835 quanta
284 2772 576 2836 requiritur,
621 2780 679 2822 ut
721 2790 842 2822 cum
886 2772 1080 2823 familia
1120 2773 1346 2824 honeste
1386 2775 1562 2824 vivere
1602 2774 1789 2824 valeat.
1853 2773 1945 2823 Ad

43 2849 147 2901 hoc
187 2860 366 2902 autem
408 2870 545 2919 opus
586 2871 692 2904 non
735 2863 841 2915 est,
898 2863 956 2904 ut
1004 2856 1178 2905 statim
1222 2873 1252 2905 a
1292 2857 1462 2922 primo
1506 2857 1590 2906 die
1631 2856 1949 2906 matrimonii

44 2949 247 2983 merces
298 2941 445 2984 tanta
495 2936 589 2996 sit,
643 2944 699 2985 ut
751 2953 872 2986 cum
926 2954 988 2986 ea
1039 2936 1153 2987 sola
1204 2939 1315 2988 sine
1369 2946 1613 3005 respectu
1665 2938 1733 2988 ad
1784 2938 1943 2987 vitam

43 3015 273 3080 priorem
329 3024 382 3065 et
434 3017 785 3082 posteriorem
836 3020 1107 3083 operarius
1148 3028 1316 3069 totam
1360 3020 1610 3070 familiam
1650 3028 1946 3069 sustentare

45 3097 225 3161 possit.
307 3098 418 3147 Iam
471 3099 522 3147 in
571 3098 934 3150 adolescentia
985 3100 1149 3151 habet
1200 3101 1438 3152 officium
1490 3102 1588 3151 sibi
1629 3119 1659 3150 a
1699 3100 1946 3151 mercede

45 3177 221 3244 aliqua
260 3180 559 3245 seponendi
599 3198 696 3246 pro
738 3181 931 3243 futuro,
974 3191 1030 3232 ut
1072 3182 1321 3233 familiam
1363 3183 1501 3234 alere
1541 3184 1724 3249 possit,
1805 3183 1945 3232 Dein

43 3259 94 3308 in
146 3261 482 3311 matrimonio
536 3280 674 3312 uxor
714 3272 766 3312 et
818 3263 1044 3314 infantes
1083 3266 1187 3315 iam
1240 3266 1549 3331 grandiores
1600 3282 1722 3314 eum
1774 3265 1823 3313 in
1865 3282 1944 3315 ac-

46 3341 314 3407 quirendis
364 3342 589 3394 familiae
642 3346 948 3395 necessariis
990 3348 1166 3397 iuvare
1207 3356 1467 3397 tenentur.
1548 3346 1656 3396 Sed
1699 3363 1817 3396 cum
1866 3347 1945 3396 his
