2182 3682
183 179 253 227 40
589 173 702 202 PARS
737 173 766 202 1.
816 171 1135 201 PHILOSOPHIA
1170 169 1374 199 MORALIS
1409 169 1687 199 GENERALIS.

180 320 294 361 tum
349 310 561 360 malum.
642 309 782 359 Nam
834 310 877 358 si
931 309 1032 358 hae
1074 307 1419 358 condiciones
1470 306 1691 367 adsunt,
1746 306 1885 356 actio
1937 307 1990 356 in
2030 324 2088 357 se

179 411 286 442 non
328 399 408 442 est
454 392 735 441 inhonesta
783 399 837 440 et
890 391 1007 440 finis
1062 390 1296 439 intentus
1337 388 1538 449 bonus,
1594 406 1715 439 cum
1755 395 2088 454 supponatur

178 475 430 525 effectum
470 474 670 524 malum
710 490 819 522 non
858 472 1079 533 intendi,
1123 471 1220 521 sed
1249 469 1422 520 solum
1451 471 1711 536 permitti;
1756 488 1878 520 eum
1905 479 2087 521 autem

178 557 521 623 permittendi
585 556 738 605 adest
801 571 961 604 causa
1023 553 1431 620 proportionate
1496 553 1688 618 gravis.
1783 552 2088 618 Requiritur

177 649 387 700 autem,
444 646 503 688 ut
557 638 780 688 effectus
835 637 1009 686 bonus
1064 653 1235 701 aeque
1290 635 1599 684 immediate
1640 652 1710 684 ex
1762 635 1972 685 actione
2011 652 2086 685 se-

177 730 382 787 quatur,
427 721 455 771 i.
500 738 544 771 e.
588 737 696 769 non
736 719 1007 768 mediante
1049 718 1242 768 effectu
1283 716 1441 778 ma10,
1485 734 1638 767 secus
1677 717 1828 768 fieret
1868 716 2085 779 malum,

176 811 233 853 ut
274 804 483 853 eveniat
523 803 742 852 bonum.

253 907 299 957 3.
344 891 568 942 Inferes:
625 889 731 956 Qui
783 890 854 940 rei
895 889 1105 940 illicitae
1148 905 1369 955 operam
1411 889 1517 950 dat,
1562 905 1683 938 reus
1723 895 1805 938 est
1845 888 2084 939 omnium

174 975 450 1036 malorum,
495 991 632 1040 quae
660 973 785 1023 inde
813 981 1164 1023 consecutura
1200 970 1390 1021 saltem
1430 972 1482 1020 in
1525 970 1750 1021 confuso
1791 971 2083 1037 praevidet,

174 1057 378 1107 etiamsi
418 1073 481 1106 ea
519 1057 571 1106 in
611 1073 669 1106 se
709 1073 818 1105 non
859 1055 1116 1105 intendat.
1187 1053 1293 1120 Qui
1334 1062 1515 1103 autem
1557 1071 1694 1119 opus
1736 1052 1936 1103 licitum
1976 1071 2084 1104 sus-

174 1140 327 1206 cipit,
386 1156 506 1189 reus
558 1138 668 1188 fieri
720 1147 900 1204 potest
954 1136 1215 1187 malorum
1257 1136 1573 1196 effectuum,
1626 1136 1669 1185 si
1709 1153 1812 1185 una
1853 1153 1923 1186 ex
1963 1153 2085 1186 con·

175 1222 475 1272 dicionibus
516 1221 802 1288 praedictis
844 1221 996 1270 desit.

919 1399 1246 1438 ARTICL'LLS
1281 1399 1334 1437 II.

665 1516 1590 1565 [fflvOLUNTARK)ELKHTO.

780 1630 844 1683 (S.
886 1633 1028 1671 lem.
1069 1642 1101 1679 1,
1140 1642 1177 1680 2,
1213 1644 1251 1683 q.
1288 1627 1471 1681 8—17.)

174 1761 276 1815 35.
355 1750 640 1817 Explicata
682 1757 869 1799 natura
911 1748 1191 1799 voluntarii
1230 1749 1281 1797 in
1323 1748 1610 1809 communi,
1654 1748 1758 1797 iam
1800 1746 1867 1796 de
1899 1745 2081 1796 volun-

171 1834 303 1884 tario
344 1834 395 1883 in
436 1834 615 1900 specie
656 1833 926 1899 agendum
969 1840 1073 1893 est,
1130 1840 1182 1881 et
1239 1830 1467 1897 primum
1520 1830 1737 1896 quidem
1790 1830 1858 1879 de
1897 1828 2082 1879 volun-

170 1917 302 1966 tario
344 1916 538 1979 elicito,
581 1916 702 1965 dein
746 1916 813 1965 de
853 1914 1155 1964 voluntario
1198 1914 1484 1979 imperato.

243 2005 420 2055 Actus
475 2022 506 2056 a
560 2005 834 2056 voluntate
891 2003 1049 2054 eliciti
1100 2003 1185 2053 vel
1242 2012 1519 2053 versantur
1574 2001 1885 2068 appetendo
1942 2002 2082 2052 circa

152 2088 324 2156 finem
383 2088 606 2152 (bonum
663 2096 884 2154 propter
942 2104 998 2136 se
1040 2086 1370 2152 appetitum)
1426 2084 1509 2134 vel
1551 2084 1900 2150 exsequendo
1943 2083 2081 2134 circa

169 2171 349 2221 media
408 2171 633 2234 (bonum
690 2170 850 2233 utile).
933 2169 1138 2218 Priores
1192 2177 1344 2218 sunt:
1404 2184 1581 2228 amor,
1639 2167 1897 2228 intentiO,
1956 2182 2081 2232 gau-

170 2253 317 2302 dium
385 2252 629 2317 (fruitio);
701 2252 1050 2318 posteriores:
1122 2267 1439 2311 consensus,
1510 2248 1729 2310 electio,
1798 2249 2079 2315 imperium

169 2343 222 2385 et
261 2352 398 2385 usus.

251 2448 292 2482 Ι.
347 2433 524 2483 Amor
583 2442 662 2482 est
721 2433 922 2499 primus
982 2439 1133 2481 actus
1191 2429 1480 2480 voluntatis
1539 2430 1678 2479 circa
1736 2427 1898 2478 finem
1957 2445 2078 2478 con-

166 2516 408 2582 sistitque
448 2516 500 2565 in
542 2516 775 2582 quadam
817 2513 1041 2580 simplici
1082 2512 1473 2578 complacentia
1511 2510 1798 2561 voluntatis
1838 2511 1891 2560 in
1930 2511 2134 2561 bonoo-

170 2599 450 2664 proposito
493 2607 712 2664 propter
752 2614 809 2646 se
849 2596 1090 2658 amabili3
1136 2612 1205 2644 ex
1245 2611 1427 2644 amore
1469 2593 1632 2643 oritur

243 2709 289 2744 2.
333 2694 581 2754 Intentio,
623 2711 760 2761 quae
802 2702 882 2743 est
923 2693 1090 2742 libera
1129 2691 1420 2741 voluntatis
1461 2689 1737 2739 tendentia
1776 2690 1828 2739 in
1870 2688 2075 2739 bonum

168 2785 387 2843 propter
427 2794 482 2826 se
523 2775 784 2836 amabile,
841 2783 899 2825 ut
947 2774 1093 2824 illud
1129 2783 1236 2839 per
1276 2773 1456 2822 media
1512 2780 1846 2838 assequatur.
1929 2770 2077 2820 Desi-

168 2858 371 2908 derium
413 2859 568 2908 latius
609 2867 758 2925 patet
801 2874 963 2924 quam
1002 2857 1241 2906 intentio,
1324 2855 1661 2904 Desiderium
1714 2854 1856 2904 enim
1896 2859 2079 2920 potest

168 2958 283 2991 esse
321 2941 406 2991 vel
448 2941 641 2991 efficax
679 2940 764 2990 vel
804 2939 1070 2990 inefficax.
1138 2937 1478 2988 Desiderium
1505 2936 1754 2986 inefficax
1781 2944 1862 2986 est
1901 2935 2077 2986 solum

169 3023 433 3088 quaedam
500 3023 752 3073 velleitas.
847 3022 1077 3072 Intentio
1136 3037 1264 3070 vero
1330 3027 1411 3069 est
1476 3018 1799 3068 desiderium
1863 3017 2073 3068 efficax.

167 3105 446 3155 Praeterea
497 3105 818 3154 desiderium
878 3112 1060 3170 potest
1116 3102 1311 3152 versari
1366 3101 1673 3150 immediate
1725 3109 1778 3150 et
1829 3098 2075 3150 absolute

170 3187 307 3237 circa
346 3187 534 3247 finem3
577 3187 800 3236 intentio
840 3203 967 3235 vero
1016 3185 1209 3234 «fertur
1247 3185 1300 3233 in
1347 3182 1507 3232 finem
1535 3182 1804 3231 mediante
1832 3199 1897 3232 eo
1927 3181 2075 3247 quod

169 3277 249 3318 est
289 3269 357 3318 ad
398 3269 589 3318 finem»
639 3267 713 3332 (S.
754 3267 959 3328 Tlmm„
1002 3267 1062 3316 In
1105 3280 1152 3326 2,
1196 3266 1314 3315 dist.
1363 3266 1447 3328 38,
1491 3281 1540 3329 q.
1593 3278 1633 3324 Ι,
1678 3280 1722 3313 a.
1771 3263 1836 3327 5).
1915 3263 2075 3313 Unde

177 3350 428 3399 «intentio
468 3350 519 3398 in
562 3349 764 3398 ratione
803 3365 900 3397 sua
939 3348 1182 3397 ordinem
1237 3346 1509 3413 quendam
1549 3346 1701 3395 unius
1739 3345 1810 3395 ad
1850 3344 2074 3394 alterum
