2182 3682
241 153 349 214 416
639 164 753 193 PARS
787 165 834 196 11.
884 166 1203 195 PHILOSOPHIA
1237 167 1440 197 MORALIS
1476 168 1726 199 SPECIALIS.

235 297 350 348 Nisi
391 298 526 349 forte
567 301 820 366 potestati
860 302 1116 368 spirituali
1157 304 1317 353 etiam
1345 304 1627 356 saecularis
1654 313 1895 372 potestas
1935 308 2148 358 coniun-

233 390 405 447 gatur,
448 382 584 433 sicut
622 383 673 433 in
715 384 885 450 Papa,
930 385 1021 451 qui
1061 386 1335 453 utriusque
1375 389 1658 454 potestatis
1697 389 1903 455 apicem
1945 398 2139 440 tenet.»

234 512 380 578 560.
462 525 629 565 PARS
660 527 715 565 II.
778 527 832 564 In
865 527 1014 566 rebus
1048 528 1408 578 spiritualibus,
1454 530 1482 568 i.
1519 542 1558 569 e.
1595 531 1658 568 ad
1696 532 1905 570 salutem
1951 531 2145 571 animae

225 592 598 641 pertinentibus,
633 594 865 632 Ecclesia
902 597 983 633 est
1013 595 1358 645 independens
1393 609 1420 635 a
1456 598 1664 637 civitate.

305 687 469 735 Prob.
511 702 552 735 1.
621 687 859 739 Christus
901 697 1045 740 certe
1085 692 1262 757 potuit
1290 690 1586 741 Ecclesiam
1629 710 1659 742 a
1700 692 1834 743 civili
1874 700 2142 760 potestate

225 768 680 835 independentem
724 772 973 834 reddere,
1017 774 1059 823 si
1102 773 1280 823 voluit.
1362 774 1533 839 Alqm'
1571 774 1753 825 voluit.
1828 775 1983 841 Ergo
2019 818 2026 825 .
2072 818 2080 826 .
2128 819 2135 826 .

299 865 456 917 Proh.
503 868 627 918 min.
692 868 752 919 Id
796 871 1141 935 cognoscitur
1182 871 1232 934 a)
1273 889 1341 920 ex
1381 871 1565 931 modo,
1609 889 1716 938 quo
1758 872 1872 938 ipse
1901 871 2140 923 Christus

224 957 276 998 et
335 958 460 1015 post
518 968 638 1000 eum
699 952 929 1018 apostoli
998 970 1289 1020 eorumque
1349 971 1685 1004 successores
1744 972 1801 1005 se
1860 955 2136 1021 gerebant.

224 1030 422 1081 Contra
474 1032 621 1098 leges
674 1042 1005 1100 potestatum
1063 1036 1291 1086 civilium
1345 1036 1681 1101 evangelium
1737 1037 2134 1104 praedicabant,

219 1124 552 1166 sacramenta
590 1117 1033 1168 administrabant
1074 1128 1174 1169 etc.
1230 1119 1404 1184 qum'
1436 1120 1508 1169 ita
1548 1136 1708 1185 agere
1747 1137 1855 1169 non
1889 1119 2134 1180 licuisset,

217 1196 259 1246 si
312 1197 553 1248 Ecclesia
605 1200 656 1248 in
707 1201 1068 1266 spiritualibus
1123 1218 1152 1250 a
1204 1210 1476 1267 potestate
1529 1202 1663 1252 civili
1716 1219 1823 1252 non
1875 1212 2015 1252 esset
2065 1197 2165 1252 in-‘

219 1279 548 1346 dependens

291 1370 346 1434 b)
387 1369 660 1421 Ecclesiae
701 1372 751 1421 in
782 1372 966 1422 ordine
995 1373 1061 1422 ad
1092 1374 1486 1423 assecutionem
1528 1373 1645 1423 finis
1673 1391 1780 1423 non
1809 1373 2134 1424 sufficienter

215 1452 487 1518 provisum
528 1463 683 1515 esset,
726 1455 767 1504 si
808 1455 859 1503 in
893 1455 1255 1520 spiritualibus
1297 1455 1433 1506 foret
1474 1474 1504 1505 a
1546 1457 1757 1506 civitate
1799 1455 2128 1522 dependens.

216 1534 356 1584 Nam
413 1545 596 1601 posset
650 1545 892 1602 potestas
945 1538 1107 1587 civilis
1160 1539 1604 1604 gubernationem
1661 1538 1927 1600 fidelium,
1987 1556 2133 1604 prae-

217 1617 539 1667 dicationem
580 1618 866 1685 evangelii,
918 1621 1075 1669 etiam
1120 1621 1632 1671 administrationem
1674 1629 2131 1671 sacramentorum

214 1701 368 1750 variis
420 1702 595 1751 modis
647 1702 933 1768 prohibere
985 1703 1066 1753 vel
1118 1705 1276 1753 etiam
1330 1711 1537 1754 mutare
1589 1713 1642 1754 et
1682 1705 1754 1753 ita
1803 1703 2131 1770 spiritualem

213 1783 441 1833 salutem
482 1784 756 1850 impedire.
842 1785 964 1836 Hoc
1008 1787 1317 1852 praesertim
1359 1795 1532 1852 patet,
1585 1788 1628 1836 si
1671 1787 1787 1852 quis
1828 1786 2130 1836 considerat

213 1865 510 1916 Ecclesiam
564 1884 679 1917 esse
734 1885 956 1933 regnum
1012 1868 1332 1929 universale,
1388 1886 1486 1935 pro
1536 1869 1784 1918 omnibus
1824 1868 2128 1918 hominibus

213 1949 449 1998 omnium
493 1958 796 2015 temporum
840 1951 1153 2012 institutum,
1198 1951 1428 2016 ideoque
1458 1969 1563 2001 non
1593 1968 1753 2017 posse
1787 1968 1903 2000 esse
1932 1950 2126 2016 depen-

213 2031 431 2081 dentem
459 2048 489 2082 a
517 2039 599 2082 tot
628 2032 846 2082 diversis
888 2042 945 2083 et·
973 2041 1235 2099 perpetuo
1265 2034 1363 2083 sibi
1404 2034 1818 2084 succedentibus
1859 2033 2128 2099 guberniis

211 2114 324 2162 sine
364 2131 577 2164 summo
621 2115 942 2165 detrimento
985 2117 1296 2166 animarum.

285 2203 334 2268 c)
376 2201 640 2265 Christus,
685 2205 787 2254 Dei
828 2205 1110 2271 sapientia,
1155 2223 1262 2254 non
1306 2206 1478 2272 potuit
1520 2214 1844 2272 potestatem
1885 2204 2126 2255 altiorem

210 2294 263 2335 et
303 2285 619 2336 nobiliorem
662 2287 889 2337 inferiori
933 2288 1190 2338 subicere.
1274 2288 1446 2354 Atqui
1481 2288 1534 2338 id
1578 2287 1814 2349 fecisset,
1863 2288 1906 2338 si
1947 2287 2127 2338 Eccle-

209 2369 341 2418 siam
384 2369 581 2419 civitati
621 2370 1044 2421 subordinasset.

285 2465 443 2516 Prob.
488 2467 615 2516 7722'72.
658 2466 794 2516 subs.
877 2467 1017 2517 Nam
1071 2468 1300 2533 dignitas
1354 2468 1635 2534 potestatis
1683 2467 2008 2517 dimetienda
2048 2475 2128 2516 est

212 2566 280 2598 ex
322 2547 451 2609 fine,
504 2549 572 2598 ad
614 2567 777 2615 quem
831 2550 1130 2611 ordinatur,
1187 2557 1240 2600 et
1281 2568 1375 2616 per
1418 2567 1753 2616 consequens
1805 2567 1875 2599 ex
1921 2549 2124 2610 mediis,

212 2647 352 2696 quae
393 2631 438 2680 ei
480 2631 547 2680 ad
596 2631 736 2681 hunc
778 2632 939 2686 finem
992 2641 1207 2698 praesto
1249 2642 1383 2682 sunt.
1466 2632 1637 2698 Atqui
1683 2631 1923 2682 Ecclesia
1962 2631 2128 2681 habet

212 2712 374 2762 finem
413 2713 741 2779 spiritualem
782 2715 1268 2780 supernaturalem,
1323 2715 1504 2780 gratiis
1545 2713 2032 2781 supernaturalibus
2073 2721 2126 2762 et
2181 2747 2182 2756 i

213 2795 456 2845 doctrina
484 2795 716 2845 revelata
745 2797 1127 2859 obtinendum;
1173 2798 1356 2847 civitas
1396 2815 1522 2847 vero
1552 2797 1713 2847 finem
1751 2794 2121 2862 temporalem,

213 2878 544 2928 naturalibus
585 2879 773 2928 mediis
816 2880 1272 2946 consequendum.

216 3014 361 3080 561.
445 3019 610 3066 Prob.
650 3033 692 3066 2.
767 3019 854 3067 EX
895 3018 1139 3067 doctrina
1180 3017 1466 3068 Ecclesiae.
1530 3016 1662 3066 Pius
1689 3017 1785 3066 IX
1817 3018 1870 3067 in
1898 3015 2121 3082 Syllabo

214 3099 486 3149 damnavit
537 3100 671 3150 thes.
724 3115 814 3165 19:
878 3100 1148 3150 «Ecclesia
1202 3118 1308 3149 non
1359 3109 1438 3149 est
1478 3115 1602 3149 vera
1654 3098 1996 3165 perfectaque
2041 3115 2122 3147 so-

216 3181 378 3230 cietas
430 3182 587 3247 plane
639 3183 830 3243 libera,
886 3200 984 3232 nec
1027 3182 1195 3247 pollet
1234 3183 1338 3232 suis
1391 3182 1616 3247 propriis
1659 3190 1712 3230 et
1753 3180 2123 3231 constantibus

215 3263 412 3313 iuribus
452 3264 550 3313 sibi
592 3281 620 3314 a
663 3265 841 3314 divino
881 3282 977 3314 suo
1020 3264 1302 3314 fundatore
1344 3263 1576 3325 collatiS,
1629 3265 1726 3313 sed
1767 3262 1932 3313 civilis
1974 3270 2122 3329 pote·

216 3346 364 3395 statis
405 3355 485 3396 est
526 3346 770 3398 definire.
826 3364 963 3413 quae
1003 3347 1107 3397 sint
1147 3346 1421 3396 Ecclesiae
1460 3347 1568 3396 iura
1609 3362 1672 3395 ac
1711 3345 1929 3406 limites,
1985 3344 2119 3393 intra
