2182 3682
511 171 598 199 LIB.
633 169 680 198 11.
727 169 826 198 CAP.
860 168 928 197 111.
974 168 1037 196 DE
1071 167 1323 196 SOCIETATE
1358 167 1513 196 CIVILI.
1843 164 1945 219 435

134 307 269 358 Cum
311 306 566 356 machinis
606 305 787 354 intime
828 303 1116 354 cohaerent
1162 303 1350 352 «crises
1379 301 1788 351 oeconomicae»
1824 318 1955 367 quas

58 397 264 440 vocant.
346 388 627 438 Machinae
678 396 803 436 tunc
854 384 1028 435 solum
1081 383 1274 433 utiliter
1324 383 1564 432 adhiberi
1605 391 1855 448 possunt,
1909 383 1952 432 si

59 473 202 522 bona
240 471 292 520 in
332 487 527 536 magna
556 469 852 535 quantitate
879 475 1238 534 procreantur.
1306 464 1581 515 Postulant
1609 466 1767 530 igitur
1794 466 1954 514 maxi-

60 570 204 603 mum
255 569 536 602 numerum
587 559 890 617 emptorum
939 566 1031 598 seu
1072 549 1392 597 vastissimas
1434 547 1678 611 regiones
1719 547 1786 595 ad
1828 564 1955 595 mer-

61 643 254 685 catum.
322 634 453 683 Inde
494 634 657 682 oritur
697 631 980 681 difficultas
1015 630 1356 690 diiudicandi,
1401 645 1665 694 quaenam
1694 629 1958 693 quantitas

61 708 326 767 bonorum
374 716 534 765 vendi
585 715 779 781 possit,
839 722 891 763 et
940 729 1200 779 persaepe
1251 712 1410 761 nimia
1462 711 1626 759 oritur
1677 710 1957 776 productio

63 798 562 864 (superproductio),
605 797 634 847 i.
667 814 709 846 e.
749 812 952 845 merces
991 796 1043 844 in
1070 802 1219 844 tanta
1254 794 1546 859 quantitate
1575 793 1956 858 producuntur,

61 888 120 930 ut
168 880 329 930 vendi
380 897 488 929 non
529 879 760 945 possint,
822 879 1024 927 ruinam
1064 876 1346 926 multarum
1389 875 1703 925 fabricarum
1746 883 1798 923 et
1839 891 1961 939 neg-

63 963 293 1012 otiorum
353 970 569 1011 causent
625 970 677 1010 et
731 978 826 1026 per
881 976 1216 1025 consequens
1268 958 1424 1007 etiam
1467 957 1737 1023 operarios
1778 956 1961 1005 labore

61 1045 268 1110 privent
308 1061 508 1110 eosque
549 1060 657 1093 non
697 1059 814 1092 raro
855 1043 922 1092 ad
965 1058 1215 1107 magnam
1256 1042 1489 1106 inopiam
1531 1040 1788 1104 redigant.

136 1126 370 1176 Accedit
426 1125 572 1191 quod
629 1126 762 1174 inter
818 1125 1066 1174 dominos
1122 1123 1436 1172 fabricarum
1494 1123 1638 1187 ipsos
1695 1129 1963 1171 certamen

63 1209 250 1268 oritur,
305 1209 356 1257 in
409 1225 517 1273 quo
570 1206 641 1256 illi
684 1206 916 1272 reliquos
956 1207 1199 1264 vincunt,
1255 1206 1345 1270 qui
1385 1204 1675 1253 minoribus
1717 1204 1965 1269 expensis

63 1307 145 1339 res
196 1290 513 1355 producunt.
596 1289 736 1338 Hinc
783 1306 969 1338 eorum
1010 1288 1246 1337 studium
1288 1287 1621 1352 deprimendi
1663 1287 1965 1335 mercedem

64 1372 441 1437 operariorum,
482 1371 828 1437 protrahendi
858 1380 1067 1436 tempus
1096 1369 1291 1420 laboris
1318 1369 1400 1418 vel
1429 1368 1720 1418 adhibendi
1749 1385 1967 1434 operam

65 1454 376 1503 feminarum
418 1462 470 1502 et
509 1453 786 1502 infantium
828 1454 1030 1502 minore
1071 1453 1241 1518 pretio
1283 1451 1601 1517 parabilem,
1646 1450 1969 1516 neglegendi

65 1536 336 1586 cautiones
376 1536 444 1585 ad
485 1536 739 1585 tuendam
766 1536 930 1585 vitam
971 1544 1023 1584 et
1063 1535 1345 1584 sanitatem
1387 1534 1751 1600 operariorum
1791 1550 1967 1583 neces-

64 1618 238 1679 sarias,
268 1625 327 1667 ut
347 1618 451 1667 hoc
475 1619 639 1668 modo
668 1619 971 1668 minuantur
999 1633 1270 1683 expensae
1299 1617 1665 1682 productionis
1692 1624 1744 1665 et
1766 1633 1970 1665 merces

67 1699 219 1749 vilius
257 1700 418 1749 vendi
458 1701 678 1766 possint.

140 1781 195 1845 b)
237 1781 426 1831 Altera
478 1799 638 1832 causa
690 1782 1015 1848 quaestionis
1066 1782 1276 1832 socialis
1327 1790 1448 1831 sunt
1499 1781 1651 1830 ideae
1704 1780 1972 1830 libertatis

69 1871 120 1913 et
156 1863 506 1929 aequalitatis
546 1865 797 1925 omnium,
841 1882 972 1930 quas
1012 1864 1380 1914 naturalismus
1415 1864 1676 1913 recentior
1702 1864 1892 1929 sparsit
1921 1873 1973 1912 et

69 1944 212 1995 fovit.
293 1945 364 1995 Vi
416 1946 602 1995 harum
653 1947 889 1996 idearum
941 1946 1167 2011 collegia
1208 1946 1463 2012 opificum
1504 1955 1556 1995 et
1596 1946 1974 1995 associationes

70 2028 435 2094 operariorum
485 2027 718 2078 abolitae
772 2037 825 2078 et
880 2029 1175 2094 generatim
1228 2045 1414 2077 omnes
1472 2028 1663 2077 limites
1718 2028 1974 2077 libertatis

70 2109 432 2171 individualis,
487 2111 795 2176 praesertim
847 2111 898 2160 in
951 2129 1004 2160 re
1053 2111 1429 2171 oeconomica,
1481 2109 1734 2176 paulatim
1787 2111 1975 2159 remoti

70 2200 218 2252 sunt,
275 2191 346 2241 ita
386 2202 443 2241 ut
492 2192 708 2242 cuilibet
749 2192 929 2243 liceret
968 2193 1208 2242 habitare
1249 2193 1573 2258 ubicumque
1614 2192 1796 2254 vellet,
1851 2209 1975 2258 neg-

71 2274 237 2323 otium
264 2273 346 2323 vel
376 2273 660 2340 opificium,
698 2276 1084 2341 quodcumque
1113 2285 1165 2325 et
1194 2275 1709 2341 quomodocumque
1739 2284 1973 2341 cuperet,

71 2373 335 2406 exercere.
434 2356 753 2422 Principium
809 2359 949 2407 enim
1006 2357 1403 2408 fundamentale
1459 2357 1781 2407 naturalismi
1837 2367 1973 2407 erat:

73 2436 238 2488 Sinite
291 2455 560 2505 quemque
612 2439 784 2489 facere
840 2441 987 2506 quod
1029 2440 1167 2501 vult,
1223 2449 1276 2489 et
1317 2440 1470 2489 unice
1510 2457 1663 2489 suum
1704 2441 1978 2506 proprium

76 2521 426 2570 commodum
479 2539 760 2588 quaerere,
816 2530 868 2572 et
910 2522 1047 2572 ultro
1090 2523 1286 2572 orietur
1326 2523 1562 2588 optimus
1603 2523 1785 2571 mundi
1826 2522 1975 2573 ordo.

77 2601 218 2651 Hinc
258 2619 328 2651 ex
365 2612 543 2653 mente
582 2603 909 2654 naturalismi
946 2622 1038 2655 seu
1068 2604 1372 2655 liberalismi
1401 2604 1577 2653 omnia
1605 2605 1980 2670 permittuntur

75 2682 271 2733 liberae
311 2685 677 2750 competitioni
717 2703 811 2736 seu
858 2688 1352 2748 «concurrentiae»,
1409 2695 1460 2736 et
1501 2687 1741 2752 exsurgit
1780 2687 1979 2735 univer-

75 2764 184 2814 sale
234 2766 368 2815 inter
418 2785 604 2817 omnes
646 2768 713 2817 de
754 2769 1061 2819 exsistentia
1103 2779 1398 2830 certamen,
1455 2770 1506 2818 in
1548 2786 1655 2834 quo
1698 2768 1980 2818 debiliores

79 2845 331 2913 paulatim
383 2850 766 2911 succumbunt,
826 2860 878 2900 et
933 2852 1228 2917 periculum
1283 2860 1388 2912 est,
1443 2868 1509 2900 ne
1559 2851 1770 2900 divitiae
1811 2851 1981 2916 magis

79 2930 355 2996 magisque
394 2931 446 2980 in
488 2932 731 2982 manibus
771 2950 1065 2998 paucorum
1107 2942 1517 3000 congregentur.

153 3012 203 3075 c)
244 3012 424 3062 Tertia
477 3030 661 3075 causa,
717 3032 837 3065 cum
889 3016 1244 3081 praecedente
1296 3016 1478 3065 intime
1530 3014 1846 3076 cohaerens,
1902 3024 1983 3065 est

80 3093 292 3143 animus
319 3112 353 3143 a
381 3095 500 3145 Deo
539 3104 588 3145 et
619 3096 884 3162 religione
912 3115 1154 3160 aversus,
1198 3116 1359 3164 quern
1400 3096 1770 3147 naturalismus
1798 3098 1982 3162 genuit

82 3183 136 3224 et
175 3174 319 3238 fovit,
363 3186 416 3226 et
456 3195 526 3227 ex
566 3195 674 3244 quo
716 3179 795 3240 fit,
841 3188 898 3230 ut
938 3180 1180 3230 homines
1224 3180 1330 3230 fere
1371 3179 1525 3229 unice
1568 3179 1725 3228 rebus
1764 3180 1983 3229 terrenis

81 3257 265 3307 intenti
304 3259 463 3308 nimia
502 3261 752 3311 aviditate
794 3262 984 3312 divitiis
1025 3272 1077 3313 et
1116 3262 1480 3329 voluptatibus
1520 3260 1742 3322 inhient,
1786 3262 1837 3310 in
1876 3262 1984 3311 suis

82 3340 380 3391 actionibus
430 3342 547 3392 solo
600 3344 842 3408 egoismo
884 3345 1091 3410 privato
1133 3346 1421 3405 ducantur,
1477 3341 1624 3408 leges
1663 3343 1890 3393 iustitiae
1931 3352 1984 3393 et

1630 3431 1725 3470 28*
