2182 3682
257 199 344 229 LIB.
379 199 407 229 Ι.
454 199 553 229 CAP.
588 199 654 229 111.
701 199 763 227 DE
798 199 998 228 OFFICIIS
1034 199 1265 228 HOMINUM
1299 200 1474 230 MUTUIS
1510 202 1652 230 INTER
1687 203 1750 231 SE.
1835 205 1937 256 243

54 333 105 399 (l.
148 334 231 398 c.).
311 333 600 384 Affirmant
639 334 798 385 Dom.
844 333 988 395 Solo,
1029 335 1094 384 de
1132 334 1304 400 Lago,
1356 335 1452 385 alii.
1533 337 1835 387 Dicendum
1877 339 1944 387 vi-

53 417 206 466 detur
256 423 505 479 mortem„
533 433 822 482 numquam
874 417 1223 466 necessariam
1275 433 1390 466 esse
1438 418 1506 466 ad
1547 419 1815 484 propriam
1857 420 1942 470 de-

52 497 345 548 fensionem
398 497 631 564 ideoque
682 515 856 564 neque
909 497 1048 548 licite
1099 499 1151 547 in
1190 515 1248 547 se
1289 498 1486 548 directe
1526 500 1728 549 intendi
1768 518 1941 566 posse.

52 578 258 630 Sufficit
296 568 440 628 enimv
475 579 542 628 ad
585 579 947 630 defensionem
991 579 1270 640 actualem,
1314 588 1370 629 ut
1409 597 1693 646 aggressor
1730 583 1945 633 vulnere

52 660 249 711 inflicto
278 660 346 709 ad
375 661 677 711 nocendum
706 662 973 727 impotens
1002 662 1207 712 evadat.
1266 662 1489 711 Possum
1513 679 1642 728 ergo
1665 663 1942 725 interdum,

51 743 94 792 si
133 759 269 808 opus
308 750 389 792 est
428 743 496 792 ad
536 760 711 792 meam
739 743 1119 805 defensionem,
1163 732 1437 793 intendere
1464 743 1767 807 laesionem,
1812 764 1946 811 qnae

53 832 132 891 est
182 824 476 885 mortifera,
531 825 626 874 sed
679 842 787 875 non
827 833 1084 890 quatenus
1126 834 1205 875 est
1257 825 1538 876 mortifera.
1620 826 1706 897 Ex
1757 828 1944 878 eadem

52 905 284 971 laesione
342 907 580 972 sequitur
638 923 810 973 aeque
868 907 1174 957 immediate
1235 907 1437 973 duplex
1496 908 1742 959 effectus:
1805 927 1948 960 mors

52 988 379 1054 aggressoris
431 995 484 1038 et
536 989 868 1056 conservatio
922 990 1161 1055 propria3
1219 1007 1352 1038 unus
1404 999 1484 1039 est
1535 991 1586 1040 in
1638 991 1944 1053 intentione,

52 1058 183 1120 alter
232 1078 440 1136 praeter
489 1070 852 1121 intentionem.
935 1070 1032 1135 (Cf.
1078 1071 1297 1121 Lessizts
1336 1071 1366 1121 l.
1419 1089 1461 1122 c.
1517 1090 1564 1122 n.
1626 1075 1730 1137 53.)
1809 1074 1950 1123 Inter

52 1140 257 1202 ueteres
315 1151 490 1218 plures
550 1152 672 1202 ideo
730 1154 1109 1203 existimabant
1164 1153 1319 1203 licere
1375 1163 1602 1204 mortem
1657 1156 1946 1217 intendere,

53 1234 177 1299 quia
225 1235 487 1300 putabant
540 1233 696 1285 licere
747 1234 1007 1285 actualem
1061 1237 1462 1301 aggressionem
1500 1238 1861 1301 praevenire,
1909 1239 1951 1287 si

53 1316 208 1366 nobis
249 1325 394 1366 certo
437 1325 646 1367 constet
687 1317 845 1367 alium
897 1318 1000 1367 iam
1052 1318 1352 1368 decrevisse
1401 1320 1801 1384 aggressionem
1854 1337 1950 1370 nec

54 1398 209 1447 aliam
248 1398 389 1448 viam
441 1407 729 1465 suppetere
781 1400 1058 1450 evadendi.
1140 1399 1293 1466 Quae
1334 1409 1512 1450 tamen
1554 1401 1820 1463 doctrina,
1878 1411 1951 1452 ut-

53 1488 182 1546 pote
222 1481 466 1530 maximis
505 1481 758 1531 abusibus
800 1483 1036 1532 obnoxia
1076 1490 1129 1532 et
1167 1484 1407 1533 societati
1438 1483 1748 1549 periculosa,
1792 1485 1952 1535 hodie

53 1563 296 1612 sustineri
350 1564 450 1613 iam
509 1581 616 1614 non
672 1572 866 1630 potest.
955 1564 1053 1629 (Cf.
1113 1566 1273 1615 etiam
1329 1566 1461 1616 thes.
1530 1569 1589 1617 18
1648 1567 1823 1618 damn.
1884 1568 1950 1617 ab

55 1644 370 1695 Alexandro
411 1645 552 1711 VH.)

60 1811 184 1864 307
194 1839 205 1851 ·
281 1817 382 1858 Obi.
452 1809 501 1856 Si
538 1810 717 1858 occido
755 1810 984 1858 iniustum
1022 1826 1387 1872 aggoessorem,
1429 1827 1533 1859 sum
1572 1828 1717 1859 causa
1754 1813 1954 1859 damna-

56 1884 201 1931 tionis
249 1885 468 1932 eiusdem
520 1886 735 1946 ideoque
782 1894 987 1947 propter
1022 1887 1208 1933 bonum
1244 1887 1444 1933 inferius
1493 1887 1632 1948 privo
1677 1888 1952 1949 proximum

57 1959 191 2006 bono
229 1960 414 2007 altiore.
460 1960 641 2021 Ἀίῳιέ
672 1961 768 2008 hoc
805 1971 1048 2022 repugnat
1084 1961 1290 2009 caritati.
1363 1963 1501 2022 Ergo
1530 2002 1537 2009 .
1569 2002 1576 2009 .
1609 2001 1616 2009 .

133 2077 284 2126 Resp.
355 2070 486 2116 Dist.
525 2073 668 2118 mall:
718 2072 834 2118 Sum
887 2088 1034 2119 causa
1071 2071 1402 2119 damnationis
1439 2087 1528 2134 per
1565 2088 1646 2132 se,
1685 2089 1825 2133 negt),
1866 2090 1954 2136 per

57 2143 288 2190 accidens
325 2159 410 2191 seu
447 2146 796 2205 occasionalis,
836 2162 951 2193 conc.
1015 2148 1146 2195 Dz'st.
1185 2148 1327 2193 min:
1362 2148 1628 2208 Repugnat
1665 2149 1866 2206 caritati,
1905 2157 1956 2195 ut

57 2217 147 2265 sim
173 2218 398 2279 proximo
427 2236 573 2267 causa
598 2220 929 2269 damnationis
955 2238 1044 2283 per
1070 2238 1136 2281 se,
1164 2238 1298 2278 conc„
1338 2238 1426 2284 per
1451 2223 1699 2280 accidens,
1737 2224 1922 2269 subdisl.
1944 2241 1957 2268 .-

56 2292 96 2340 si
131 2292 235 2340 sine
272 2310 456 2355 magno
492 2295 816 2343 incommodo
854 2298 916 2343 ab
955 2298 1150 2345 actione
1190 2297 1437 2345 abstinere
1476 2313 1675 2358 possum
1713 2308 1761 2345 et
1797 2299 1955 2359 proxi-

57 2382 163 2414 mus
208 2367 260 2414 in
308 2377 526 2417 extrema
576 2370 869 2418 necessitate
906 2380 1147 2431 versatur,
1202 2388 1345 2430 conc„
1386 2388 1546 2430 secus,
1585 2388 1711 2432 nego.
1750 2399 1815 2404 —
1858 2374 1955 2421 Ob-

57 2441 225 2503 ligatio
263 2443 475 2491 caritatis
513 2445 575 2492 ad
613 2446 885 2493 curandam
922 2447 1125 2494 salutem
1174 2447 1387 2509 proximi
1423 2463 1525 2494 non
1564 2456 1634 2495 est
1671 2448 1955 2495 universalis

57 2516 150 2564 nisi
185 2517 235 2563 in
272 2534 388 2565 casu
424 2528 673 2568 extremae
710 2521 1028 2568 necessitatis.
1102 2522 1200 2569 Sed
1237 2538 1497 2583 aggressor
1540 2538 1642 2569 non
1679 2532 1751 2570 est
1787 2523 1836 2568 in
1873 2524 1956 2569 tali

58 2591 361 2640 necessitate.
434 2595 599 2642 Potest
649 2594 780 2642 enim
818 2595 909 2643 sibi
945 2598 1203 2643 consulere
1241 2598 1483 2644 cessando
1521 2598 1583 2644 ab
1621 2599 1953 2659 aggressione.

58 2667 318 2714 Praeterea
353 2678 604 2730 respectus
642 2670 705 2716 ad
741 2671 927 2717 bonum
956 2687 1220 2718 commune
1247 2688 1350 2719 non
1377 2680 1448 2719 est
1475 2673 1952 2733 praetermittendus.

59 2741 260 2788 Pessimi
297 2743 480 2804 quique
516 2743 665 2792 iustos
701 2745 992 2793 invaderent
1018 2746 1080 2792 ad
1107 2762 1192 2793 eos
1218 2747 1505 2808 spoliandos
1531 2749 1607 2794 vel
1634 2747 1952 2805 occidendos,

59 2814 99 2861 si
133 2815 314 2863 scirent
350 2833 400 2865 se
438 2834 541 2865 non
578 2835 723 2880 posse
761 2819 891 2867 licite
927 2820 1138 2868 interfici
1174 2821 1224 2867 in
1262 2821 1318 2868 iis
1356 2821 1756 2879 circumstantiis,
1808 2831 1855 2869 et
1890 2822 1955 2869 ita

60 2889 353 2949 gravissimis
404 2894 671 2941 sceleribus
722 2893 800 2941 via
850 2896 1166 2957 panderetur.
1239 2898 1399 2942 Immo
1452 2896 1488 2943 si
1538 2912 1639 2943 non
1687 2897 1856 2944 liceret
1903 2912 1954 2944 se

60 2972 230 3012 contra
265 2966 494 3014 iniustam
531 2969 902 3030 aggressionem
940 2970 1228 3028 defendere,
1268 2986 1433 3031 neque
1472 2971 1656 3018 licitum
1694 2981 1821 3019 esset
1857 2973 1955 3018 bel-

62 3037 161 3085 lum
198 3039 520 3090 defensivum.

136 3158 253 3198 Inst.
325 3152 533 3211 Saltem,
587 3152 626 3200 si
662 3169 924 3216 aggressor
959 3170 1129 3202 amens
1179 3157 1256 3203 vel
1295 3156 1456 3203 ebrius
1495 3163 1596 3215 est,
1649 3165 1868 3203 versatur
1903 3157 1954 3203 in

63 3232 278 3272 extrema
323 3227 617 3276 necessitate
665 3229 926 3290 spirituali,
978 3229 1093 3290 quia
1141 3245 1192 3277 se
1229 3231 1388 3291 ipsum
1435 3230 1600 3277 iuvare
1637 3246 1740 3277 non
1776 3240 1952 3293 potest,

61 3295 275 3359 ideoque
311 3301 657 3349 abstinendum
694 3312 766 3350 est
790 3319 818 3350 a
843 3303 1148 3362 defensione,
1189 3306 1389 3364 quando
1415 3304 1728 3365 impossibilis
1754 3314 1825 3352 est
1850 3305 1954 3353 sine

62 3371 278 3420 laesione
315 3375 580 3423 mortifera.
930 3372 933 3375 Δ

1605 3460 1695 3498 16ἐς
