2182 3682
216 160 319 222 278
624 169 737 198 PARS
772 169 819 199 ΙΙ.
868 169 1186 199 PHILOSOPHIA
1220 171 1422 200 MORALIS
1458 172 1708 202 SPECIALIS.

213 305 404 356 limites
455 306 590 356 inter
639 305 903 368 valorem,
958 324 1121 373 quem
1173 324 1254 357 res
1305 306 1471 358 habet
1521 324 1552 358 a
1604 315 1814 370 natura,
1869 316 1923 359 et
1974 326 2111 372 eum,

213 405 374 454 quem
413 387 577 439 habet
617 406 647 439 a
687 388 886 451 labore,
931 389 1262 440 discernere?
1338 389 1480 440 Hinc

286 470 440 536 Resp.
501 485 549 521 2.
631 471 948 538 Principium
1001 472 1053 521 in
1107 472 1308 521 maiore
1363 481 1700 539 assumptum
1756 472 1944 523 falsum
1999 490 2116 524 esse

211 570 280 602 ex
321 570 386 603 eo
428 561 591 620 patet,
636 554 785 620 quod
826 554 895 603 ad
937 553 1311 604 conclusiones
1350 555 1709 621 impossibiles
1749 563 1804 606 et
1843 554 2000 606 falsas
2028 556 2115 607 de·
2168 620 2173 621 ⁷

212 635 373 686 ducit.
454 635 733 686 Praeterea
785 635 985 686 multae
1038 653 1119 686 res
1171 653 1201 686 a
1252 644 1439 687 natura
1485 638 1559 687 ita
1598 639 1650 688 in
1691 655 1844 688 usum
1885 638 2116 689 hominis

210 726 558 784 praeparatae
609 727 756 779 sunt,
813 727 871 768 ut
923 718 1069 768 nullo
1123 736 1340 784 prorsus
1392 718 1577 770 labore
1623 720 1925 787 indigeant,
1967 739 2016 771 V.
2061 738 2112 787 g.

211 799 434 862 fructUS,
491 800 661 866 ligna,
716 800 988 864 animalia3
1049 801 1231 867 quoad
1285 801 1380 852 has
1422 818 1552 868 ergo
1594 801 1747 853 labor
1786 821 1894 853 non
1934 809 2116 870 potest

210 900 326 932 esse
367 881 548 933 titulus
588 884 944 950 proprietatis.

283 964 410 1015 [nst.
492 965 668 1016 Etiam
724 967 1011 1033 occupatio
1065 976 1144 1017 est
1194 966 1359 1017 labor.
1442 967 1597 1032 Κεφ.
1642 969 1692 1032 a)
1735 967 1791 1019 Si
1832 968 2115 1034 occupatio

209 1056 289 1097 est
344 1047 613 1098 sufficiens
665 1047 848 1098 titulus
900 1050 1239 1115 proprietatis
1290 1067 1388 1116 pro
1442 1050 1598 1100 bonis
1648 1049 1964 1112 mobilibus,
2024 1067 2117 1101 cur

208 1147 315 1180 non
356 1148 455 1196 pro
498 1131 652 1181 bonis
692 1131 1088 1183 immobilibus?
1153 1132 1291 1181 Dein
1334 1132 1389 1197 b)
1427 1132 1644 1182 nomine
1672 1132 1870 1183 laboris
1898 1132 2115 1199 George

209 1230 331 1263 cum
381 1213 660 1264 socialistis
699 1213 961 1280 intellegit
1002 1232 1108 1264 non
1150 1214 1319 1264 solam
1363 1216 1803 1281 occupationem,
1856 1215 1953 1265 sed
1994 1232 2113 1265 eum

209 1295 474 1357 laborem,
522 1297 612 1362 qui
654 1313 735 1347 res
776 1304 1094 1347 transmutat
1134 1297 1303 1363 iisque
1344 1315 1545 1347 novum
1584 1297 1824 1348 valorem
1863 1298 2113 1365 impertit.

211 1427 357 1482 355.
438 1418 829 1483 Azgmmvztmu
863 1434 917 1482 3.
965 1436 1034 1468 ex
1086 1419 1279 1469 eodem
1334 1419 1441 1469 fere
1492 1419 1639 1470 fonte
1680 1419 2013 1486 depromitur
2053 1436 2115 1469 ac

207 1500 550 1566 praecedens.
622 1499 863 1565 Quilibet
904 1501 1067 1552 habet
1107 1503 1185 1551 ius
1227 1501 1434 1551 fruendi
1473 1502 1742 1568 producto
1783 1501 1980 1552 laboris
2019 1502 2111 1552 sui.

207 1583 377 1649 Atqui
429 1583 533 1633 hoc
593 1583 671 1633 ius
732 1584 1023 1634 consistere
1080 1602 1188 1634 non
1244 1593 1450 1650 potest,
1514 1585 1611 1634 nisi
1667 1583 1890 1651 quilibet
1945 1585 2116 1650 possit

209 1665 372 1716 libere
415 1667 487 1715 uti
530 1667 833 1716 commodis
873 1684 903 1716 a
944 1676 1131 1717 natura
1172 1668 1421 1717 omnibus
1462 1666 1656 1717 oblatis
1698 1668 1883 1732 (agris,
1935 1667 2115 1733 pratis,

207 1747 348 1798 silvis
389 1749 527 1813 eto).
610 1749 764 1814 Ergo
806 1747 1030 1815 quilibet
1070 1749 1235 1799 habet
1274 1750 1351 1799 ius
1393 1749 1577 1799 utendi
1619 1750 1771 1815 agris.

318 1831 434 1896 ’esp
517 1830 659 1881 ΒΖΜ.
718 1832 885 1881 παγίς
946 1831 1184 1898 Quilibet
1239 1832 1403 1882 habet
1454 1832 1531 1881 ius
1589 1831 1796 1882 fruendi
1847 1832 2113 1898 producto

206 1913 404 1964 laboris
443 1914 539 1974 sui,
582 1913 612 1962 i.
657 1931 701 1964 e.
747 1914 1075 1980 percipiendi
1117 1914 1345 1964 fructum
1376 1932 1445 1964 ex
1486 1914 1670 1964 labore
1710 1932 1822 1976 suo,
1867 1915 1917 1964 in
1952 1930 2113 1980 quan-

205 2004 320 2045 tum
360 1996 407 2045 ei
447 1995 635 2046 saltem
679 1996 906 2046 debetur
945 1997 1080 2046 iusta
1121 2014 1351 2058 merces,
1407 1997 1451 2046 si
1491 2014 1587 2063 pro
1629 1995 1731 2046 alio
1773 2014 1843 2046 ex
1884 2013 2110 2046 conven-

206 2079 350 2128 tione
379 2076 600 2139 laborat‚
646 2096 801 2139 cone„
832 2079 1053 2145 quilibet
1081 2088 1262 2145 potest
1291 2079 1616 2145 productum
1645 2077 1842 2128 laboris
1872 2087 1928 2128 ut
1955 2095 2111 2128 suum

205 2161 305 2211 sibi
345 2178 639 2222 assumere,
682 2161 933 2211 subdz'sl.:
974 2163 1016 2211 si
1057 2162 1301 2222 materia,
1352 2162 1403 2211 in
1446 2178 1608 2227 quam
1649 2160 1802 2211 labor
1840 2161 2113 2227 impensus

207 2250 301 2305 est,
345 2243 414 2293 ad
442 2244 617 2310 ipsum
646 2245 924 2309 pertineat,
969 2262 1123 2305 conc„
1164 2262 1333 2305 seCUS,
1375 2261 1523 2309 nege.
1594 2242 1918 2294 Contradist.
1950 2242 2112 2293 min..-

204 2326 291 2376 Ius
343 2326 668 2393 percipiendi
718 2326 912 2376 iustam
953 2328 1257 2377 mercedem
1300 2344 1408 2376 non
1449 2334 1630 2393 potest
1671 2326 1960 2376 consistere
1999 2326 2112 2375 sine

204 2409 314 2458 iure
366 2408 529 2459 libere
577 2408 717 2474 agris
757 2410 967 2471 utendi,
1011 2427 1173 2475 nego,
1215 2410 1294 2459 ius
1337 2410 1404 2459 de
1444 2409 1562 2475 ipso
1604 2409 1870 2475 producto
1912 2414 1971 2458 ut
2009 2425 2110 2457 suo

204 2491 368 2541 libere
410 2491 745 2557 disponendi,
789 2500 956 2542 trans.
1001 2491 1085 2541 vel
1128 2493 1287 2541 etiam
1315 2508 1461 2556 nego.
1532 2491 1726 2541 Nonne
1753 2509 1800 2541 v.
1833 2507 1884 2556 g.
1915 2506 2111 2540 merca-

204 2582 348 2623 tores
399 2582 451 2623 et
502 2572 587 2623 alii
638 2582 863 2639 possunt
905 2574 972 2624 de
1023 2573 1199 2623 multis
1246 2574 1522 2640 productis
1562 2582 1618 2623 ut
1657 2573 1764 2622 suis
1805 2573 2108 2639 disponere,

205 2656 329 2722 quin
369 2656 468 2723 ipsi
509 2672 667 2721 agros
714 2654 1056 2722 possideant?

208 2775 353 2840 356.
434 2776 824 2842 Argmnentmn
853 2791 902 2842 4.
948 2793 1016 2826 ex
1043 2777 1154 2826 iure
1183 2776 1250 2826 ad
1278 2776 1442 2826 vitam
1477 2776 1835 2843 desumptum.
1905 2773 2110 2826 Omnes

205 2858 407 2909 habent
465 2859 609 2908 idem
667 2859 747 2908 ius
804 2858 1032 2909 vivendi.
1133 2858 1287 2924 Ergo
1348 2859 1508 2908 etiam
1566 2859 1644 2908 ius
1704 2858 1772 2908 ad
1832 2856 2107 2923 aequalem

206 2958 361 2990 usum
401 2950 584 2991 terrae.

279 3023 434 3089 Resp.
468 3038 514 3073 J.
571 3021 626 3072 Si
648 3023 751 3073 hoc
774 3031 1148 3088 argumentum
1172 3023 1440 3089 probaret,
1465 3022 1664 3073 valeret
1687 3039 1903 3089 quoque
1926 3029 2111 3072 contra

205 3105 348 3156 bona
400 3104 642 3167 mobilia,
698 3122 835 3171 quae
887 3106 1045 3155 etiam
1087 3112 1209 3154 sunt
1249 3105 1425 3155 media
1465 3105 1533 3154 ad
1573 3105 1751 3155 vitam.
1831 3104 2108 3153 Praeterea

206 3188 460 3254 probaret
499 3188 881 3254 proprietatem
921 3187 1161 3237 omnium
1201 3187 1399 3237 debere
1440 3203 1557 3236 esse
1597 3185 1889 3252 aequalem.

280 3270 433 3335 Resp.
479 3284 526 3319 2.
614 3267 762 3319 Com.
808 3277 969 3319 antec.
1015 3278 1068 3318 et
1107 3286 1240 3334 nego
1282 3286 1415 3319 cons.
1487 3267 1691 3318 Omnes
1730 3267 1932 3319 habent
1963 3267 2104 3317 idem

205 3352 282 3401 ius
332 3352 401 3402 ad
441 3352 629 3413 vitam,
683 3352 712 3401 i.
757 3369 799 3401 e.
856 3351 1270 3417 uniuscuiusque
1310 3352 1417 3400 vita
1457 3358 1538 3401 est
1577 3348 1785 3417 aequali
1826 3349 1992 3400 modo
2032 3350 2103 3398 in-
