2182 3682
463 183 548 213 Lm.
583 183 611 212 Ι.
657 182 758 212 CAP.
792 181 853 211 1V.
898 181 959 209 DE
992 179 1106 209 IURE
1140 178 1489 207 PROPRIETATIS.
1821 174 1919 230 275

37 319 252 372 scientia
301 317 493 368 tollunt
534 326 586 367 et
624 318 799 368 virtuti
852 315 1049 365 nullam
1089 315 1185 363 nisi
1235 312 1585 378 temporalem
1627 312 1929 361 mercedem

37 399 382 470 promittunt?

111 489 317 540 Omitto
346 488 569 554 plurima
594 487 707 549 alia,
753 503 890 553 quae
918 484 1195 536 socialistis
1223 484 1331 534 iure
1360 482 1497 532 obici
1527 489 1765 547 possunt,
1801 499 1846 530 v.
1879 498 1928 546 g.

38 571 181 639 quod
232 588 326 620 sua
377 570 583 620 theoria
634 568 913 620 absolutae
965 565 1299 633 aequalitatis
1350 563 1600 613 familiam
1642 563 1930 622 destruant,

38 653 182 720 quod
211 653 524 702 societatem
553 651 758 701 civilem
787 668 816 700 a
845 649 1098 715 religione
1129 646 1395 707 divellant,
1440 645 1588 711 quod
1622 643 1932 694 nominatim

37 736 146 786 iura
163 733 434 784 Ecclesiae
456 732 751 784 catholicae
773 731 996 798 plurima
1017 729 1314 780 necessario
1337 727 1533 777 violare
1555 734 1815 792 cogantur
1832 733 1931 775 ete.

115 829 481 898 Confirmantr
531 831 761 896 denique
816 828 980 878 thesis
1036 826 1375 893 experientia.
1469 824 1608 873 Nam
1664 824 1937 872 innumera

37 914 399 980 experimenta
440 922 493 963 et
533 912 825 962 tentamina
865 909 1271 961 communistica
1300 907 1438 957 facta
1466 906 1534 956 ab
1563 905 1938 971 antiquissimis

38 995 367 1062 temporibus
427 1012 598 1062 usque
660 995 726 1044 ad
787 1002 1019 1044 aetatem
1080 999 1316 1041 nostram
1374 988 1551 1038 omnia
1610 986 1679 1037 ad
1738 987 1937 1036 irritum

39 1078 343 1129 ceciderunt
383 1077 466 1142 (cf.
513 1076 854 1128 Socialismus
904 1087 963 1140 17
1007 1083 1059 1124 et
1102 1073 1245 1137 209).

43 1226 186 1280 350.
284 1215 483 1267 Coroll.
566 1217 712 1282 Ergo
766 1215 986 1282 quilibet
1039 1212 1457 1264 communismus
1498 1209 1792 1275 positivus,
1851 1208 1941 1275 qui

42 1300 332 1364 generatim
387 1300 819 1349 communionem
876 1298 1140 1347 bonorum
1191 1294 1474 1361 positivam
1527 1293 1577 1342 in
1629 1292 1940 1342 societatem

41 1380 326 1430 humanam
356 1381 606 1431 inducere
634 1381 758 1442 vult,
803 1389 860 1430 ut
899 1378 1139 1429 inimicus
1179 1376 1448 1436 libertatiS,
1492 1375 1690 1424 ordinis
1718 1373 1942 1435 socialis,

44 1479 358 1529 progressus
399 1462 635 1513 culturae
675 1462 969 1513 reiciendus
1010 1468 1104 1511 est.
1178 1459 1316 1508 Nam
1359 1474 1497 1524 quae
1536 1458 1587 1506 in
1628 1456 1763 1506 thesi
1804 1464 1943 1506 ante-

44 1545 255 1595 cedenti
315 1554 500 1595 contra
558 1545 852 1595 socialistas
912 1544 1166 1609 diximus,
1231 1539 1381 1590 facile
1438 1540 1504 1589 ad
1562 1539 1944 1604 quodcumque

43 1635 279 1692 systema
308 1627 681 1677 communismi
722 1626 931 1693 positivi
962 1624 1215 1691 applicari
1256 1630 1497 1689 possunt.
1554 1620 1719 1686 Quod
1748 1621 1945 1687 specia-

43 1708 137 1758 tim
178 1709 527 1760 anarclzistas
573 1710 786 1770 attinet,
840 1710 899 1758 iis
951 1716 1159 1774 praeter
1210 1704 1556 1755 incommoda
1607 1721 1762 1770 supra
1805 1704 1946 1753 dicta

43 1789 172 1840 illud
201 1792 568 1857 gravissimum
598 1792 737 1842 obici
767 1799 962 1858 potest,
993 1789 1140 1856 quod
1169 1806 1267 1838 suo
1294 1794 1586 1853 systemate
1615 1786 1944 1836 «anarchiam

45 1873 464 1938 productionis»,
526 1892 686 1941 quam
748 1874 933 1925 tollere
988 1872 1200 1932 volunt,
1262 1870 1514 1939 intactam
1573 1868 1942 1935 relinquerent.

45 1955 183 2004 Nam
224 1955 432 2021 singula
473 1957 756 2023 municipia
791 1956 955 2023 (pagi)
997 1954 1081 2005 vel
1122 1953 1362 2019 singulae
1404 1952 1782 2002 associationes
1823 1969 1946 2017 ope-

46 2038 297 2087 rariorum
340 2037 503 2088 hodie
543 2050 760 2105 propter
801 2039 1114 2088 divisionem
1157 2037 1401 2087 laborum
1443 2034 1541 2084 sibi
1581 2033 1821 2084 sufficere
1863 2051 1945 2083 ne-

46 2128 262 2185 queunt.
322 2120 466 2186 Ergo
494 2121 741 2171 anarchia
770 2120 1154 2188 productionis,
1194 2134 1331 2185 quae
1360 2117 1522 2166 hodie
1550 2117 1683 2166 inter
1710 2115 1949 2181 singulos

47 2202 235 2251 adesse
277 2202 480 2264 dicitur,
524 2212 649 2253 tunc
689 2204 975 2253 haberetur
1013 2203 1147 2252 inter
1186 2201 1470 2250 societates
1499 2199 1859 2265 operariorum
1897 2205 1950 2248 et

49 2300 246 2349 pagos,
301 2285 530 2351 ideoque
583 2287 693 2335 eius
734 2286 956 2336 effectus
998 2285 1170 2334 forent
1210 2282 1379 2333 multo
1433 2281 1770 2343 funestioreS‚
1827 2281 1950 2346 quia

49 2382 156 2415 non
184 2366 401 2433 singulis
438 2367 659 2430 familiis,
702 2368 798 2418 sed
829 2369 953 2418 totis
995 2367 1147 2433 pagis
1175 2366 1378 2415 ruinam
1419 2372 1643 2430 pararet,
1700 2362 1949 2414 Ceterum

51 2447 118 2498 de
168 2465 225 2498 se
277 2450 364 2499 vix
418 2450 669 2501 credibile
721 2459 801 2501 est
853 2451 1165 2500 societatem
1216 2448 1532 2507 humanam,
1591 2446 1752 2496 hodie
1802 2453 1951 2496 tanta

51 2531 387 2596 negotiorum
442 2532 735 2599 frequentia
787 2542 840 2582 et
890 2541 972 2582 tot
1024 2532 1212 2582 mediis
1253 2529 1559 2580 commercii
1599 2528 1713 2592 (viis
1754 2528 1947 2589 serreiS‚

51 2611 374 2679 telegraphis
414 2615 539 2678 etc.)
581 2616 807 2676 unitam,
863 2616 1053 2665 iterum
1098 2615 1148 2663 in
1201 2629 1392 2679 parvas
1433 2611 1842 2661 communitates
1881 2611 1952 2660 in-

53 2694 420 2760 dependentes
461 2697 623 2746 dividi
664 2714 837 2763 posse.
920 2697 1011 2746 Ad
1054 2713 1214 2762 quem
1256 2695 1421 2755 enim,
1466 2702 1523 2743 ut
1562 2692 1749 2743 saltem
1792 2709 1948 2742 unam

54 2775 420 2828 difficultatem
479 2778 634 2828 huius
693 2780 997 2845 systematis
1056 2793 1566 2837 commemoremus,
1629 2776 1952 2842 pertinerent

53 2858 167 2908 viae
207 2858 431 2922 ferreae,
476 2860 804 2927 telegrapha,
846 2861 1210 2927 aquaeductus
1251 2858 1385 2909 eto?
1462 2858 1613 2908 Haec
1654 2858 1951 2908 necessario

55 2941 325 3006 requirunt
365 2943 623 2992 unitatem
664 2944 957 3009 regiminis,
1013 2943 1245 3008 ideoque
1286 2958 1393 2991 non
1446 2948 1671 3006 possunt
1720 2940 1952 3005 permitti

56 3022 495 3074 administrationi
553 3025 884 3091 singulorum
949 3042 1243 3091 pagorum,
1311 3040 1405 3089 per
1465 3040 1601 3088 quos
1661 3029 1949 3071 transeunt.

57 3102 345 3168 Praeterea,
389 3107 742 3157 habebiturne
772 3108 944 3156 unitas
972 3107 1147 3173 aliqua
1175 3108 1226 3156 in
1254 3106 1472 3166 iudiciiS,
1514 3105 1565 3154 in
1605 3102 1949 3170 legislatione,

57 3185 108 3235 in
136 3204 190 3237 re
217 3187 424 3239 militari
452 3196 570 3251 etc.,
614 3207 680 3239 an
720 3189 854 3239 haec
882 3190 1059 3239 omnia
1087 3189 1300 3239 arbitrio
1330 3185 1655 3253 singulorum
1685 3186 1952 3235 civitatum

59 3275 112 3317 et
169 3287 431 3336 pagorum
487 3270 877 3337 relinquentur?
967 3272 1081 3321 Nisi
1140 3271 1358 3320 tandem
1414 3268 1725 3319 admittatur
1777 3267 1954 3333 aliqua

59 3353 354 3402 communis
394 3353 692 3415 auctoritaS,
737 3353 983 3403 redibunt
1023 3362 1265 3419 tempora
1305 3352 1427 3402 iuris
1467 3349 1735 3399 manuarii.

1606 3437 1696 3478 18ss
