2182 3682
227 141 295 191 30
629 136 744 164 PARS
778 136 808 164 Ι.
858 134 1173 164 PHILOSOPHIA
1206 133 1410 163 MORALIS
1445 133 1723 162 GENERALIS.

301 283 452 330 Resp.
519 273 650 320 Dz'st.
689 274 832 321 macl:
879 274 961 321 Ad
996 272 1313 320 beatitudinis
1351 273 1614 320 essentiam
1651 271 1937 333 requiritur,
1982 279 2035 318 ut
2068 270 2138 318 in-

221 358 361 395 natus
398 347 610 395 hominis
647 348 916 410 appetitus,
964 364 1062 409 quo
1102 348 1252 394 fertur
1288 348 1339 393 in
1364 349 1699 409 possessionem
1735 346 1911 395 summi
1948 355 1997 394 et
2030 361 2139 408 per-

221 423 335 470 fecti
359 422 494 480 boni,
533 422 593 470 sit
617 424 837 484 perfecte
867 423 1078 480 satiatus,
1118 438 1252 478 conc„
1292 423 1538 483 appetitus
1563 422 1880 484 quicumque,
1917 420 2138 468 subdz‘stu·

218 497 315 544 hoc
340 497 601 558 requiritur
626 498 690 544 ad
716 497 979 545 essentiam
1004 495 1394 558 metaphysicam
1429 496 1761 553 beatitudinis,
1800 512 1914 555 nego
1940 491 2138 557 (Suarez

219 573 249 618 l.
288 589 328 619 c.
369 572 492 634 disp.
537 589 620 630 10,
660 581 777 619 sect.
817 588 872 631 3,
912 588 958 617 n.
1001 566 1061 632 5),
1101 571 1165 617 ad
1203 571 1467 618 essentiam
1510 572 1767 633 physicam
1816 569 2136 618 beatitudinis

221 647 299 694 vel
336 649 485 694 etiam
522 648 586 694 ad
624 647 1007 693 convenientem
1045 654 1092 692 et
1116 646 1393 707 perfectum
1419 654 1593 693 statum
1623 642 1813 708 (saltem
1838 661 1931 707 pro
1958 660 2140 707 oppor-

217 729 336 768 tuno
373 730 599 783 tempore
637 721 768 767 iuxta
805 721 1034 768 ordinem
1071 720 1269 767 divinae
1308 716 1697 782 providentiae),
1744 736 1860 768 conc.
1939 720 2139 767 Contra-

216 797 319 842 dz'st.
359 798 502 843 mm:
549 798 642 843 Per
690 797 844 843 solam
895 794 1234 857 cognitionem
1282 795 1529 857 appetitus
1577 795 1810 842 naturalis
1847 794 2138 857 possidendi

216 887 459 918 summum
496 873 683 918 bonum
720 886 823 917 non
861 880 934 918 est
971 870 1183 928 satiatus,
1223 886 1352 930 nego,
1392 870 1637 932 appetitus
1673 870 1908 917 naturalis
1940 868 2138 917 fruendi

215 947 298 993 illo
334 947 487 1004 bono,
528 962 642 992 conc.
687 973 742 978 —-
785 947 862 992 Eo
898 945 1007 1006 ipso
1046 946 1182 1006 quod
1220 946 1497 993 intellectus
1534 961 1778 992 summum
1813 947 2002 993 bonum
2027 960 2137 1007 per-

219 1021 343 1068 fecte
371 1021 714 1083 apprehendit,
745 1020 891 1068 etiam
919 1021 1163 1082 appetitus
1189 1021 1384 1068 innatus
1402 1020 1668 1083 voluntatis
1686 1036 1929 1068 summum
1946 1022 2136 1068 bonum

215 1097 505 1157 possidendi
542 1098 777 1158 expletur.
830 1098 1071 1143 Voluntas
1108 1096 1242 1143 enim
1279 1111 1369 1158 per
1405 1111 1456 1143 se
1494 1095 1652 1157 ipsam
1683 1097 1870 1143 bonum
1898 1095 2138 1157 consequi

217 1173 296 1218 vel
333 1170 588 1233 possidere
626 1186 725 1217 non
765 1179 942 1232 potest.

299 1270 401 1311 Obi.
438 1281 479 1322 5.
548 1264 775 1310 Essentia
811 1263 1130 1310 beatitudinis
1179 1262 1401 1310 consistit
1436 1263 1486 1310 in
1530 1261 1887 1324 perfectissima
1922 1262 2137 1309 hominis

219 1338 524 1399 operatione.
585 1338 739 1399 Atqui
770 1338 1130 1400 perfectissima
1166 1338 1379 1384 hominis
1416 1338 1640 1400 operatio
1678 1347 1751 1385 est
1785 1337 1986 1395 dilectio
2025 1337 2134 1385 Dei.

219 1414 357 1473 Ergo
383 1452 391 1460 .
422 1452 430 1460 .
461 1452 469 1460 .

299 1520 450 1569 Resp.
525 1510 658 1557 Ccmc.
698 1511 806 1557 mai.
867 1511 997 1557 Dist.
1038 1511 1180 1557 min..-
1227 1509 1445 1557 Dilectio
1490 1509 1587 1557 Dei
1634 1517 1707 1557 est
1757 1510 1982 1571 operatio
2029 1526 2137 1572 per-

221 1586 486 1633 fectissima
522 1586 572 1632 in
609 1601 795 1647 genere
831 1588 995 1644 moris,
1035 1601 1171 1642 senc„
1208 1585 1260 1632 in
1297 1600 1481 1646 genere
1518 1593 1737 1643 naturae,
1774 1586 1997 1633 subdist.:
2031 1601 2139 1647 per-

221 1660 485 1708 fectissima
522 1660 792 1708 secundum
833 1661 976 1721 quid,
1017 1676 1162 1717 com„
1212 1660 1499 1722 simpliciter
1536 1668 1583 1706 et
1619 1660 1867 1719 absolute,
1906 1675 2032 1720 nego.
2076 1686 2134 1691 —-

220 1736 463 1783 Nimirum
511 1737 562 1782 in
609 1736 801 1783 ratione
850 1735 1086 1783 libertatis
1135 1745 1183 1782 et
1229 1735 1345 1782 hinc
1393 1735 1542 1782 etiam
1587 1735 1639 1781 in
1676 1736 1866 1782 ratione
1902 1735 2134 1782 bonitatis

219 1812 419 1858 moralis
466 1819 514 1858 et
560 1810 721 1858 meriti
768 1810 1077 1872 praeeminet
1125 1819 1259 1858 actus
1308 1810 1568 1857 voluntatis
1617 1818 1665 1857 et
1712 1810 1952 1872 imprimis
1996 1825 2136 1857 amor

219 1886 317 1933 Dei
366 1887 593 1933 omnibus
642 1885 830 1933 actibus
879 1886 1082 1932 aliarum
1131 1885 1478 1947 potentiarum.
1553 1885 1651 1932 Sed
1690 1885 1818 1932 haec
1852 1886 2053 1933 libertas
2090 1894 2138 1932 et

219 1962 469 2008 moralitas
506 1962 714 2008 habetur
751 1962 907 2008 solum
945 1960 994 2007 in
1031 1962 1125 2007 hac
1161 1960 1285 2019 vita,
1337 1975 1440 2007 non
1476 1975 1595 2007 vero
1633 1960 1683 2006 in
1719 1961 1817 2007 vita
1853 1961 2040 2021 futura3
2088 1969 2137 2007 et

219 2036 333 2083 ideo
381 2036 431 2082 in
467 2036 565 2083 vita
602 2036 786 2094 futura,
838 2036 889 2081 in
928 2052 1025 2097 qua
1065 2036 1194 2093 sola,
1245 2044 1295 2081 ut
1331 2051 1446 2082 mox
1482 2036 1830 2097 probabimus,
1879 2036 2135 2083 beatitudo

219 2112 442 2172 perfecta
487 2110 813 2168 obtinebitur,
865 2110 1085 2171 cognitio
1124 2119 1171 2157 et
1208 2126 1348 2157 amor
1385 2109 1480 2156 Dei
1518 2112 1675 2157 solum
1712 2110 1993 2172 comparari
2027 2127 2138 2172 pos-

219 2194 329 2235 sunt
364 2187 415 2232 in
452 2201 635 2247 genere
674 2195 899 2244 naturae,
937 2194 988 2232 ut
1025 2195 1134 2232 sunt
1170 2185 1504 2246 perfectiones
1540 2185 1789 2247 physicae.
1863 2185 2016 2246 Atqui
2047 2185 2165 2232 sub'

218 2262 316 2307 hoc
363 2270 592 2322 respectu
629 2256 1225 2323 cognitio(speculativa)
1264 2260 1360 2306 Dei
1397 2269 1468 2307 est
1506 2260 1792 2322 simpliciter
1829 2268 1877 2307 et
1913 2261 2135 2307 absolute

217 2336 486 2397 perfectior
523 2351 693 2382 amore
730 2335 839 2382 Dei.
916 2336 1009 2395 (Cf.
1050 2335 1097 2382 S.
1133 2336 1314 2392 Thena,
1355 2336 1409 2382 C.
1449 2345 1582 2397 gent.
1621 2336 1650 2382 l.
1679 2352 1724 2396 3,
1764 2352 1804 2383 c.
1836 2338 1895 2382 26
1933 2336 1984 2382 in
2019 2336 2133 2382 fine.

220 2411 479 2458 Consentit
515 2410 696 2457 Suarez
731 2412 760 2457 l.
801 2427 841 2457 c.
883 2410 1006 2472 disp.
1050 2425 1092 2470 7,
1142 2419 1259 2457 sect.
1305 2428 1343 2467 1,
1396 2427 1442 2457 n.
1484 2405 1580 2472 56.)
1652 2411 1786 2456 Nota
1826 2411 1972 2457 etiam
2009 2410 2137 2457 haec

217 2486 370 2532 verba
408 2487 453 2532 S.
481 2487 706 2532 Thomae
735 2481 810 2546 (ln
848 2502 891 2543 4,
932 2485 1039 2531 dist.
1068 2502 1145 2546 49,
1187 2501 1233 2545 q.
1268 2502 1306 2541 1,
1346 2485 1433 2531 sol.
1465 2502 1487 2530 2
1526 2484 1587 2530 ad
1615 2480 1741 2544 gum):
1785 2484 2006 2532 «Caritas
2043 2499 2134 2546 pro

218 2568 355 2607 tanto
393 2560 713 2607 dicitur-esse
751 2561 894 2607 altior
929 2559 1079 2606 virtus
1117 2559 1306 2616 ceteris,
1347 2574 1474 2619 quae
1512 2567 1623 2605 sunt
1658 2559 1708 2604 in
1745 2558 1838 2618 via,
1878 2560 1994 2620 quia
2029 2560 2136 2621 ipsa

219 2643 315 2693 est,
371 2651 498 2696 quae
537 2635 733 2682 ordinat
769 2650 943 2682 omnes
981 2634 1031 2680 in
1068 2636 1260 2694 Deumg
1308 2634 1415 2695 ipsa
1452 2641 1524 2680 est
1561 2633 1734 2690 etiam,
1786 2633 1920 2680 cuius
1957 2634 2049 2681 erit
2084 2633 2136 2680 in

219 2710 377 2771 patria
423 2709 593 2756 ultima
641 2709 877 2770 quietatio
925 2709 975 2755 in
1012 2711 1190 2756 Deum.
1264 2711 1380 2755 Hoc
1427 2717 1592 2755 tamen
1632 2723 1735 2755 non
1773 2709 1856 2755 dat
1894 2708 1964 2766 ei,
2014 2709 2143 2769 qued

218 2791 347 2832 actus
383 2786 478 2831 eins
512 2787 576 2831 52'2‘
607 2786 872 2831 substantia
907 2786 1011 2846 ipsa
1035 2785 1348 2839 beatitudinis,
1389 2783 1475 2830 sed
1502 2784 1579 2830 vel
1603 2783 1859 2829 inclinatio
1888 2784 2132 2844 quaedam

218 2860 270 2906 in
305 2860 489 2921 ipsam,
536 2860 659 2906 sicut
694 2860 745 2906 in
782 2868 906 2906 statu
942 2860 1075 2917 viae,
1114 2860 1193 2906 vel
1231 2858 1466 2920 quietatio
1504 2857 1555 2903 in
1591 2857 1723 2918 ipsa,
1762 2857 1886 2904 sicut
1920 2858 1971 2904 in
2008 2866 2134 2907 statu

220 2943 456 2996 patriae.»

224 3078 324 3129 23.
446 3065 648 3117 Coroll.
691 3067 846 3133 Ergo
877 3067 1069 3117 iisdem
1099 3067 1316 3128 aclibus,
1348 3066 1534 3132 quibus
1562 3065 1719 3115 homo
1749 3083 1903 3116 suam
1918 3065 2129 3131 perfec-

219 3157 330 3198 tam
357 3149 704 3213 felicitatem,
747 3149 898 3199 Deus
923 3167 1078 3199 snam
1100 3149 1349 3215 gloriam
1378 3149 1739 3198 exlm'nsecam
1769 3148 2102 3214 consequitur
2114 3166 2134 3210 ,-

221 3248 329 3296 quo
371 3231 655 3297 perfectius
696 3232 836 3281 enim
877 3232 1043 3281 homo
1072 3232 1252 3281 Deum
1296 3230 1583 3296 cognoscit
1622 3231 1673 3279 in
1703 3231 1922 3296 eiusque
1949 3246 2133 3279 amore

224 3313 469 3375 exsultat,
514 3331 579 3363 eo
621 3313 810 3363 clarior
850 3322 930 3364 est
971 3331 1091 3364 cum
1134 3314 1292 3363 laude
1340 3312 1527 3362 notitia
1562 3312 1680 3363 Dei.
1749 3312 2028 3362 Praeterea
2068 3327 2132 3361 eo
