<?xml version="1.0" encoding="UTF-8"?>
<!DOCTYPE html PUBLIC "-//W3C//DTD XHTML 1.0 Transitional//EN"
    "http://www.w3.org/TR/xhtml1/DTD/xhtml1-transitional.dtd">
<html xmlns="http://www.w3.org/1999/xhtml" xml:lang="en" lang="en">
 <head>
  <title>
</title>
<meta http-equiv="Content-Type" content="text/html;charset=utf-8" />
  <meta name='ocr-system' content='tesseract 3.04.00' />
  <meta name='ocr-capabilities' content='ocr_page ocr_carea ocr_par ocr_line ocrx_word'/>
</head>
<body>
  <div class='ocr_page' id='page_1' title='image "./philosophiamoral00cath_0392.png"; bbox 0 0 2182 3682; ppageno 0'>
   <div class='ocr_carea' id='block_1_1' title="bbox 218 154 1705 217">
    <p class='ocr_par' dir='ltr' id='par_1_1' title="bbox 218 154 1705 217">
     <span class='ocr_line' id='line_1_1' title="bbox 218 154 1705 217; baseline 0.005 -26"><span class='ocrx_word' id='word_1_1' title='bbox 218 154 322 217; x_wconf 78' lang='lat'><strong>368</strong></span> <span class='ocrx_word' id='word_1_2' title='bbox 614 164 728 194; x_wconf 84' lang='lat' dir='ltr'><strong>PARS</strong></span> <span class='ocrx_word' id='word_1_3' title='bbox 764 165 811 194; x_wconf 90' lang='lat'><strong>11.</strong></span> <span class='ocrx_word' id='word_1_4' title='bbox 863 166 1177 196; x_wconf 78' lang='lat' dir='ltr'><strong>PH1LosoPH1A</strong></span> <span class='ocrx_word' id='word_1_5' title='bbox 1212 168 1419 197; x_wconf 81' lang='lat' dir='ltr'>MORALIS</span> <span class='ocrx_word' id='word_1_6' title='bbox 1454 168 1705 199; x_wconf 81' lang='lat' dir='ltr'>SPECIALIS.</span> 
     </span>
    </p>
   </div>
   <div class='ocr_carea' id='block_1_2' title="bbox 203 301 2125 779">
    <p class='ocr_par' dir='ltr' id='par_1_2' title="bbox 203 301 2125 779">
     <span class='ocr_line' id='line_1_2' title="bbox 208 301 2122 373; baseline 0.004 -24"><span class='ocrx_word' id='word_1_7' title='bbox 208 301 404 362; x_wconf 91' lang='lat' dir='ltr'><strong>ineunt,</strong></span> <span class='ocrx_word' id='word_1_8' title='bbox 451 318 560 367; x_wconf 91' lang='lat' dir='ltr'><strong>quo</strong></span> <span class='ocrx_word' id='word_1_9' title='bbox 602 301 797 368; x_wconf 83' lang='lat' dir='ltr'><strong>singuli</strong></span> <span class='ocrx_word' id='word_1_10' title='bbox 824 320 945 353; x_wconf 89' lang='lat' dir='ltr'><strong>cum</strong></span> <span class='ocrx_word' id='word_1_11' title='bbox 974 304 1225 355; x_wconf 91' lang='lat' dir='ltr'><strong>omnibus</strong></span> <span class='ocrx_word' id='word_1_12' title='bbox 1266 305 1477 372; x_wconf 89' lang='lat' dir='ltr'><strong>reliquis</strong></span> <span class='ocrx_word' id='word_1_13' title='bbox 1517 306 1571 356; x_wconf 91' lang='lat' dir='ltr'><strong>in</strong></span> <span class='ocrx_word' id='word_1_14' title='bbox 1598 324 1763 356; x_wconf 90' lang='lat' dir='ltr'><strong>unum</strong></span> <span class='ocrx_word' id='word_1_15' title='bbox 1803 315 2122 373; x_wconf 90' lang='lat' dir='ltr'><strong>perpetuum</strong></span> 
     </span>
     <span class='ocr_line' id='line_1_3' title="bbox 211 385 2125 452; baseline 0.004 -20"><span class='ocrx_word' id='word_1_16' title='bbox 211 390 425 433; x_wconf 89' lang='lat' dir='ltr'><strong>coetum</strong></span> <span class='ocrx_word' id='word_1_17' title='bbox 457 385 755 434; x_wconf 90' lang='lat' dir='ltr'><strong>communis</strong></span> <span class='ocrx_word' id='word_1_18' title='bbox 798 385 924 435; x_wconf 91' lang='lat' dir='ltr'><strong>boni</strong></span> <span class='ocrx_word' id='word_1_19' title='bbox 953 388 1122 452; x_wconf 89' lang='lat' dir='ltr'><strong>gratia</strong></span> <span class='ocrx_word' id='word_1_20' title='bbox 1151 387 1293 437; x_wconf 92' lang='lat' dir='ltr'><strong>coire</strong></span> <span class='ocrx_word' id='word_1_21' title='bbox 1321 395 1578 450; x_wconf 87' lang='lat' dir='ltr'><strong>statuunt,</strong></span> <span class='ocrx_word' id='word_1_22' title='bbox 1623 388 1818 438; x_wconf 91' lang='lat' dir='ltr'><strong>deinde</strong></span> <span class='ocrx_word' id='word_1_23' title='bbox 1848 402 1896 439; x_wconf 87' lang='lat'><strong>2.</strong></span> <span class='ocrx_word' id='word_1_24' title='bbox 1928 389 2125 440; x_wconf 90' lang='lat' dir='ltr'><strong>faciunt</strong></span> 
     </span>
     <span class='ocr_line' id='line_1_4' title="bbox 208 464 2121 536; baseline 0.004 -23"><span class='ocrx_word' id='word_1_25' title='bbox 208 464 471 515; x_wconf 67' lang='lat' dir='ltr'><strong>decretum</strong></span> <span class='ocrx_word' id='word_1_26' title='bbox 502 466 570 516; x_wconf 92' lang='lat' dir='ltr'><strong>de</strong></span> <span class='ocrx_word' id='word_1_27' title='bbox 597 465 766 516; x_wconf 90' lang='lat' dir='ltr'><strong>forma</strong></span> <span class='ocrx_word' id='word_1_28' title='bbox 795 468 1063 534; x_wconf 89' lang='lat' dir='ltr'><strong>regiminis</strong></span> <span class='ocrx_word' id='word_1_29' title='bbox 1085 470 1477 531; x_wconf 88' lang='lat' dir='ltr'><strong>constituenda,</strong></span> <span class='ocrx_word' id='word_1_30' title='bbox 1507 487 1570 520; x_wconf 89' lang='lat' dir='ltr'><strong>ac</strong></span> <span class='ocrx_word' id='word_1_31' title='bbox 1598 471 1816 521; x_wconf 89' lang='lat' dir='ltr'><strong>tandem</strong></span> <span class='ocrx_word' id='word_1_32' title='bbox 1843 485 1887 535; x_wconf 82' lang='lat'><strong>3.</strong></span> <span class='ocrx_word' id='word_1_33' title='bbox 1903 479 2121 536; x_wconf 72' lang='lat' dir='ltr'><strong>pactum</strong></span> 
     </span>
     <span class='ocr_line' id='line_1_5' title="bbox 205 547 2123 619; baseline 0.004 -23"><span class='ocrx_word' id='word_1_34' title='bbox 205 547 541 598; x_wconf 75' lang='lat' dir='ltr'><strong>subiectionis</strong></span> <span class='ocrx_word' id='word_1_35' title='bbox 579 549 761 599; x_wconf 90' lang='lat' dir='ltr'><strong>ineunt</strong></span> <span class='ocrx_word' id='word_1_36' title='bbox 802 567 924 599; x_wconf 90' lang='lat' dir='ltr'><strong>cum</strong></span> <span class='ocrx_word' id='word_1_37' title='bbox 964 550 1054 600; x_wconf 93' lang='lat' dir='ltr'><strong>illo</strong></span> <span class='ocrx_word' id='word_1_38' title='bbox 1083 551 1166 601; x_wconf 90' lang='lat' dir='ltr'><strong>vel</strong></span> <span class='ocrx_word' id='word_1_39' title='bbox 1208 551 1322 613; x_wconf 89' lang='lat' dir='ltr'><strong>illis,</strong></span> <span class='ocrx_word' id='word_1_40' title='bbox 1369 553 1561 618; x_wconf 88' lang='lat' dir='ltr'><strong>quibus</strong></span> <span class='ocrx_word' id='word_1_41' title='bbox 1590 570 1841 619; x_wconf 90' lang='lat' dir='ltr'><strong>suprema</strong></span> <span class='ocrx_word' id='word_1_42' title='bbox 1880 561 2123 619; x_wconf 91' lang='lat' dir='ltr'><strong>potestas</strong></span> 
     </span>
     <span class='ocr_line' id='line_1_6' title="bbox 205 629 2120 702; baseline 0.004 -23"><span class='ocrx_word' id='word_1_43' title='bbox 205 629 487 691; x_wconf 84' lang='lat' dir='ltr'><strong>confertur,</strong></span> <span class='ocrx_word' id='word_1_44' title='bbox 533 639 585 680; x_wconf 91' lang='lat' dir='ltr'><strong>et</strong></span> <span class='ocrx_word' id='word_1_45' title='bbox 626 648 734 697; x_wconf 90' lang='lat' dir='ltr'><strong>quo</strong></span> <span class='ocrx_word' id='word_1_46' title='bbox 776 631 828 681; x_wconf 92' lang='lat' dir='ltr'><strong>hi</strong></span> <span class='ocrx_word' id='word_1_47' title='bbox 869 650 925 682; x_wconf 90' lang='lat' dir='ltr'><strong>se</strong></span> <span class='ocrx_word' id='word_1_48' title='bbox 967 633 1209 698; x_wconf 89' lang='lat' dir='ltr'><strong>obligant</strong></span> <span class='ocrx_word' id='word_1_49' title='bbox 1237 635 1306 684; x_wconf 90' lang='lat' dir='ltr'><strong>ad</strong></span> <span class='ocrx_word' id='word_1_50' title='bbox 1348 635 1618 685; x_wconf 87' lang='lat' dir='ltr'><strong>civitatem</strong></span> <span class='ocrx_word' id='word_1_51' title='bbox 1659 635 1800 685; x_wconf 93' lang='lat' dir='ltr'><strong>bene</strong></span> <span class='ocrx_word' id='word_1_52' title='bbox 1828 635 2120 702; x_wconf 90' lang='lat' dir='ltr'><strong>regendam</strong></span> 
     </span>
     <span class='ocr_line' id='line_1_7' title="bbox 203 712 1836 779; baseline 0.004 -18"><span class='ocrx_word' id='word_1_53' title='bbox 203 721 255 762; x_wconf 86' lang='lat' dir='ltr'><strong>et</strong></span> <span class='ocrx_word' id='word_1_54' title='bbox 295 712 365 762; x_wconf 92' lang='lat' dir='ltr'><strong>illi</strong></span> <span class='ocrx_word' id='word_1_55' title='bbox 406 713 473 762; x_wconf 93' lang='lat' dir='ltr'><strong>ad</strong></span> <span class='ocrx_word' id='word_1_56' title='bbox 517 713 814 779; x_wconf 86' lang='lat' dir='ltr'><strong>parendum</strong></span> <span class='ocrx_word' id='word_1_57' title='bbox 855 714 906 764; x_wconf 86' lang='lat' dir='ltr'><strong>in</strong></span> <span class='ocrx_word' id='word_1_58' title='bbox 948 716 1134 766; x_wconf 78' lang='lat' dir='ltr'>ordine</span> <span class='ocrx_word' id='word_1_59' title='bbox 1176 717 1243 766; x_wconf 86' lang='lat' dir='ltr'><strong>ad</strong></span> <span class='ocrx_word' id='word_1_60' title='bbox 1286 717 1488 767; x_wconf 86' lang='lat' dir='ltr'><strong>bonum</strong></span> <span class='ocrx_word' id='word_1_61' title='bbox 1531 735 1836 768; x_wconf 88' lang='lat' dir='ltr'><strong>commune.</strong></span> 
     </span>
    </p>
   </div>
   <div class='ocr_carea' id='block_1_3' title="bbox 886 875 1474 924">
    <p class='ocr_par' dir='ltr' id='par_1_3' title="bbox 886 875 1474 924">
     <span class='ocr_line' id='line_1_8' title="bbox 886 875 1474 924; baseline 0.003 -2"><span class='ocrx_word' id='word_1_62' title='bbox 886 875 1156 924; x_wconf 89' lang='lat' dir='ltr'>THESIS</span> <span class='ocrx_word' id='word_1_63' title='bbox 1194 877 1474 924; x_wconf 90' lang='lat' dir='ltr'><strong>LXXVII.</strong></span> 
     </span>
    </p>
   </div>
   <div class='ocr_carea' id='block_1_4' title="bbox 204 985 2114 1123">
    <p class='ocr_par' dir='ltr' id='par_1_4' title="bbox 204 985 2114 1123">
     <span class='ocr_line' id='line_1_9' title="bbox 206 985 2114 1049; baseline 0.003 -17"><span class='ocrx_word' id='word_1_64' title='bbox 206 987 353 1039; x_wconf 85' lang='lat'><strong>493·</strong></span> <span class='ocrx_word' id='word_1_65' title='bbox 438 985 745 1034; x_wconf 83' lang='lat' dir='ltr'>Vinculum</span> <span class='ocrx_word' id='word_1_66' title='bbox 775 986 1092 1043; x_wconf 67' lang='lat' dir='ltr'><strong>iux-micum,</strong></span> <span class='ocrx_word' id='word_1_67' title='bbox 1133 1002 1243 1049; x_wconf 90' lang='lat' dir='ltr'><strong>quo</strong></span> <span class='ocrx_word' id='word_1_68' title='bbox 1270 987 1510 1035; x_wconf 87' lang='lat' dir='ltr'><strong>societas</strong></span> <span class='ocrx_word' id='word_1_69' title='bbox 1538 987 1713 1036; x_wconf 89' lang='lat' dir='ltr'><strong>civilis</strong></span> <span class='ocrx_word' id='word_1_70' title='bbox 1739 989 2114 1047; x_wconf 82' lang='lat' dir='ltr'><strong>constituitur,</strong></span> 
     </span>
     <span class='ocr_line' id='line_1_10' title="bbox 204 1059 2028 1123; baseline 0.004 -18"><span class='ocrx_word' id='word_1_71' title='bbox 204 1059 333 1106; x_wconf 88' lang='lat' dir='ltr'><strong>oriri</strong></span> <span class='ocrx_word' id='word_1_72' title='bbox 371 1060 565 1122; x_wconf 89' lang='lat' dir='ltr'><strong>nequit</strong></span> <span class='ocrx_word' id='word_1_73' title='bbox 602 1075 668 1108; x_wconf 87' lang='lat' dir='ltr'><strong>ex</strong></span> <span class='ocrx_word' id='word_1_74' title='bbox 703 1069 869 1122; x_wconf 89' lang='lat' dir='ltr'><strong>pacto</strong></span> <span class='ocrx_word' id='word_1_75' title='bbox 909 1068 970 1109; x_wconf 93' lang='lat' dir='ltr'><strong>ut</strong></span> <span class='ocrx_word' id='word_1_76' title='bbox 1007 1076 1178 1109; x_wconf 83' lang='lat' dir='ltr'><strong>causa</strong></span> <span class='ocrx_word' id='word_1_77' title='bbox 1214 1062 1471 1123; x_wconf 85' lang='lat' dir='ltr'><strong>proxima</strong></span> <span class='ocrx_word' id='word_1_78' title='bbox 1507 1078 1611 1123; x_wconf 86' lang='lat' dir='ltr'><strong>per</strong></span> <span class='ocrx_word' id='word_1_79' title='bbox 1648 1078 1710 1111; x_wconf 89' lang='lat' dir='ltr'><strong>se</strong></span> <span class='ocrx_word' id='word_1_80' title='bbox 1749 1064 2028 1112; x_wconf 86' lang='lat' dir='ltr'><strong>efficienti.</strong></span> 
     </span>
    </p>
   </div>
   <div class='ocr_carea' id='block_1_5' title="bbox 202 1178 2116 1495">
    <p class='ocr_par' dir='ltr' id='par_1_5' title="bbox 202 1178 2116 1495">
     <span class='ocr_line' id='line_1_11' title="bbox 280 1178 2116 1246; baseline 0.004 -22"><span class='ocrx_word' id='word_1_81' title='bbox 280 1178 444 1226; x_wconf 88' lang='lat' dir='ltr'><strong>Prob.</strong></span> <span class='ocrx_word' id='word_1_82' title='bbox 487 1194 526 1226; x_wconf 90' lang='lat'><strong>1.</strong></span> <span class='ocrx_word' id='word_1_83' title='bbox 620 1178 897 1246; x_wconf 89' lang='lat' dir='ltr'><strong>Obligatio</strong></span> <span class='ocrx_word' id='word_1_84' title='bbox 950 1180 1197 1241; x_wconf 88' lang='lat' dir='ltr'><strong>iuridica‚</strong></span> <span class='ocrx_word' id='word_1_85' title='bbox 1253 1197 1358 1246; x_wconf 90' lang='lat' dir='ltr'><strong>qua</strong></span> <span class='ocrx_word' id='word_1_86' title='bbox 1409 1181 1639 1230; x_wconf 87' lang='lat' dir='ltr'><strong>societas</strong></span> <span class='ocrx_word' id='word_1_87' title='bbox 1681 1180 1846 1231; x_wconf 88' lang='lat' dir='ltr'><strong>civilis</strong></span> <span class='ocrx_word' id='word_1_88' title='bbox 1893 1182 2116 1243; x_wconf 80' lang='lat' dir='ltr'><strong>exsistit,</strong></span> 
     </span>
     <span class='ocr_line' id='line_1_12' title="bbox 204 1261 2113 1330; baseline 0.003 -22"><span class='ocrx_word' id='word_1_89' title='bbox 204 1276 391 1310; x_wconf 87' lang='lat' dir='ltr'><strong>omnes</strong></span> <span class='ocrx_word' id='word_1_90' title='bbox 432 1261 482 1310; x_wconf 89' lang='lat' dir='ltr'><strong>in</strong></span> <span class='ocrx_word' id='word_1_91' title='bbox 524 1261 702 1328; x_wconf 91' lang='lat' dir='ltr'><strong>aliquo</strong></span> <span class='ocrx_word' id='word_1_92' title='bbox 743 1263 1005 1312; x_wconf 90' lang='lat' dir='ltr'><strong>territorio</strong></span> <span class='ocrx_word' id='word_1_93' title='bbox 1047 1261 1199 1312; x_wconf 87' lang='lat' dir='ltr'><strong>simul</strong></span> <span class='ocrx_word' id='word_1_94' title='bbox 1243 1262 1480 1312; x_wconf 85' lang='lat' dir='ltr'><strong>viventes</strong></span> <span class='ocrx_word' id='word_1_95' title='bbox 1522 1272 1782 1329; x_wconf 92' lang='lat' dir='ltr'><strong>perpetuo</strong></span> <span class='ocrx_word' id='word_1_96' title='bbox 1812 1264 2113 1330; x_wconf 83' lang='lat' dir='ltr'><strong>obstringit.</strong></span> 
     </span>
     <span class='ocr_line' id='line_1_13' title="bbox 202 1341 2116 1413; baseline 0.003 -22"><span class='ocrx_word' id='word_1_97' title='bbox 202 1341 373 1408; x_wconf 76' lang='lat' dir='ltr'><strong>Alqm&#39;</strong></span> <span class='ocrx_word' id='word_1_98' title='bbox 422 1343 540 1393; x_wconf 92' lang='lat' dir='ltr'><strong>talis</strong></span> <span class='ocrx_word' id='word_1_99' title='bbox 593 1344 853 1410; x_wconf 79' lang='lat' dir='ltr'><strong>obligatio</strong></span> <span class='ocrx_word' id='word_1_100' title='bbox 905 1343 1212 1394; x_wconf 79' lang='lat' dir='ltr'><strong>universalis</strong></span> <span class='ocrx_word' id='word_1_101' title='bbox 1264 1354 1317 1394; x_wconf 91' lang='lat' dir='ltr'><strong>et</strong></span> <span class='ocrx_word' id='word_1_102' title='bbox 1369 1353 1620 1395; x_wconf 77' lang='lat' dir='ltr'><strong>constans</strong></span> <span class='ocrx_word' id='word_1_103' title='bbox 1672 1363 1742 1395; x_wconf 79' lang='lat' dir='ltr'><strong>ex</strong></span> <span class='ocrx_word' id='word_1_104' title='bbox 1795 1356 1955 1413; x_wconf 89' lang='lat' dir='ltr'><strong>pacto</strong></span> <span class='ocrx_word' id='word_1_105' title='bbox 1998 1346 2116 1396; x_wconf 90' lang='lat' dir='ltr'><strong>oriri</strong></span> 
     </span>
     <span class='ocr_line' id='line_1_14' title="bbox 204 1426 2013 1495; baseline 0.003 -22"><span class='ocrx_word' id='word_1_106' title='bbox 204 1426 401 1491; x_wconf 89' lang='lat' dir='ltr'><strong>nequit.</strong></span> <span class='ocrx_word' id='word_1_107' title='bbox 482 1426 636 1491; x_wconf 67' lang='lat' dir='ltr'><strong>Ergo</strong></span> <span class='ocrx_word' id='word_1_108' title='bbox 679 1426 938 1492; x_wconf 79' lang='lat' dir='ltr'><strong>obligatio</strong></span> <span class='ocrx_word' id='word_1_109' title='bbox 981 1426 1067 1476; x_wconf 83' lang='lat' dir='ltr'><strong>illa</strong></span> <span class='ocrx_word' id='word_1_110' title='bbox 1107 1428 1327 1477; x_wconf 89' lang='lat' dir='ltr'><strong>iuridica</strong></span> <span class='ocrx_word' id='word_1_111' title='bbox 1370 1444 1475 1477; x_wconf 92' lang='lat' dir='ltr'><strong>non</strong></span> <span class='ocrx_word' id='word_1_112' title='bbox 1520 1429 1685 1477; x_wconf 83' lang='lat' dir='ltr'><strong>oritur</strong></span> <span class='ocrx_word' id='word_1_113' title='bbox 1725 1445 1795 1478; x_wconf 75' lang='lat' dir='ltr'><strong>ex</strong></span> <span class='ocrx_word' id='word_1_114' title='bbox 1836 1436 2013 1495; x_wconf 88' lang='lat' dir='ltr'><strong>pactO.</strong></span> 
     </span>
    </p>
   </div>
   <div class='ocr_carea' id='block_1_6' title="bbox 191 1521 2114 3418">
    <p class='ocr_par' dir='ltr' id='par_1_6' title="bbox 200 1521 2114 1838">
     <span class='ocr_line' id='line_1_15' title="bbox 275 1521 2114 1591; baseline 0.003 -21"><span class='ocrx_word' id='word_1_115' title='bbox 275 1521 434 1573; x_wconf 69' lang='lat' dir='ltr'><strong>Proh.</strong></span> <span class='ocrx_word' id='word_1_116' title='bbox 479 1523 604 1573; x_wconf 73' lang='lat' dir='ltr'><strong>min.</strong></span> <span class='ocrx_word' id='word_1_117' title='bbox 685 1524 907 1574; x_wconf 90' lang='lat' dir='ltr'><strong>Pactum</strong></span> <span class='ocrx_word' id='word_1_118' title='bbox 959 1524 1087 1574; x_wconf 91' lang='lat' dir='ltr'><strong>illud</strong></span> <span class='ocrx_word' id='word_1_119' title='bbox 1141 1524 1432 1591; x_wconf 73' lang='lat' dir='ltr'><strong>obligaret,</strong></span> <span class='ocrx_word' id='word_1_120' title='bbox 1486 1524 1566 1574; x_wconf 76' lang='lat' dir='ltr'><strong>vel</strong></span> <span class='ocrx_word' id='word_1_121' title='bbox 1626 1540 1666 1575; x_wconf 90' lang='lat'><strong>1.</strong></span> <span class='ocrx_word' id='word_1_122' title='bbox 1711 1525 1834 1591; x_wconf 90' lang='lat' dir='ltr'><strong>quia</strong></span> <span class='ocrx_word' id='word_1_123' title='bbox 1875 1543 1905 1575; x_wconf 92' lang='lat' dir='ltr'><strong>a</strong></span> <span class='ocrx_word' id='word_1_124' title='bbox 1956 1527 2114 1575; x_wconf 89' lang='lat' dir='ltr'><strong>maio-</strong></span> 
     </span>
     <span class='ocr_line' id='line_1_16' title="bbox 201 1604 2114 1673; baseline 0.003 -20"><span class='ocrx_word' id='word_1_125' title='bbox 201 1604 344 1654; x_wconf 81' lang='lat' dir='ltr'><strong>ribus</strong></span> <span class='ocrx_word' id='word_1_126' title='bbox 384 1605 549 1655; x_wconf 90' lang='lat' dir='ltr'><strong>semel</strong></span> <span class='ocrx_word' id='word_1_127' title='bbox 591 1624 689 1672; x_wconf 89' lang='lat' dir='ltr'><strong>pro</strong></span> <span class='ocrx_word' id='word_1_128' title='bbox 731 1623 943 1673; x_wconf 88' lang='lat' dir='ltr'><strong>semper</strong></span> <span class='ocrx_word' id='word_1_129' title='bbox 983 1607 1168 1657; x_wconf 88' lang='lat' dir='ltr'><strong>initum</strong></span> <span class='ocrx_word' id='word_1_130' title='bbox 1211 1616 1306 1668; x_wconf 89' lang='lat' dir='ltr'><strong>est,</strong></span> <span class='ocrx_word' id='word_1_131' title='bbox 1350 1607 1433 1657; x_wconf 80' lang='lat' dir='ltr'><strong>vel</strong></span> <span class='ocrx_word' id='word_1_132' title='bbox 1478 1621 1523 1657; x_wconf 85' lang='lat'><strong>2.</strong></span> <span class='ocrx_word' id='word_1_133' title='bbox 1570 1608 1691 1673; x_wconf 90' lang='lat' dir='ltr'><strong>quia</strong></span> <span class='ocrx_word' id='word_1_134' title='bbox 1719 1609 2020 1658; x_wconf 82' lang='lat' dir='ltr'><strong>successive</strong></span> <span class='ocrx_word' id='word_1_135' title='bbox 2061 1617 2114 1658; x_wconf 90' lang='lat' dir='ltr'><strong>et</strong></span> 
     </span>
     <span class='ocr_line' id='line_1_17' title="bbox 200 1688 2114 1756; baseline 0.002 -20"><span class='ocrx_word' id='word_1_136' title='bbox 200 1688 455 1737; x_wconf 90' lang='lat' dir='ltr'><strong>continuo</strong></span> <span class='ocrx_word' id='word_1_137' title='bbox 499 1706 592 1755; x_wconf 89' lang='lat' dir='ltr'><strong>per</strong></span> <span class='ocrx_word' id='word_1_138' title='bbox 632 1689 853 1739; x_wconf 89' lang='lat' dir='ltr'><strong>tacitum</strong></span> <span class='ocrx_word' id='word_1_139' title='bbox 896 1707 1216 1740; x_wconf 88' lang='lat' dir='ltr'><strong>consensum</strong></span> <span class='ocrx_word' id='word_1_140' title='bbox 1256 1690 1411 1739; x_wconf 87' lang='lat' dir='ltr'><strong>initur</strong></span> <span class='ocrx_word' id='word_1_141' title='bbox 1453 1689 1533 1739; x_wconf 83' lang='lat' dir='ltr'><strong>vel</strong></span> <span class='ocrx_word' id='word_1_142' title='bbox 1576 1697 1874 1740; x_wconf 88' lang='lat' dir='ltr'><strong>renovatur.</strong></span> <span class='ocrx_word' id='word_1_143' title='bbox 1944 1690 2114 1756; x_wconf 75' lang='lat' dir='ltr'><em>Atqui</em></span> 
     </span>
     <span class='ocr_line' id='line_1_18' title="bbox 200 1771 825 1838; baseline 0.003 -19"><span class='ocrx_word' id='word_1_144' title='bbox 200 1778 444 1820; x_wconf 90' lang='lat' dir='ltr'><strong>neutrum</strong></span> <span class='ocrx_word' id='word_1_145' title='bbox 486 1771 590 1821; x_wconf 89' lang='lat' dir='ltr'><strong>dici</strong></span> <span class='ocrx_word' id='word_1_146' title='bbox 632 1780 825 1838; x_wconf 86' lang='lat' dir='ltr'><strong>potest.</strong></span> 
     </span>
    </p>

    <p class='ocr_par' dir='ltr' id='par_1_7' title="bbox 194 1860 2111 2752">
     <span class='ocr_line' id='line_1_19' title="bbox 274 1860 2109 1928; baseline 0.001 -20"><span class='ocrx_word' id='word_1_147' title='bbox 274 1860 398 1909; x_wconf 83' lang='lat' dir='ltr'><strong>Non</strong></span> <span class='ocrx_word' id='word_1_148' title='bbox 443 1861 724 1926; x_wconf 67' lang='lat' dir='ltr'><strong>primum,-</strong></span> <span class='ocrx_word' id='word_1_149' title='bbox 785 1879 908 1910; x_wconf 90' lang='lat' dir='ltr'><strong>nam</strong></span> <span class='ocrx_word' id='word_1_150' title='bbox 965 1860 1068 1911; x_wconf 89' lang='lat' dir='ltr'><strong>tale</strong></span> <span class='ocrx_word' id='word_1_151' title='bbox 1129 1870 1343 1928; x_wconf 86' lang='lat' dir='ltr'><strong>pactum</strong></span> <span class='ocrx_word' id='word_1_152' title='bbox 1404 1870 1651 1928; x_wconf 90' lang='lat' dir='ltr'><strong>posteros</strong></span> <span class='ocrx_word' id='word_1_153' title='bbox 1708 1860 1947 1927; x_wconf 86' lang='lat' dir='ltr'><strong>obligare</strong></span> <span class='ocrx_word' id='word_1_154' title='bbox 2002 1878 2109 1911; x_wconf 93' lang='lat' dir='ltr'><strong>non</strong></span> 
     </span>
     <span class='ocr_line' id='line_1_20' title="bbox 197 1943 2111 2010; baseline 0.001 -19"><span class='ocrx_word' id='word_1_155' title='bbox 197 1943 387 2007; x_wconf 89' lang='lat' dir='ltr'><strong>potuit.</strong></span> <span class='ocrx_word' id='word_1_156' title='bbox 470 1943 698 1994; x_wconf 85' lang='lat' dir='ltr'><strong>Possunt</strong></span> <span class='ocrx_word' id='word_1_157' title='bbox 739 1944 957 2010; x_wconf 89' lang='lat' dir='ltr'><strong>quidem</strong></span> <span class='ocrx_word' id='word_1_158' title='bbox 1009 1945 1273 1994; x_wconf 89' lang='lat' dir='ltr'><strong>interdum</strong></span> <span class='ocrx_word' id='word_1_159' title='bbox 1329 1945 1528 2010; x_wconf 80' lang='lat' dir='ltr'><strong>posteri</strong></span> <span class='ocrx_word' id='word_1_160' title='bbox 1568 1944 1748 2010; x_wconf 89' lang='lat' dir='ltr'><strong>aliquo</strong></span> <span class='ocrx_word' id='word_1_161' title='bbox 1801 1944 2111 2010; x_wconf 88' lang='lat' dir='ltr'><strong>praedeces-</strong></span> 
     </span>
     <span class='ocr_line' id='line_1_21' title="bbox 196 2026 2111 2093; baseline 0.001 -20"><span class='ocrx_word' id='word_1_162' title='bbox 196 2041 377 2074; x_wconf 85' lang='lat' dir='ltr'><strong>sorum</strong></span> <span class='ocrx_word' id='word_1_163' title='bbox 430 2033 591 2092; x_wconf 88' lang='lat' dir='ltr'><strong>pacto</strong></span> <span class='ocrx_word' id='word_1_164' title='bbox 634 2026 885 2092; x_wconf 87' lang='lat' dir='ltr'><strong>obligari;</strong></span> <span class='ocrx_word' id='word_1_165' title='bbox 941 2027 994 2076; x_wconf 89' lang='lat' dir='ltr'><strong>id</strong></span> <span class='ocrx_word' id='word_1_166' title='bbox 1051 2035 1229 2076; x_wconf 89' lang='lat' dir='ltr'><strong>tamen</strong></span> <span class='ocrx_word' id='word_1_167' title='bbox 1282 2044 1577 2093; x_wconf 86' lang='lat' dir='ltr'><strong>numquam</strong></span> <span class='ocrx_word' id='word_1_168' title='bbox 1630 2026 1830 2087; x_wconf 89' lang='lat' dir='ltr'><strong>evenit,</strong></span> <span class='ocrx_word' id='word_1_169' title='bbox 1885 2027 1982 2076; x_wconf 90' lang='lat' dir='ltr'><strong>nisi</strong></span> <span class='ocrx_word' id='word_1_170' title='bbox 2021 2026 2111 2076; x_wconf 91' lang='lat' dir='ltr'><strong>ubi</strong></span> 
     </span>
     <span class='ocr_line' id='line_1_22' title="bbox 199 2105 2110 2175; baseline 0.001 -19"><span class='ocrx_word' id='word_1_171' title='bbox 199 2105 377 2173; x_wconf 89' lang='lat' dir='ltr'><strong>aliqua</strong></span> <span class='ocrx_word' id='word_1_172' title='bbox 417 2110 772 2159; x_wconf 87' lang='lat' dir='ltr'><strong>communitas</strong></span> <span class='ocrx_word' id='word_1_173' title='bbox 812 2109 924 2158; x_wconf 75' lang='lat' dir='ltr'><strong>jam</strong></span> <span class='ocrx_word' id='word_1_174' title='bbox 968 2110 1246 2159; x_wconf 72' lang='lat' dir='ltr'><strong>consliz‘um</strong></span> <span class='ocrx_word' id='word_1_175' title='bbox 1299 2118 1575 2175; x_wconf 85' lang='lat' dir='ltr'><strong>tamquam</strong></span> <span class='ocrx_word' id='word_1_176' title='bbox 1628 2126 1857 2175; x_wconf 85' lang='lat' dir='ltr'><strong>persona</strong></span> <span class='ocrx_word' id='word_1_177' title='bbox 1897 2106 2110 2158; x_wconf 87' lang='lat' dir='ltr'><strong>moralis</strong></span> 
     </span>
     <span class='ocr_line' id='line_1_23' title="bbox 199 2191 2110 2257; baseline 0.001 -19"><span class='ocrx_word' id='word_1_178' title='bbox 199 2198 251 2238; x_wconf 91' lang='lat' dir='ltr'><strong>et</strong></span> <span class='ocrx_word' id='word_1_179' title='bbox 291 2199 553 2257; x_wconf 89' lang='lat' dir='ltr'><strong>perpetua</strong></span> <span class='ocrx_word' id='word_1_180' title='bbox 595 2209 714 2242; x_wconf 89' lang='lat' dir='ltr'><strong>cum</strong></span> <span class='ocrx_word' id='word_1_181' title='bbox 757 2191 857 2241; x_wconf 89' lang='lat' dir='ltr'><strong>alia</strong></span> <span class='ocrx_word' id='word_1_182' title='bbox 885 2192 1270 2242; x_wconf 88' lang='lat' dir='ltr'><strong>communitate</strong></span> <span class='ocrx_word' id='word_1_183' title='bbox 1297 2191 1380 2241; x_wconf 85' lang='lat' dir='ltr'><strong>vel</strong></span> <span class='ocrx_word' id='word_1_184' title='bbox 1423 2209 1542 2242; x_wconf 90' lang='lat' dir='ltr'><strong>cum</strong></span> <span class='ocrx_word' id='word_1_185' title='bbox 1572 2191 1842 2241; x_wconf 85' lang='lat' dir='ltr'><strong>individua</strong></span> <span class='ocrx_word' id='word_1_186' title='bbox 1882 2207 2110 2257; x_wconf 90' lang='lat' dir='ltr'><strong>persona</strong></span> 
     </span>
     <span class='ocr_line' id='line_1_24' title="bbox 197 2273 2108 2340; baseline 0.001 -19"><span class='ocrx_word' id='word_1_187' title='bbox 197 2273 494 2338; x_wconf 88' lang='lat' dir='ltr'><strong>paciscitur.</strong></span> <span class='ocrx_word' id='word_1_188' title='bbox 576 2274 655 2324; x_wconf 84' lang='lat' dir='ltr'><strong>At</strong></span> <span class='ocrx_word' id='word_1_189' title='bbox 695 2292 822 2324; x_wconf 93' lang='lat' dir='ltr'><strong>vero</strong></span> <span class='ocrx_word' id='word_1_190' title='bbox 866 2273 934 2323; x_wconf 90' lang='lat' dir='ltr'><strong>illi</strong></span> <span class='ocrx_word' id='word_1_191' title='bbox 987 2275 1139 2340; x_wconf 87' lang='lat' dir='ltr'><strong>primi</strong></span> <span class='ocrx_word' id='word_1_192' title='bbox 1182 2275 1405 2324; x_wconf 88' lang='lat' dir='ltr'><strong>civitatis</strong></span> <span class='ocrx_word' id='word_1_193' title='bbox 1459 2274 1770 2323; x_wconf 84' lang='lat' dir='ltr'><strong>fundatores</strong></span> <span class='ocrx_word' id='word_1_194' title='bbox 1821 2290 1891 2323; x_wconf 83' lang='lat' dir='ltr'><strong>ex</strong></span> <span class='ocrx_word' id='word_1_195' title='bbox 1941 2273 2108 2338; x_wconf 91' lang='lat' dir='ltr'><strong>hypo-</strong></span> 
     </span>
     <span class='ocr_line' id='line_1_25' title="bbox 195 2354 2107 2421; baseline 0.001 -18"><span class='ocrx_word' id='word_1_196' title='bbox 195 2354 331 2405; x_wconf 89' lang='lat' dir='ltr'><strong>thesi</strong></span> <span class='ocrx_word' id='word_1_197' title='bbox 387 2356 628 2406; x_wconf 89' lang='lat' dir='ltr'><strong>nondum</strong></span> <span class='ocrx_word' id='word_1_198' title='bbox 684 2364 833 2407; x_wconf 89' lang='lat' dir='ltr'><strong>erant</strong></span> <span class='ocrx_word' id='word_1_199' title='bbox 889 2357 939 2406; x_wconf 90' lang='lat' dir='ltr'><strong>in</strong></span> <span class='ocrx_word' id='word_1_200' title='bbox 995 2357 1309 2407; x_wconf 89' lang='lat' dir='ltr'><strong>societatem</strong></span> <span class='ocrx_word' id='word_1_201' title='bbox 1367 2357 1662 2417; x_wconf 91' lang='lat' dir='ltr'><strong>coniuncti,</strong></span> <span class='ocrx_word' id='word_1_202' title='bbox 1724 2356 1819 2405; x_wconf 92' lang='lat' dir='ltr'><strong>sed</strong></span> <span class='ocrx_word' id='word_1_203' title='bbox 1883 2354 2107 2421; x_wconf 90' lang='lat' dir='ltr'><strong>«singuli</strong></span> 
     </span>
     <span class='ocr_line' id='line_1_26' title="bbox 195 2437 2107 2505; baseline 0 -19"><span class='ocrx_word' id='word_1_204' title='bbox 195 2454 318 2487; x_wconf 90' lang='lat' dir='ltr'><strong>cum</strong></span> <span class='ocrx_word' id='word_1_205' title='bbox 358 2438 609 2505; x_wconf 86' lang='lat' dir='ltr'><strong>singulis»</strong></span> <span class='ocrx_word' id='word_1_206' title='bbox 657 2439 1060 2490; x_wconf 91' lang='lat' dir='ltr'><strong>contrahebant.</strong></span> <span class='ocrx_word' id='word_1_207' title='bbox 1126 2437 1336 2504; x_wconf 69' lang='lat' dir='ltr'><strong>Quodsi</strong></span> <span class='ocrx_word' id='word_1_208' title='bbox 1378 2448 1556 2488; x_wconf 88' lang='lat' dir='ltr'><strong>aut-em</strong></span> <span class='ocrx_word' id='word_1_209' title='bbox 1597 2448 1868 2504; x_wconf 86' lang='lat' dir='ltr'><strong>tamquam</strong></span> <span class='ocrx_word' id='word_1_210' title='bbox 1911 2447 2107 2503; x_wconf 88' lang='lat' dir='ltr'><strong>patres-</strong></span> 
     </span>
     <span class='ocr_line' id='line_1_27' title="bbox 195 2519 2107 2588; baseline 0 -20"><span class='ocrx_word' id='word_1_211' title='bbox 195 2519 416 2571; x_wconf 89' lang='lat' dir='ltr'><strong>familias</strong></span> <span class='ocrx_word' id='word_1_212' title='bbox 456 2521 509 2571; x_wconf 92' lang='lat' dir='ltr'><strong>id</strong></span> <span class='ocrx_word' id='word_1_213' title='bbox 551 2521 737 2572; x_wconf 90' lang='lat' dir='ltr'><strong>fecisse</strong></span> <span class='ocrx_word' id='word_1_214' title='bbox 771 2522 1029 2583; x_wconf 90' lang='lat' dir='ltr'><strong>dicantur,</strong></span> <span class='ocrx_word' id='word_1_215' title='bbox 1074 2529 1322 2587; x_wconf 86' lang='lat' dir='ltr'><strong>poterant</strong></span> <span class='ocrx_word' id='word_1_216' title='bbox 1351 2522 1568 2588; x_wconf 90' lang='lat' dir='ltr'><strong>quidem</strong></span> <span class='ocrx_word' id='word_1_217' title='bbox 1598 2520 1840 2570; x_wconf 90' lang='lat' dir='ltr'><strong>membra</strong></span> <span class='ocrx_word' id='word_1_218' title='bbox 1880 2519 2107 2569; x_wconf 90' lang='lat' dir='ltr'><strong>familiae</strong></span> 
     </span>
     <span class='ocr_line' id='line_1_28' title="bbox 197 2601 2105 2670; baseline -0.001 -18"><span class='ocrx_word' id='word_1_219' title='bbox 197 2602 453 2669; x_wconf 90' lang='lat' dir='ltr'><strong>obligare,</strong></span> <span class='ocrx_word' id='word_1_220' title='bbox 497 2606 750 2670; x_wconf 87' lang='lat' dir='ltr'><strong>quamdiu</strong></span> <span class='ocrx_word' id='word_1_221' title='bbox 793 2605 841 2654; x_wconf 90' lang='lat' dir='ltr'><strong>in</strong></span> <span class='ocrx_word' id='word_1_222' title='bbox 877 2605 1067 2654; x_wconf 88' lang='lat' dir='ltr'><strong>eadem</strong></span> <span class='ocrx_word' id='word_1_223' title='bbox 1109 2604 1414 2665; x_wconf 87' lang='lat' dir='ltr'><strong>manebant,</strong></span> <span class='ocrx_word' id='word_1_224' title='bbox 1458 2621 1565 2653; x_wconf 90' lang='lat' dir='ltr'><strong>non</strong></span> <span class='ocrx_word' id='word_1_225' title='bbox 1595 2620 1721 2653; x_wconf 75' lang='lat' dir='ltr'><strong>vero</strong></span> <span class='ocrx_word' id='word_1_226' title='bbox 1762 2610 2009 2668; x_wconf 90' lang='lat' dir='ltr'><strong>posteros</strong></span> <span class='ocrx_word' id='word_1_227' title='bbox 2036 2601 2105 2651; x_wconf 90' lang='lat' dir='ltr'><strong>ab</strong></span> 
     </span>
     <span class='ocr_line' id='line_1_29' title="bbox 194 2686 1290 2752; baseline 0.001 -17"><span class='ocrx_word' id='word_1_228' title='bbox 194 2702 256 2735; x_wconf 88' lang='lat' dir='ltr'><strong>ea</strong></span> <span class='ocrx_word' id='word_1_229' title='bbox 295 2686 399 2736; x_wconf 89' lang='lat' dir='ltr'><strong>iam</strong></span> <span class='ocrx_word' id='word_1_230' title='bbox 439 2696 714 2752; x_wconf 88' lang='lat' dir='ltr'><strong>separatos</strong></span> <span class='ocrx_word' id='word_1_231' title='bbox 755 2696 807 2737; x_wconf 88' lang='lat' dir='ltr'><strong>et</strong></span> <span class='ocrx_word' id='word_1_232' title='bbox 848 2687 1290 2752; x_wconf 89' lang='lat' dir='ltr'><strong>independentes.</strong></span> 
     </span>
    </p>

    <p class='ocr_par' dir='ltr' id='par_1_8' title="bbox 191 2773 2102 3418">
     <span class='ocr_line' id='line_1_30' title="bbox 267 2773 2102 2841; baseline -0.002 -16"><span class='ocrx_word' id='word_1_233' title='bbox 267 2776 391 2825; x_wconf 91' lang='lat' dir='ltr'><strong>Non</strong></span> <span class='ocrx_word' id='word_1_234' title='bbox 432 2775 697 2839; x_wconf 50' lang='lat' dir='ltr'><strong>alternum</strong></span> <span class='ocrx_word' id='word_1_235' title='bbox 750 2793 873 2825; x_wconf 90' lang='lat' dir='ltr'><strong>nam</strong></span> <span class='ocrx_word' id='word_1_236' title='bbox 915 2778 963 2839; x_wconf 75' lang='lat' dir='ltr'><strong>a)</strong></span> <span class='ocrx_word' id='word_1_237' title='bbox 1004 2777 1056 2825; x_wconf 92' lang='lat' dir='ltr'><strong>in</strong></span> <span class='ocrx_word' id='word_1_238' title='bbox 1108 2776 1208 2825; x_wconf 89' lang='lat' dir='ltr'><strong>hac</strong></span> <span class='ocrx_word' id='word_1_239' title='bbox 1248 2775 1645 2841; x_wconf 89' lang='lat' dir='ltr'><strong>suppositione,</strong></span> <span class='ocrx_word' id='word_1_240' title='bbox 1701 2773 1792 2839; x_wconf 92' lang='lat' dir='ltr'><strong>qui</strong></span> <span class='ocrx_word' id='word_1_241' title='bbox 1831 2790 1939 2823; x_wconf 93' lang='lat' dir='ltr'><strong>non</strong></span> <span class='ocrx_word' id='word_1_242' title='bbox 1980 2790 2102 2823; x_wconf 90' lang='lat' dir='ltr'><strong>con-</strong></span> 
     </span>
     <span class='ocr_line' id='line_1_31' title="bbox 193 2856 2101 2924; baseline -0.002 -16"><span class='ocrx_word' id='word_1_243' title='bbox 193 2859 409 2908; x_wconf 88' lang='lat' dir='ltr'><strong>sentiret</strong></span> <span class='ocrx_word' id='word_1_244' title='bbox 449 2857 521 2908; x_wconf 90' lang='lat' dir='ltr'><strong>illi</strong></span> <span class='ocrx_word' id='word_1_245' title='bbox 560 2869 738 2924; x_wconf 88' lang='lat' dir='ltr'><strong>pacto,</strong></span> <span class='ocrx_word' id='word_1_246' title='bbox 789 2876 895 2908; x_wconf 92' lang='lat' dir='ltr'><strong>non</strong></span> <span class='ocrx_word' id='word_1_247' title='bbox 939 2857 1267 2924; x_wconf 88' lang='lat' dir='ltr'><strong>obligaretur</strong></span> <span class='ocrx_word' id='word_1_248' title='bbox 1308 2857 1585 2924; x_wconf 89' lang='lat' dir='ltr'><strong>cooperari</strong></span> <span class='ocrx_word' id='word_1_249' title='bbox 1625 2857 1677 2906; x_wconf 93' lang='lat' dir='ltr'><strong>in</strong></span> <span class='ocrx_word' id='word_1_250' title='bbox 1718 2856 1920 2905; x_wconf 85' lang='lat' dir='ltr'><strong>bonum</strong></span> <span class='ocrx_word' id='word_1_251' title='bbox 1961 2872 2101 2905; x_wconf 88' lang='lat' dir='ltr'><strong>com-</strong></span> 
     </span>
     <span class='ocr_line' id='line_1_32' title="bbox 193 2938 2102 3002; baseline -0.002 -12"><span class='ocrx_word' id='word_1_252' title='bbox 193 2958 380 3002; x_wconf 92' lang='lat' dir='ltr'><strong>mune,</strong></span> <span class='ocrx_word' id='word_1_253' title='bbox 435 2950 554 2991; x_wconf 92' lang='lat' dir='ltr'><strong>utut</strong></span> <span class='ocrx_word' id='word_1_254' title='bbox 605 2941 786 2990; x_wconf 83' lang='lat' dir='ltr'><strong>vivens</strong></span> <span class='ocrx_word' id='word_1_255' title='bbox 837 2942 887 2990; x_wconf 91' lang='lat' dir='ltr'><strong>in</strong></span> <span class='ocrx_word' id='word_1_256' title='bbox 942 2941 1118 2990; x_wconf 89' lang='lat' dir='ltr'><strong>media</strong></span> <span class='ocrx_word' id='word_1_257' title='bbox 1164 2941 1447 3001; x_wconf 86' lang='lat' dir='ltr'><strong>societate;</strong></span> <span class='ocrx_word' id='word_1_258' title='bbox 1503 2939 1560 3002; x_wconf 79' lang='lat' dir='ltr'><strong>b)</strong></span> <span class='ocrx_word' id='word_1_259' title='bbox 1602 2938 1687 2988; x_wconf 92' lang='lat' dir='ltr'><strong>ille</strong></span> <span class='ocrx_word' id='word_1_260' title='bbox 1729 2938 2009 2988; x_wconf 92' lang='lat' dir='ltr'><strong>continuus</strong></span> <span class='ocrx_word' id='word_1_261' title='bbox 2049 2946 2102 2987; x_wconf 92' lang='lat' dir='ltr'><strong>et</strong></span> 
     </span>
     <span class='ocr_line' id='line_1_33' title="bbox 192 3019 2098 3087; baseline -0.002 -15"><span class='ocrx_word' id='word_1_262' title='bbox 192 3023 383 3073; x_wconf 90' lang='lat' dir='ltr'><strong>tacitus</strong></span> <span class='ocrx_word' id='word_1_263' title='bbox 424 3040 716 3074; x_wconf 90' lang='lat' dir='ltr'><strong>consensus</strong></span> <span class='ocrx_word' id='word_1_264' title='bbox 757 3024 824 3072; x_wconf 87' lang='lat' dir='ltr'><strong>ab</strong></span> <span class='ocrx_word' id='word_1_265' title='bbox 854 3023 1103 3072; x_wconf 90' lang='lat' dir='ltr'><strong>omnibus</strong></span> <span class='ocrx_word' id='word_1_266' title='bbox 1132 3032 1185 3072; x_wconf 90' lang='lat' dir='ltr'><strong>et</strong></span> <span class='ocrx_word' id='word_1_267' title='bbox 1212 3021 1431 3087; x_wconf 90' lang='lat' dir='ltr'><strong>singulis</strong></span> <span class='ocrx_word' id='word_1_268' title='bbox 1461 3021 1663 3071; x_wconf 87' lang='lat' dir='ltr'><strong>civibus</strong></span> <span class='ocrx_word' id='word_1_269' title='bbox 1698 3020 1810 3069; x_wconf 89' lang='lat' dir='ltr'><strong>dari</strong></span> <span class='ocrx_word' id='word_1_270' title='bbox 1850 3019 2098 3082; x_wconf 87' lang='lat' dir='ltr'><strong>deberet;</strong></span> 
     </span>
     <span class='ocr_line' id='line_1_34' title="bbox 194 3100 2099 3171; baseline -0.003 -16"><span class='ocrx_word' id='word_1_271' title='bbox 194 3106 362 3155; x_wconf 89' lang='lat' dir='ltr'><strong>maior</strong></span> <span class='ocrx_word' id='word_1_272' title='bbox 389 3106 529 3155; x_wconf 88' lang='lat' dir='ltr'><strong>enim</strong></span> <span class='ocrx_word' id='word_1_273' title='bbox 569 3122 692 3171; x_wconf 88' lang='lat' dir='ltr'><strong>pars</strong></span> <span class='ocrx_word' id='word_1_274' title='bbox 720 3105 997 3154; x_wconf 88' lang='lat' dir='ltr'><strong>hominum</strong></span> <span class='ocrx_word' id='word_1_275' title='bbox 1026 3105 1500 3170; x_wconf 88' lang='lat' dir='ltr'><strong>independentium</strong></span> <span class='ocrx_word' id='word_1_276' title='bbox 1530 3104 1579 3152; x_wconf 88' lang='lat' dir='ltr'><strong>in</strong></span> <span class='ocrx_word' id='word_1_277' title='bbox 1611 3103 1870 3152; x_wconf 89' lang='lat' dir='ltr'><strong>minorem</strong></span> <span class='ocrx_word' id='word_1_278' title='bbox 1898 3100 2099 3150; x_wconf 91' lang='lat' dir='ltr'><strong>nullum</strong></span> 
     </span>
     <span class='ocr_line' id='line_1_35' title="bbox 191 3183 2099 3253; baseline -0.002 -17"><span class='ocrx_word' id='word_1_279' title='bbox 191 3188 269 3237; x_wconf 89' lang='lat' dir='ltr'><strong>ius</strong></span> <span class='ocrx_word' id='word_1_280' title='bbox 309 3187 475 3238; x_wconf 89' lang='lat' dir='ltr'><strong>habet</strong></span> <span class='ocrx_word' id='word_1_281' title='bbox 514 3188 612 3238; x_wconf 89' lang='lat' dir='ltr'><strong>nisi</strong></span> <span class='ocrx_word' id='word_1_282' title='bbox 653 3205 723 3237; x_wconf 77' lang='lat' dir='ltr'><strong>ex</strong></span> <span class='ocrx_word' id='word_1_283' title='bbox 763 3187 942 3253; x_wconf 90' lang='lat' dir='ltr'><strong>aliquo</strong></span> <span class='ocrx_word' id='word_1_284' title='bbox 984 3195 1145 3253; x_wconf 88' lang='lat' dir='ltr'><strong>pacto</strong></span> <span class='ocrx_word' id='word_1_285' title='bbox 1186 3186 1269 3236; x_wconf 91' lang='lat' dir='ltr'><strong>vel</strong></span> <span class='ocrx_word' id='word_1_286' title='bbox 1311 3186 1430 3251; x_wconf 90' lang='lat' dir='ltr'><strong>lege</strong></span> <span class='ocrx_word' id='word_1_287' title='bbox 1471 3192 1627 3235; x_wconf 90' lang='lat' dir='ltr'><strong>antea</strong></span> <span class='ocrx_word' id='word_1_288' title='bbox 1669 3183 1937 3234; x_wconf 89' lang='lat' dir='ltr'><strong>communi</strong></span> <span class='ocrx_word' id='word_1_289' title='bbox 1979 3200 2099 3233; x_wconf 90' lang='lat' dir='ltr'><strong>con-</strong></span> 
     </span>
     <span class='ocr_line' id='line_1_36' title="bbox 191 3266 2100 3335; baseline -0.002 -17"><span class='ocrx_word' id='word_1_290' title='bbox 191 3286 347 3320; x_wconf 88' lang='lat' dir='ltr'><strong>sensu</strong></span> <span class='ocrx_word' id='word_1_291' title='bbox 388 3271 635 3320; x_wconf 90' lang='lat' dir='ltr'><strong>admissa.</strong></span> <span class='ocrx_word' id='word_1_292' title='bbox 691 3270 863 3335; x_wconf 78' lang='lat' dir='ltr'><strong>Alqm&#39;</strong></span> <span class='ocrx_word' id='word_1_293' title='bbox 901 3269 1060 3319; x_wconf 89' lang='lat' dir='ltr'><strong>talem</strong></span> <span class='ocrx_word' id='word_1_294' title='bbox 1103 3285 1420 3318; x_wconf 88' lang='lat' dir='ltr'><strong>consensum</strong></span> <span class='ocrx_word' id='word_1_295' title='bbox 1453 3268 1520 3317; x_wconf 86' lang='lat' dir='ltr'><strong>ab</strong></span> <span class='ocrx_word' id='word_1_296' title='bbox 1550 3267 1797 3316; x_wconf 91' lang='lat' dir='ltr'><strong>omnibus</strong></span> <span class='ocrx_word' id='word_1_297' title='bbox 1837 3266 1963 3331; x_wconf 91' lang='lat' dir='ltr'><strong>poni</strong></span> <span class='ocrx_word' id='word_1_298' title='bbox 1992 3280 2100 3314; x_wconf 85' lang='lat' dir='ltr'><strong>non·</strong></span> 
     </span>
     <span class='ocr_line' id='line_1_37' title="bbox 192 3349 1904 3418; baseline -0.002 -16"><span class='ocrx_word' id='word_1_299' title='bbox 192 3352 367 3403; x_wconf 89' lang='lat' dir='ltr'><strong>solum</strong></span> <span class='ocrx_word' id='word_1_300' title='bbox 408 3354 571 3418; x_wconf 89' lang='lat' dir='ltr'><strong>gratis</strong></span> <span class='ocrx_word' id='word_1_301' title='bbox 611 3353 873 3413; x_wconf 89' lang='lat' dir='ltr'><strong>asseritur,</strong></span> <span class='ocrx_word' id='word_1_302' title='bbox 917 3352 1012 3401; x_wconf 90' lang='lat' dir='ltr'><strong>sed</strong></span> <span class='ocrx_word' id='word_1_303' title='bbox 1053 3350 1408 3417; x_wconf 90' lang='lat' dir='ltr'><strong>improbabile</strong></span> <span class='ocrx_word' id='word_1_304' title='bbox 1449 3357 1543 3399; x_wconf 91' lang='lat' dir='ltr'><strong>est.</strong></span> <span class='ocrx_word' id='word_1_305' title='bbox 1625 3349 1778 3414; x_wconf 71' lang='lat' dir='ltr'><strong>Ergo</strong></span> <span class='ocrx_word' id='word_1_306' title='bbox 1810 3390 1817 3398; x_wconf 93' lang='lat'><strong><em>.</em></strong></span> <span class='ocrx_word' id='word_1_307' title='bbox 1854 3390 1861 3397; x_wconf 95' lang='lat'>.</span> <span class='ocrx_word' id='word_1_308' title='bbox 1897 3391 1904 3398; x_wconf 97' lang='lat'>.</span> 
     </span>
    </p>
   </div>
  </div>
 </body>
</html>
