2182 3682
544 165 695 195 CAPUT
727 165 756 195 1.
806 165 869 193 DE
902 164 1012 193 FINE
1044 164 1226 193 ULTIMO
1259 165 1473 195 HOMINIS.
1894 168 1951 204 11

64 301 414 361 irrationales,
469 317 565 366 pro
606 316 701 349 sua
740 299 1142 365 imperfectione
1184 317 1292 349 non
1333 301 1429 349 nisi
1469 317 1630 349 unam
1671 300 1958 351 alteramve

64 384 448 451 perfectionem
487 381 757 430 imitentur
797 390 850 430 et
890 389 1303 446 repraesentent,
1347 382 1669 430 conveniens
1710 392 1845 444 erat,
1901 392 1959 433 ut

65 467 213 517 Deus
252 481 503 530 magnam
544 480 719 512 rerum
759 462 1153 512 multitudinem
1194 472 1248 511 et
1287 463 1597 512 varietatem
1639 473 1864 524 crearet,
1908 466 1959 514 in

65 547 258 614 quibus
298 545 556 612 perfectio
597 544 812 604 infinita,
857 561 995 609 quae
1035 545 1086 592 in
1127 544 1247 593 Deo
1289 545 1340 593 in
1380 561 1588 593 summa
1627 544 1960 610 simplicitate

65 629 345 679 coniuncta
384 635 491 687 est,
546 626 955 692 quodammodo
997 624 1266 690 explicata
1306 634 1359 675 et
1399 634 1623 674 extensa
1663 636 1957 692 appareret.

71 709 353 776 »Oportuit
405 725 520 758 esse
561 706 1002 773 multiplicitatem
1046 717 1098 757 et
1136 708 1445 757 varietatem
1484 708 1538 756 in
1578 708 1735 757 rebus
1777 710 1963 758 creatis

62 792 130 842 ad
171 791 291 852 hoc,
336 791 485 857 quod
525 790 844 839 inveniretur
883 790 934 838 in
976 790 1035 838 iis
1063 790 1166 838 Dei
1193 788 1482 838 similitudo
1513 789 1749 855 perfecta
1781 807 1958 839 secun-

63 874 190 923 dum
232 873 454 923 modum
493 890 678 922 suum«
727 870 802 934 (S.
856 871 1059 932 Tllom„
1105 870 1160 920 C.
1206 879 1348 936 gent.
1394 871 1423 921 l.
1471 885 1517 931 2,
1561 888 1604 920 c.
1648 872 1755 935 45).

73 1024 168 1064 IO·
284 1029 450 1068 PARS
471 1030 546 1068 IV.
590 1029 724 1066 Finis
759 1029 952 1066 ultimus
987 1031 1311 1066 creaturarum
1344 1028 1649 1066 rationalium
1683 1039 1780 1065 non
1805 1028 1962 1065 solum

66 1100 147 1137 est
175 1097 329 1147 gloria
366 1096 618 1144 objectiva,
654 1096 747 1134 sed
780 1096 923 1134 etiam
957 1094 1189 1133 formalis.

139 1199 304 1247 Prob.
345 1213 386 1245 1.
473 1195 761 1262 Quaelibet
802 1205 1039 1246 creatura
1080 1214 1178 1262 pro
1220 1197 1387 1246 modo
1429 1197 1735 1262 capacitatis
1762 1197 1832 1246 ad
1862 1196 1964 1246 Dei

66 1280 288 1347 gloriam
319 1290 377 1330 ut
416 1274 576 1330 finem
605 1279 848 1328 ultimum
889 1280 1176 1329 ordinatur.
1238 1279 1408 1345 Atqu?
1435 1288 1672 1328 creatura
1699 1278 1966 1329 rationalis

65 1380 238 1429 capax
290 1371 369 1412 est
421 1361 619 1427 gloriae
672 1360 903 1411 formalis
942 1361 1064 1411 Deo
1106 1361 1459 1410 exhibendae.
1540 1361 1694 1426 Ergo
1734 1361 1803 1411 ad
1845 1378 1961 1411 eam

65 1445 352 1495 ordinatur.

140 1536 305 1583 Prob.
344 1549 386 1582 2.
461 1534 611 1583 Deus
652 1534 884 1583 creando
925 1551 1076 1583 suam
1112 1534 1406 1583 bonitatem
1436 1534 1770 1583 manifestare
1798 1533 1963 1603 &soluit

66 1635 173 1666 non
213 1617 326 1677 sibi,
371 1623 430 1665 ut
469 1608 632 1682 patet,
676 1615 771 1665 sed
812 1615 941 1676 aliis,
987 1624 1039 1664 et
1080 1616 1299 1681 quidem
1340 1634 1404 1665 eo
1449 1617 1569 1676 fine,
1612 1625 1669 1665 ut
1709 1633 1961 1681 agnosca-

66 1707 172 1760 tur,
214 1707 445 1759 ametur‚
489 1698 746 1747 laudetur.
817 1692 1000 1763 *qum‘
1037 1697 1161 1747 solis
1202 1699 1452 1747 creaturis
1493 1698 1833 1748 rationalibus
1874 1698 1963 1748 tali

62 1781 226 1851 modo
266 1797 418 1830 suam
458 1780 755 1830 bonitatem
797 1779 1133 1830 manifestare
1175 1782 1365 1846 potuit.
1447 1781 1601 1845 Ergo
1648 1824 1654 1831 .
1704 1822 1710 1829 .

131 1869 289 1920 Pmb.
333 1870 459 1920 min.
540 1867 799 1934 Quamvis
840 1879 1108 1919 creaturae
1149 1870 1473 1920 irrationales
1500 1887 1595 1920 sua
1635 1870 1962 1936 perfectione

62 1952 293 2002 divinam
349 1952 646 2002 bonitatem
704 1960 1128 2018 repraesentent,
1200 1969 1317 2002 eam
1375 1962 1554 2002 tamen
1612 1970 1957 2019 cognoscere,

62 2052 240 2084 amare
281 2043 380 2085 etc.
425 2052 534 2084 non
573 2042 815 2100 possunt.

71 2194 166 2232 11.
272 2181 447 2232 Sclcol.
519 2181 573 2232 Si
602 2183 895 2248 quaeritur,
951 2200 1186 2250 quonam
1216 2183 1402 2232 ordine
1430 2182 1482 2232 hi
1511 2183 1617 2232 duo
1661 2183 1792 2232 fines
1831 2183 1965 2232 inter

62 2282 179 2315 sese
207 2264 454 2325 habeant,
487 2265 775 2314 dicendum
804 2273 885 2314 est
913 2264 1135 2331 gloriam
1164 2265 1266 2315 Dei
1295 2266 1614 2314 obiectivam
1643 2266 1711 2315 ad
1741 2264 1963 2331 gloriam

64 2336 364 2397 formalem
383 2340 628 2407 ordinari,
672 2355 728 2396 ut
768 2356 917 2413 patet
958 2365 1028 2396 ex
1067 2365 1176 2412 arg.
1211 2361 1256 2397 2.
1303 2355 1434 2413 part.
1479 2348 1592 2407 IV„
1637 2348 1708 2397 ita
1736 2356 1794 2397 ut
1832 2348 1965 2397 haec

64 2430 294 2497 sit-finis
333 2429 426 2496 qui
462 2428 708 2479 absolute
749 2429 966 2479 ultimus
1008 2430 1303 2490 creationis,
1330 2430 1469 2497 finis
1511 2430 1596 2479 cui
1631 2438 1810 2479 autem
1852 2431 1967 2496 ipsa

65 2512 242 2562 divina
282 2512 494 2562 bonitas
534 2512 564 2562 i.
609 2529 652 2562 e.
696 2511 860 2561 Deus.
933 2512 1136 2562 Omnes
1177 2512 1316 2581 enim
1359 2530 1439 2562 res
1480 2512 1709 2562 tendunt
1750 2513 1800 2562 in
1842 2513 1964 2562 divi-

64 2611 187 2644 nam
227 2593 624 2644 similitudinem
663 2594 799 2644 sicut
839 2595 891 2644 in
932 2582 1174 2644 ultimum
1205 2594 1381 2655 finem,
1426 2595 1559 2645 haec
1588 2604 1765 2644 autem
1794 2595 1964 2645 simili-

64 2677 196 2726 tudo
248 2677 299 2725 in
352 2677 600 2726 creaturis
653 2676 996 2726 rationalibus
1037 2677 1419 2743 perfectissima
1460 2686 1540 2727 est
1580 2686 1742 2743 atque
1784 2678 1852 2727 ad
1894 2694 1967 2726 ra-

67 2759 268 2808 tionem
308 2758 553 2824 imaginis
594 2759 802 2808 divinae
844 2760 1098 2809 bonitatis
1139 2760 1406 2825 pertingit.
1475 2760 1661 2824 Imago
1690 2760 1829 2809 enim
1859 2777 1966 2809 non

67 2840 149 2890 est
200 2840 471 2907 quaelibet
522 2841 838 2903 similitudO,
893 2842 988 2891 sed
1041 2841 1331 2892 similitudo
1385 2859 1638 2908 expressa
1690 2859 1759 2890 ex
1800 2840 1965 2890 altero

64 2923 363 2973 secundum
401 2924 637 2989 speciem
664 2923 749 2973 vel
777 2924 1026 2973 accidens
1054 2925 1324 2990 proprium
1356 2925 1553 2989 speciei
1583 2922 1658 2988 (S.
1699 2923 1882 2973 sltem.
1923 2938 1963 2983 Ι,

68 3022 118 3071 q.
162 3019 249 3069 93,
292 3022 336 3054 a.
390 3021 407 3055 I
458 3013 511 3055 et
551 3007 621 3069 6).
702 3005 861 3055 Entia
913 3016 1089 3056 autem
1147 3005 1419 3056 rationalia
1470 3005 1586 3056 sola
1636 3013 1758 3055 sunt
1808 3022 1966 3054 sensu

67 3088 282 3153 proprio
310 3088 570 3153 imagines
594 3088 710 3149 Dei,
743 3098 1007 3154 quatenus
1028 3087 1345 3154 intellegunt
1367 3096 1419 3138 et
1440 3095 1636 3147 amant,
1662 3095 1714 3136 et
1736 3088 1967 3136 maxime

67 3177 331 3234 quatenus
370 3170 687 3236 intellegunt
727 3178 781 3220 et
821 3179 1002 3220 amant
1041 3171 1214 3236 ipsum
1257 3170 1450 3220 Deum.
1522 3170 1661 3219 Hinc
1704 3168 1966 3234 profunde

63 3267 172 3300 non
224 3252 396 3301 minus
448 3270 610 3318 quam
662 3252 883 3319 pulchre
926 3251 977 3303 S.
1032 3252 1268 3302 Thomas
1309 3253 1387 3316 (In
1429 3267 1462 3314 4
1504 3252 1621 3301 dist.
1666 3265 1763 3314 49,
1819 3268 1870 3316 q.
1923 3265 1962 3312 Ι,

69 3348 113 3381 a.
159 3345 206 3394 3,
249 3333 345 3383 sol.
397 3335 443 3398 Ι)
487 3335 648 3384 docet
687 3333 1085 3384 circulationem
1126 3335 1397 3400 quandam
1437 3333 1620 3382 haberi
1661 3333 1712 3381 in
1740 3333 1960 3383 mundO.
