2182 3682
216 155 319 205 232
611 151 724 180 PARS
759 151 806 180 11.
856 151 1173 180 PHILOSOI‘HIA
1210 150 1412 180 MORALIS
1448 151 1698 181 SPECIALIS.

213 289 392 339 omnia
442 288 611 349 bona,
666 304 803 353 quae
854 306 961 338 non
1012 288 1297 338 intrinsece
1347 287 1414 338 ad
1457 288 1962 358 ipsampesssossam
2005 305 2116 355 per-

212 371 396 432 tinent,
439 371 534 420 sed
576 371 907 420 extrinsecus
948 379 1224 436 tamquam
1267 370 1575 421 adiumenta
1614 370 1896 421 accedunt.

290 490 457 529 PARS
489 491 521 529 Ι.
589 489 945 539 obligationem
981 489 1247 528 affirmans.

288 572 453 619 Prob.
511 568 616 635 Qui
657 578 867 620 tenetur
893 570 962 620 ad
992 569 1325 636 explendum
1365 569 1584 636 aliquod
1614 569 1867 636 officium,
1910 578 2119 628 tenetur

213 670 432 720 quoque
473 654 539 702 ad
582 652 758 702 media
799 652 1108 702 necessaria.
1190 652 1360 718 Atqui
1399 669 1468 701 ex
1506 652 1787 719 supposito
1839 652 2011 718 agitur
2050 653 2118 721 de

212 737 369 786 bonis
407 736 476 786 ad
519 734 695 784 officia
733 733 1007 801 implenda
1047 735 1370 785 necessariis,
1431 733 1587 800 Ergo
1629 743 1873 785 tenemur
1899 751 1962 785 ea
2001 752 2117 801 pro-

214 835 411 868 curare.

216 968 361 1021 290.
443 966 609 1005 PARS
640 966 694 1004 ΙΙ.
763 965 1118 1014 obligationem
1153 965 1381 1004 limitans.

288 1055 454 1102 Prob.
515 1053 675 1104 Nulla
715 1061 796 1104 est
837 1052 1096 1120 obligatio
1139 1054 1236 1103 nisi
1277 1054 1345 1103 ad
1375 1071 1451 1115 ea,
1497 1071 1634 1120 quae
1675 1053 1970 1104 necessaria
1996 1062 2119 1103 sunt

211 1137 280 1186 ad
322 1145 526 1186 rectum
564 1146 783 1186 naturae
827 1136 1094 1187 rationalis
1127 1136 1369 1186 ordinem
1396 1136 1732 1186 servandum.
1793 1135 1964 1202 Atqui
2001 1153 2118 1203 pro-

210 1219 448 1284 speritas,
493 1235 632 1285 quae
673 1219 741 1269 ad
783 1218 958 1269 officia
998 1218 1271 1285 implenda
1312 1219 1607 1269 necessaria
1647 1236 1754 1268 non
1796 1225 1902 1279 est,
1957 1212 2117 1268 talem

212 1302 582 1351 necessitatem
624 1319 730 1351 non
772 1302 950 1351 habet.
1028 1301 1182 1366 Ergo
1225 1318 1343 1351 eam
1384 1317 1668 1367 procurare
1709 1318 1816 1350 non
1858 1309 2115 1352 tenemur.

216 1452 361 1504 291.
444 1451 610 1489 PARS
641 1451 717 1489 ΙΙΙ.
781 1452 932 1489 Immo
964 1451 1232 1500 generatim
1270 1453 1358 1489 etc.

287 1547 452 1594 Proh,
533 1538 817 1605 Neglectio
860 1539 1126 1588 bonorum
1176 1547 1522 1589 externorum
1564 1555 1659 1605 per
1697 1556 1754 1588 se
1795 1555 1903 1588 non
1943 1537 2118 1589 solum

213 1619 379 1670 multa
428 1621 812 1687 impedimenta
863 1630 916 1671 et
966 1621 1203 1687 pericula
1253 1621 1437 1671 salutis
1489 1627 1754 1682 removet,
1809 1621 1905 1671 sed
1957 1621 2118 1671 etiam

209 1711 526 1769 perpetuam
568 1704 772 1754 virtutis
823 1703 1061 1770 perfecte
1113 1705 1447 1754 exercendae
1499 1704 1838 1754 occasionem
1879 1703 2116 1770 praebet.

213 1855 359 1907 292.
446 1842 647 1894 Coroll.
734 1844 881 1910 Ergo
938 1844 1164 1894 consilia
1221 1844 1534 1910 evangelica
1594 1861 1713 1894 cum
1767 1860 1897 1894 sana
1951 1842 2116 1910 philo-

209 1926 400 1993 sophia
439 1926 675 1993 perfecte
717 1928 1063 1977 concordant.
1126 1926 1317 1993 Neque
1345 1936 1523 1976 tamen
1558 1935 1845 1994 propterea
1883 1926 2117 1976 studium

210 2009 575 2075 prosperitatis
616 2016 869 2059 externae
910 2009 1263 2075 acquirendae
1304 2008 1540 2059 illicitum
1579 2009 1817 2071 dicimus,
1861 2008 2118 2075 quamdiu

209 2101 323 2140 tum
365 2108 434 2140 ex
474 2100 622 2158 parte
664 2091 861 2142 obiecti
901 2099 1016 2141 tum
1058 2109 1127 2141 ex
1166 2100 1317 2157 parte
1346 2092 1495 2142 modi
1534 2092 1668 2141 intra
1708 2090 1900 2141 limites
1941 2099 2117 2141 rectae

211 2174 424 2225 rationis
465 2174 780 2225 continetur.

985 2418 1212 2465 CAPUT
1248 2419 1335 2465 111.

257 2532 372 2590 DE
422 2532 763 2591 OFFICHS
815 2531 1225 2591 HOMINUM
1273 2531 1595 2591 MUTUIS
1645 2532 1902 2590 INTER
1951 2531 2069 2590 SE.

964 2698 1294 2739 ARTICULUS
1327 2700 1358 2737 Ι.

278 2803 371 2849 DE
410 2803 764 2850 GENERALI
803 2803 1076 2851 OFFICIO
1115 2803 1381 2849 AMORIS
1418 2803 1612 2850 ERGA
1648 2804 2040 2852 PROXIMUM.

215 2931 360 2984 293.
442 2920 590 2971 Sicut
630 2921 903 2970 ordinatus
943 2922 1023 2970 sui
1064 2938 1214 2970 amor
1242 2929 1322 2970 est
1363 2920 1516 2970 radix
1557 2919 1854 2971 officiorum
1894 2938 2021 2987 erga
2059 2939 2117 2971 se

211 3004 403 3069 ipsum,
446 3004 518 3053 ita
556 3019 707 3053 amor
746 3003 977 3069 proximi
1017 3011 1097 3052 est
1125 3004 1277 3053 radix
1305 3002 1605 3053 officiorum
1634 3020 1762 3070 erga
1792 3003 2114 3070 proximum,

211 3086 255 3134 si
295 3086 530 3152 excipias
572 3084 746 3135 officia
784 3076 1003 3136 iuridica
1041 3075 1133 3135 &ab
1174 3076 1514 3150 eo‘praecz‘se
1555 3094 1805 3151 respectu,
1848 3103 1948 3152 quo
1988 3086 2118 3136 iuri-

213 3167 334 3217 dica
374 3176 507 3217 sunt.
587 3167 750 3217 Porro
803 3185 953 3217 amor
1005 3168 1260 3233 proximi,
1317 3176 1373 3217 ut
1413 3168 1479 3217 sit
1517 3185 1671 3218 verus
1724 3176 1777 3218 et
1828 3156 2122 3229 ordinatus*

215 3250 375 3298 etiam
415 3250 550 3299 intra
578 3250 821 3299 ordinem
855 3248 1146 3299 naturalem
1176 3266 1283 3298 non
1310 3249 1362 3298 in
1390 3265 1535 3299 mera
1561 3250 1845 3300 affectione
1872 3249 2116 3312 sensuali,

215 3331 310 3380 sed
353 3330 403 3380 in
444 3332 649 3381 ratione
690 3339 743 3381 et
784 3341 968 3381 mutua
1007 3331 1376 3381 aestimatione
1417 3330 1623 3381 fundari
1663 3332 1841 3382 debet.
