2182 3682
225 158 293 218 48
632 166 745 195 PARS
779 167 807 196 1.
858 167 1171 196 PH1LOSOPH1A
1206 167 1408 196 MORALIS
1444 167 1721 198 GENERALIS.

223 300 393 365 tingit,
436 299 529 350 scl.
572 318 642 350 ex
682 301 1000 352 condicione
1040 303 1165 362 eius,
1211 302 1358 368 quod
1402 304 1734 369 proponitur,
1781 313 1834 355 et
1873 305 2001 367 eius,
2045 306 2128 356 cui

221 383 563 448 proponitur3
619 384 942 434 conveniens
997 385 1137 434 enim
1199 386 1495 435 secundum
1551 386 1862 437 relationem
1918 388 2124 450 dicitur,

220 464 363 514 unde
404 482 472 515 ex
513 474 742 532 utroque
783 475 1148 516 extremorum
1189 466 1477 533 dependet.
1558 469 1630 518 Et
1667 469 1793 519 inde
1834 477 1930 532 est,
1975 471 2125 536 quod

220 555 410 612 gustus
462 548 820 598 diversimode
873 549 1165 614 dispositus
1206 567 1313 599 non
1354 550 1546 599 eodem
1589 552 1757 601 modo
1798 552 1992 618 accipit
2044 551 2128 601 ali-

221 629 348 694 quid
392 638 449 679 ut
491 631 827 691 conveniens,
872 639 925 680 et
952 639 1010 680 ut
1038 648 1146 680 non
1175 632 1513 682 conveniens.
1577 633 1739 683 Unde
1768 633 2128 700 Philosophus

221 712 347 761 dicit
387 712 439 761 in
481 712 602 762 Eth.
648 712 677 763 l.
727 727 783 777 3,
840 729 883 763 c,
932 724 954 777 5
1003 730 1033 762 a
1088 714 1259 763 med:
1321 712 1581 778 ‚Qualiter
1620 716 1986 783 unusquisque
2027 725 2121 778 est,

219 793 337 843 talis
377 794 494 844 finis
521 795 730 844 videtur
771 795 851 845 ei.‘
914 795 1256 845 Manifestum
1298 804 1378 846 est
1418 805 1611 859 autem,
1655 799 1801 864 quod
1830 799 2124 849 secundum

218 876 522 941 passionem
585 877 856 944 appetitus
907 879 1140 928 sensitivi
1191 879 1503 929 immutatur
1555 879 1721 930 homo
1773 881 1842 930 ad
1890 880 2124 947 aliquam

218 958 650 1025 dispositionem;
707 960 849 1030 unde
901 961 1196 1010 secundum
1247 962 1396 1027 quod
1450 961 1616 1012 homo
1664 971 1744 1012 est
1784 963 1832 1012 in
1876 963 2125 1029 passione

216 1039 419 1107 aliqua,
462 1042 673 1092 videtur
725 1043 771 1092 ei
824 1042 1021 1109 aliquid
1075 1044 1423 1106 conveniens,
1480 1045 1626 1110 quod
1679 1062 1786 1095 non
1827 1045 2037 1109 videtur
2077 1045 2124 1095 ei

217 1132 368 1174 extra
408 1125 711 1190 passionem
754 1126 1056 1175 exsistenti:
1106 1127 1241 1176 sicut
1282 1127 1415 1176 irato
1456 1127 1667 1177 videtur
1707 1128 1927 1190 bonum,
1973 1129 2123 1194 quod

214 1223 323 1255 non
363 1207 572 1257 videtur
613 1208 825 1274 quieto;
871 1217 923 1258 et
964 1226 1059 1275 per
1099 1208 1239 1259 hunc
1281 1209 1504 1259 modum
1544 1210 1815 1275 appetitus
1842 1211 2123 1260 sensitivus

215 1298 396 1338 movet
435 1289 797 1340 voluntatem»
849 1289 926 1353 (S.
980 1290 1165 1340 Tllom.
1220 1306 1260 1351 Ι,
1308 1305 1354 1352 2,
1399 1309 1449 1357 q.
1493 1305 1542 1354 9,
1587 1309 1631 1342 a.
1679 1292 1745 1357 2).

285 1377 432 1429 Pars
471 1379 545 1429 sl.
627 1380 809 1449 {fuget
845 1380 1212 1430 volmetarimn
1250 1381 1433 1446 quoad
1455 1381 1829 1431 intensitalenz.
1894 1381 2018 1432 Hoc
2046 1399 2122 1432 se-

214 1461 393 1526 quitur
433 1479 502 1511 ex
543 1472 694 1528 parte
735 1463 919 1529 prima.
992 1450 1444 1529 Concupiscentia
1485 1465 1626 1514 enim
1668 1451 1851 1515 causat
1888 1464 2126 1514 volunta-

213 1543 347 1592 rium
376 1545 648 1595 movendo
671 1545 1003 1596 voluntatem
1030 1547 1099 1596 ad
1129 1555 1336 1608 actum;
1369 1563 1499 1611 ergo
1522 1564 1631 1612 quo
1653 1546 2021 1597 vehementior
2042 1554 2123 1596 est

213 1627 660 1693 concupiscentia,
705 1646 770 1678 eo
810 1629 981 1694 magis
1009 1628 1337 1679 voluntatem
1369 1638 1551 1679 movet
1578 1629 1646 1679 ad
1675 1628 1983 1691 volendum,
2026 1646 2119 1679 seu

213 1707 389 1771 efficit,
434 1716 493 1759 ut
530 1710 779 1760 voluntas
819 1712 1073 1761 intensius
1115 1711 1310 1761 feratur
1349 1712 1400 1761 in
1442 1711 1713 1762 obiectum
1755 1712 2114 1778 concupitum.

284 1797 432 1848 Pars
487 1798 594 1849 Ill.
676 1800 887 1870 slsimq't
944 1800 1260 1851 lz'berlatem.
1343 1801 1592 1851 Libertas
1647 1801 1887 1852 consistit
1940 1801 1992 1851 in
2047 1801 2118 1851 in-

211 1880 506 1931 differentia
545 1882 718 1932 activa
758 1869 998 1949 principii
1039 1884 1260 1949 agentis.
1341 1883 1512 1949 Atqui
1550 1883 2008 1950 concupiscentia,
2053 1900 2118 1933 eo

208 1963 325 2028 ipso
368 1965 516 2030 quod
557 1964 887 2015 voluntatem
930 1966 1100 2032 magis
1139 1967 1191 2016 in
1220 1983 1379 2016 unum
1412 1966 1683 2016 obiectum
1711 1965 1927 2017 inclinat
1956 1983 2115 2033 quam

208 2045 260 2094 in
300 2046 460 2108 aliud,
505 2047 690 2097 minuit
731 2047 869 2098 hanc
910 2048 1332 2099 indifferentiam.
1415 2048 1570 2114 Ergo
1615 2091 1621 2098 .
1671 2091 1677 2098 .
1726 2091 1733 2098 .

209 2192 310 2246 47.
396 2182 595 2234 Coroll.
666 2185 813 2251 Ergo
857 2203 965 2252 quo
1007 2185 1176 2235 maior
1204 2194 1284 2235 est
1313 2185 1745 2251 concupiscentia
1772 2185 2113 2247 antecedenS,

206 2282 271 2315 eo
313 2265 567 2317 intensius
607 2276 689 2317 est
727 2267 1083 2318 voluntarium
1125 2275 1178 2318 et
1218 2285 1282 2317 eo
1325 2268 1496 2317 minus
1542 2266 1785 2318 liberum.
1867 2267 2115 2318 Ceterum

206 2357 363 2399 nota:
414 2349 473 2398 In
515 2350 734 2400 notione
773 2349 1057 2400 voluntarii
1098 2350 1207 2400 duo
1251 2350 1617 2400 continentur:
1670 2365 1711 2400 1.
1755 2358 1814 2400 ut
1854 2351 2116 2417 procedat

204 2446 236 2479 a
285 2430 561 2482 voluntate
613 2442 666 2482 et
720 2446 765 2483 2.
811 2441 867 2482 ut
918 2433 984 2483 sit
1034 2433 1103 2483 ab
1155 2433 1440 2482 intrinseco
1492 2449 1587 2481 seu
1628 2433 1901 2498 proprium
1953 2433 2116 2499 ipsius

204 2512 507 2565 voluntatis
587 2515 732 2565 Prius
774 2515 1100 2565 elementum
1141 2524 1221 2564 est
1261 2514 1437 2581 potius
1478 2513 1805 2564 elementum
1844 2514 2115 2565 materiale

204 2594 501 2658 voluntarii,
545 2598 810 2663 posterius
850 2615 977 2648 vero
1011 2597 1335 2647 elementum
1366 2596 1600 2647 formale.
1659 2595 1793 2646 Cum
1823 2597 1982 2663 igitur
2009 2598 2114 2648 hoc

203 2679 468 2743 posterius
519 2679 845 2730 elementum
898 2680 1052 2730 simul
1104 2697 1226 2730 cum
1278 2679 1520 2729 libertate
1572 2679 1859 2741 minuatur,
1917 2679 2110 2746 simpli-

204 2760 333 2810 citer
386 2760 658 2827 loquendo
715 2763 941 2812 concedi
997 2771 1177 2828 potest
1238 2779 1334 2828 per
1397 2761 1885 2827 concupiscentiam
1948 2761 2111 2811 minui

204 2842 575 2894 voluntarium.
658 2845 781 2895 Hoc
821 2862 978 2895 sensu
1020 2845 1147 2894 dicit
1187 2835 1240 2894 S.
1282 2844 1521 2894 Thomas
1562 2844 1631 2907 (Ι,
1676 2855 1723 2903 2,
1767 2860 1817 2909 q.
1862 2855 1948 2908 77,
1991 2861 2037 2894 a.
2081 2845 2115 2894 6

204 2925 272 2974 ad
317 2927 395 2989 3):
447 2925 590 2976 «Etsi
631 2936 810 2977 motus
849 2927 1138 2977 voluntatis
1189 2928 1254 2977 sit
1296 2926 1558 2976 intensior
1596 2942 1666 2974 ex
1704 2925 1954 2991 passione
1993 2925 2113 2975 inci-

204 3015 370 3069 tatus,
425 3025 533 3058 non
585 3018 764 3059 tamen
812 3010 883 3059 ita
935 3019 1014 3059 est
1065 3008 1353 3059 voluntatis
1404 3007 1675 3074 propriu5‚
1730 3007 1866 3057 sicut
1916 3008 1959 3057 si
1998 3006 2114 3056 sola

204 3090 408 3140 ratione
448 3100 750 3141 moveretur
790 3092 857 3141 ad
901 3092 1287 3157 peccandum».

283 3184 457 3237 Schol.
528 3186 726 3252 Quaeri
766 3187 851 3238 hic
894 3195 1090 3253 potest,
1133 3205 1259 3238 num
1301 3186 1517 3237 habitus
1557 3193 1758 3250 augeat
1793 3185 1885 3234 vel
1909 3185 2119 3234 minuat

207 3268 571 3318 voluntarium
601 3277 653 3318 et
679 3268 922 3319 liberum.
995 3270 1355 3336 Respondeo:
1407 3282 1449 3319 Ι.
1489 3267 1719 3317 Habitus
1747 3275 1909 3332 auget
1936 3266 2114 3316 volun-

206 3350 409 3399 tarium
452 3351 631 3416 quoad
674 3351 1050 3412 intensitalem,
1094 3352 1216 3418 quia
1246 3350 1572 3401 voluntatem
1612 3349 1681 3399 ad
1710 3347 2000 3399 volendum
2040 3348 2110 3396 in-
