2182 3682
530 177 616 206 LIB.
652 177 699 205 11.
747 176 847 206 CAP.
884 176 949 205 111.
995 175 1056 203 DE
1091 175 1348 203 SOCIETATE
1382 175 1541 204 CIVILI.
1863 164 1964 228 383

77 323 149 378 51
171 325 220 363 Ι.
303 315 469 361 Prob.
510 328 553 361 2.
621 312 785 362 Ducit
812 312 879 361 ad
910 310 1039 362 falsa
1067 311 1409 361 consectaria.
1477 311 1616 360 Nam
1645 310 1732 361 illa
1759 311 1973 361 libertas

72 395 365 445 secundum
423 395 754 457 adversarios
814 394 976 443 debet
1036 393 1357 443 considerari
1414 401 1470 441 ut
1530 392 1646 441 finis
1704 394 1752 441 in
1810 410 1866 442 se
1922 402 1974 442 et

72 475 345 526 illimitata.
428 476 588 526 Unde
630 476 928 525 necessario
970 474 1339 540 consequitur:

145 565 194 629 a)
251 581 429 614 curam
483 564 768 629 religionis
823 572 875 613 et
931 581 1139 613 morum
1195 562 1491 612 nullatenus
1546 562 1851 612 habendam
1908 564 1974 612 ab

72 647 386 696 auctoritate
444 645 685 712 publica,
748 646 843 695 nisi
903 646 953 694 in
1014 654 1272 711 quantum
1332 661 1550 694 necesse
1606 652 1685 694 est
1741 645 1808 693 ad
1865 644 1976 693 har-

73 727 305 777 moniam
344 727 600 777 libertatis
647 727 1052 793 procurandam.
1123 727 1299 776 Nemo
1341 743 1469 791 ergo
1512 727 1755 792 impediri
1794 734 1976 791 posset

72 841 143 846 -—
195 807 384 859 saltem
436 810 487 858 in
540 809 724 858 ordine
773 826 916 858 mere
977 808 1199 858 naturali
1251 818 1303 858 et
1353 808 1716 858 abstrahendo
1770 808 1837 856 ab
1891 825 1978 856 ex-

71 891 306 940 sistentia
347 891 619 941 Ecclesiae
660 921 746 951 ——‚
802 891 1086 956 quominus
1137 891 1383 956 privatim
1425 898 1477 940 et
1518 889 1730 956 publice
1770 890 1977 955 scriptis

72 981 125 1022 et
162 973 337 1022 verbis
377 973 600 1038 impetat
648 973 956 1038 religionem
999 982 1051 1021 et
1102 973 1277 1022 bonos
1329 989 1531 1033 mores,
1591 972 1844 1038 quamdiu
1898 988 1977 1021 ae-

71 1054 239 1120 qualis
289 1054 510 1104 aliorum
565 1053 777 1104 libertas
830 1071 1125 1120 eorumque
1176 1054 1287 1103 iura
1339 1055 1541 1120 privata
1591 1071 1686 1119 per
1725 1054 1830 1103 hoc
1872 1070 1978 1102 non

74 1135 376 1196 laeduntur;

146 1225 202 1290 b)
254 1227 306 1274 in
367 1227 523 1276 rebus
581 1225 923 1275 oeconomiris
978 1224 1292 1275 illimitatam
1356 1224 1607 1275 «liberam
1667 1242 1978 1275 concurren-

72 1307 230 1356 tiam»
290 1324 450 1373 quam
505 1316 701 1358 vocant
757 1308 1005 1357 omnibus
1062 1325 1177 1358 esse
1234 1308 1666 1368 concedendam,
1726 1308 1976 1373 quamdiu

72 1387 285 1438 libertas
338 1390 530 1439 civium
582 1388 816 1455 aequalis
868 1407 974 1439 non
1017 1390 1256 1439 laeditur.
1340 1388 1492 1455 Quae
1535 1389 1777 1440 doctrina
1818 1406 1978 1455 quam

73 1471 278 1521 funesta
336 1472 432 1532 sit,
495 1473 822 1538 experientia
880 1473 982 1520 iam
1040 1473 1165 1522 satis
1222 1482 1464 1533 constat,
1527 1473 1599 1522 ita
1659 1481 1715 1521 ut
1771 1473 1821 1521 in
1878 1472 1977 1521 hac

71 1552 330 1603 illimitata
394 1553 638 1603 libertate
704 1554 1055 1604 oeconomica
1122 1554 1460 1620 reprobanda
1526 1555 1715 1620 optimi
1781 1554 1977 1620 quique

73 1652 194 1685 cum
245 1635 522 1686 socialistis
578 1637 927 1686 consentiant.
1009 1636 1202 1685 Mirum
1256 1654 1363 1685 non
1418 1645 1497 1685 est
1537 1636 1674 1685 hanc
1716 1636 1975 1685 theoriam

73 1716 269 1767 liberae
329 1719 730 1767 concurrentiae
789 1736 819 1767 a
877 1716 1116 1784 Spencer
1174 1718 1391 1784 aliisque
1451 1717 1798 1768 Darwinianis
1858 1735 1975 1767 eam

75 1799 234 1849 etiam
263 1800 334 1849 ob
364 1816 577 1849 causam
607 1799 837 1861 defendi,
870 1800 991 1866 quia
1019 1800 1251 1866 alioquin
1284 1801 1465 1850 civitas
1494 1801 1752 1866 impedire
1776 1809 1974 1866 posset,

74 1882 362 1947 quominus
415 1880 699 1932 debiliores
752 1891 803 1932 et
855 1883 1142 1948 ineptiores
1194 1891 1441 1948 pereant,
1501 1883 1553 1931 id
1610 1884 1757 1948 quod
1800 1892 1977 1932 tamen

72 1964 367 2013 secundum
423 1964 739 2030 principium
798 1982 981 2014 eorum
1041 1964 1438 2014 fundamentale
1481 1964 1758 2027 (sitm-iva!
1797 1966 1865 2030 ef
1894 1965 1981 2014 ille

56 2046 249 2112 fittest)
293 2045 418 2095 fiere
463 2046 641 2096 debet.

153 2151 318 2198 Prob.
364 2165 407 2211 3.
489 2149 769 2199 Refutatur
810 2151 1040 2216 denique
1081 2150 1213 2200 haec
1256 2152 1436 2217 opinio
1479 2151 1749 2201 communi
1783 2151 1975 2216 agendi

75 2232 241 2282 modo
283 2233 521 2281 omnium
564 2232 850 2294 civitatum,
896 2250 1034 2298 quae
1077 2250 1186 2282 non
1228 2243 1514 2283 contentae
1556 2234 1801 2283 custodia
1829 2232 1977 2283 liber-

73 2314 194 2363 tatis
234 2312 458 2379 plurima
499 2331 712 2380 semper
753 2314 991 2364 fecerunt
1033 2315 1101 2364 ad
1139 2316 1565 2381 promovendum
1598 2317 1977 2365 commercium

73 2404 126 2444 et
176 2396 514 2457 industriam,
570 2397 972 2446 instructionem
1013 2397 1285 2463 publicam
1326 2407 1456 2458 etc,
1512 2414 1648 2464 quae
1689 2416 1796 2448 non
1839 2415 1980 2448 com-

72 2476 331 2542 prehendi
371 2487 597 2544 possunt
637 2479 738 2528 sub
781 2479 995 2529 nomine
1038 2480 1312 2530 custodiae
1353 2481 1551 2529 ordinis
1592 2480 1808 2530 iuridici.

147 2583 312 2630 Prob.
360 2597 405 2643 4.
503 2580 814 2632 Communis
874 2592 953 2633 est
1008 2585 1143 2634 inter
1198 2584 1486 2650 theologos
1539 2594 1591 2634 et
1651 2585 1979 2651 iurisperitos

73 2663 359 2713 sententia:
403 2666 775 2714 auctoritatem
817 2683 978 2731 posse
1020 2667 1220 2716 civibus
1261 2668 1370 2716 iura
1411 2666 1677 2728 conferre,
1734 2684 1869 2733 quae
1910 2685 1978 2716 ex

32 2793 35 2795 ,
72 2760 129 2793 se
169 2763 276 2794 non
320 2745 547 2807 habent,
592 2747 755 2813 idque
796 2765 903 2797 non
943 2748 1117 2798 solum
1159 2757 1423 2815 quatenus
1465 2767 1599 2815 opus
1640 2757 1720 2799 est
1760 2750 1828 2799 ad
1869 2750 1980 2798 iura

72 2827 286 2889 tuenda,
318 2829 413 2878 sed
441 2829 722 2879 universim
751 2838 1013 2895 quatenus
1042 2848 1326 2882 commune
1355 2833 1557 2882 bonum
1585 2832 1689 2882 hoc
1717 2831 1976 2898 postulat;

79 2908 168 2958 sic.
210 2927 259 2960 v.
302 2927 354 2976 g.
398 2910 636 2960 conferre
686 2920 867 2977 potest
917 2913 996 2962 ius
1046 2914 1115 2962 ad
1165 2923 1364 2963 certam
1405 2923 1613 2980 partem
1654 2914 1976 2973 hereditatis,

74 2989 151 3039 ius
190 2992 258 3040 ad
300 2992 613 3058 accipienda
654 2993 919 3055 alimenta,
964 2994 1040 3043 ius
1083 2997 1468 3062 corporationis
1509 3006 1608 3046 etc.
1684 2996 1854 3062 Atqui
1889 2995 1978 3045 tali

75 3073 239 3122 modo
296 3074 534 3124 conferre
589 3076 700 3124 iura
755 3077 1043 3126 auctoritas
1098 3095 1205 3127 non
1263 3086 1470 3144 potest,
1529 3079 1571 3127 si
1623 3079 1734 3128 eius
1786 3094 1978 3127 munus

74 3154 227 3204 unice
267 3164 347 3205 est
387 3157 519 3206 tueri
559 3157 682 3207 iura.
764 3157 919 3223 Ergo
952 3201 958 3207 .
994 3201 1000 3208 .

152 3259 422 3308 Confirm.
461 3273 504 3322 5.
586 3260 785 3311 Contra
838 3263 1102 3328 quosdam
1157 3263 1477 3325 catholicos,
1532 3264 1620 3330 qui
1661 3264 1820 3313 finem
1863 3264 1979 3313 civi-

75 3339 196 3389 tatis
236 3341 304 3390 ad
346 3343 625 3392 tuitionem
667 3344 864 3393 ordinis
905 3344 1104 3394 iuridici
1148 3347 1482 3412 restringunt,
1527 3347 1758 3396 invocari
1798 3336 2000 3412 potest
