2182 3682
217 183 321 243 298
614 190 726 218 PARS
761 190 807 219 ΙΙ.
861 190 1174 218 PHILOSOPHIA
1209 189 1414 218 MORALIS
1451 190 1699 219 SPECJALIS.

214 326 361 376 tatis:
412 326 500 375 «In
543 335 633 377 tua
672 335 940 394 potestate
981 336 1061 377 est
1101 326 1292 393 largiri,
1336 327 1486 393 quod
1526 326 1684 376 velis»
1734 326 1809 391 (S.
1850 326 2119 388 Ambros„

213 409 299 458 De
333 408 471 459 offic.
508 408 538 460 l.
579 423 620 471 Ι,
665 427 707 460 c.
742 410 847 474 30).
906 409 1153 475 Denique
1187 426 1450 475 pauperes
1491 415 1727 470 monent,
1771 417 1827 458 ut
1860 409 2122 475 patienter

214 491 382 541 ferant
424 500 793 558 paupertatem
833 509 969 541 neve
1009 499 1197 541 contra
1237 491 1415 541 Deum
1458 499 1799 542 murmurent.

289 580 428 630 Dein
481 594 526 631 2.
584 581 765 647 quoad
821 580 1053 647 singula:
1118 580 1215 630 Ad
1248 580 1496 646 primum
1548 580 1987 646 respondendum
2042 589 2124 631 est
2161 596 2172 607 k

214 662 267 713 S.
300 663 647 713 Ambrosium
676 662 914 729 aliosque
943 662 1212 713 Doctores
1245 663 1438 712 eodem
1473 680 1630 712 sensu
1673 680 1734 713 ac
1765 661 1816 712 S.
1859 662 2120 713 leemam

213 745 409 795 docere
449 746 528 794 ius
556 754 773 795 naturae
814 746 993 795 onmia
1021 745 1208 795 fecisse
1238 746 1542 795 communia
1582 744 1673 795 scl.
1707 745 1970 811 negative,
2013 763 2122 795 non

212 828 364 893 quasi
402 828 573 893 ipsam
614 827 927 877 divisionem
971 827 1081 877 fieri
1120 827 1465 894 prohibuerit.
1538 828 1608 877 Et
1648 827 1734 878 illa
1779 827 2115 894 «usurpatio»

211 909 573 975 intellegenda
613 918 694 959 est
735 910 803 959 de
845 911 1200 976 occupatione
1243 909 1493 975 legitima.

287 999 384 1049 Ad
415 1000 717 1060 secundum,
758 1000 975 1066 quando
1018 999 1112 1051 SS.
1157 1000 1337 1050 Patres
1377 1007 1619 1050 asserunt
1658 1017 1754 1066 per
1793 999 2122 1066 iniquitatem

212 1083 594 1148 proprietatem
646 1082 918 1133 inductam
976 1083 1159 1144 fuisse,
1214 1083 1267 1132 id
1321 1083 1505 1132 dicunt
1556 1099 1650 1148 per
1702 1090 2002 1148 respectum
2054 1083 2124 1132 ad

212 1173 494 1231 peccatum
524 1164 739 1226 Adami,
784 1166 908 1231 quia
948 1166 999 1215 in
1040 1165 1287 1232 paradiso
1318 1164 1679 1231 probabiliter,
1721 1164 1912 1215 saltem
1940 1165 2122 1231 quoad

212 1248 355 1297 bona
407 1247 698 1297 immobilia
739 1247 997 1311 (Suares,
1052 1248 1135 1297 De
1188 1265 1351 1314 opere
1403 1265 1500 1297 sex
1543 1248 1745 1297 dierum
1797 1246 1827 1297 l.
1877 1257 1929 1311 5,
1984 1264 2027 1298 c.
2074 1260 2123 1313 7,

213 1347 260 1380 n.
314 1331 412 1394 18),
457 1330 723 1380 bonorum
766 1330 953 1380 divisio
995 1330 1134 1380 facta
1175 1347 1282 1379 non
1325 1329 1521 1380 fuisset.

286 1420 385 1469 Ad
431 1420 648 1469 tertium
705 1419 996 1486 loquuntur
1056 1420 1124 1470 de
1181 1421 1558 1470 communione
1618 1419 1885 1469 bonorum
1941 1419 2122 1485 quoad

212 1519 392 1563 usum,
444 1503 531 1569 qui
573 1519 642 1552 ex
681 1501 957 1553 voluntate
998 1503 1101 1552 Dei
1141 1501 1471 1569 aliquatenus
1522 1518 1736 1552 manere
1778 1501 1942 1552 debet
1982 1518 2122 1552 com-

213 1585 400 1645 munis,
444 1593 500 1634 ut
539 1601 699 1651 supra
741 1587 809 1649 (n.
856 1587 982 1649 380)
1025 1584 1424 1651 explicavimus.

217 1724 361 1788 383.
433 1725 607 1776 Scleol.
653 1743 702 1793 ἧι.
762 1725 997 1792 Quidam
1039 1745 1107 1776 ex
1149 1725 1417 1792 theologis
1457 1725 1654 1776 saeculi
1683 1726 1831 1777 XVI.
1864 1735 1916 1776 et
1945 1726 2118 1777 XVII.

212 1825 319 1858 non
347 1808 592 1858 videntur
631 1809 914 1859 admittere
942 1810 1147 1875 privata
1175 1809 1410 1858 dominia
1439 1808 1732 1874 generatim
1773 1807 1962 1858 saltem
2003 1825 2119 1858 esse

211 1891 391 1940 stricte
442 1892 750 1941 neccssaria
804 1892 1033 1958 ideoque
1085 1892 1164 1941 ius
1205 1891 1544 1957 proprietatis
1594 1890 1952 1957 acquirendae
2003 1908 2120 1941 esse

210 1972 462 2024 naturale.
545 1974 623 2024 Ita
674 1993 720 2024 v.
773 1992 822 2040 g.
874 1974 1094 2024 Lessl'us
1146 1974 1252 2038 (De
1304 1974 1460 2024 iustit.
1517 1981 1569 2023 et
1621 1973 1731 2023 iure
1783 1973 1814 2024 l.
1869 1987 1924 2035 2,
1981 1991 2024 2024 c.
2073 1984 2118 2038 5,

211 2056 334 2106 dub.
385 2056 451 2119 5),
494 2056 780 2122 Laymamz
820 2056 1013 2122 aliique
1054 2057 1344 2106 admittunt
1385 2056 1600 2122 quidem
1642 2056 1847 2122 privata
1887 2056 2122 2107 dominia

210 2155 325 2188 esse
376 2138 519 2188 utilia
571 2147 623 2188 et
664 2137 926 2205 legitima,
982 2139 1076 2188 sed
1127 2156 1235 2188 non
1287 2140 1467 2188 stricte
1520 2139 1841 2199 necessaria,
1895 2147 1948 2188 et
1999 2138 2121 2188 hinc

210 2238 383 2286 neque
434 2221 555 2270 iuris
607 2220 856 2271 naturalis
908 2221 1306 2287 praecipientis,
1365 2221 1460 2270 sed
1514 2221 1874 2271 concedentis.
1955 2219 2122 2271 Simili

210 2303 377 2353 modo
419 2302 629 2353 Suara&
670 2304 775 2367 (De
817 2302 918 2370 leg.
964 2303 1025 2364 II,
1078 2317 1163 2365 14,
1208 2320 1256 2353 n.
1311 2317 1367 2367 13
1414 2312 1467 2352 et
1515 2303 1598 2367 17)
1641 2320 1746 2352 non
1789 2303 1996 2352 videtur
2034 2302 2122 2364 ad-

210 2386 418 2435 mittere
459 2386 695 2436 dominia
722 2386 928 2452 privata
969 2403 1085 2435 esse
1126 2386 1435 2446 necessaria,
1481 2385 1575 2434 sed
1610 2384 1783 2435 solum
1824 2402 1940 2435 esse
1980 2402 2120 2435 com-

210 2468 397 2529 moda;
442 2467 544 2517 alio
573 2476 752 2517 tamen
782 2467 903 2518 loco
933 2468 1038 2532 (De
1069 2485 1230 2534 opere
1258 2484 1356 2517 sex
1386 2468 1591 2517 dierum
1625 2467 1654 2517 l.
1693 2478 1736 2531 5,
1781 2484 1823 2517 c.
1858 2479 1906 2531 7,
1949 2484 1997 2517 n.
2037 2467 2120 2532 17)

209 2550 306 2599 ait:
377 2550 609 2599 «Divisio
668 2568 840 2600 rerum
899 2568 1038 2600 nunc
1092 2550 1400 2600 necessaria
1458 2559 1585 2599 est.»
1671 2550 1740 2600 Et
1796 2566 1850 2599 re
1902 2550 2120 2615 quidem

208 2649 358 2693 vera,
417 2632 458 2681 si
514 2642 829 2696 argumenta
883 2633 950 2682 ab
1009 2632 1107 2682 illis
1159 2631 1316 2682 allata
1371 2631 1571 2698 aliquid
1625 2631 1829 2693 valent,
1889 2631 2121 2697 probant

210 2714 447 2764 strictam
488 2714 859 2764 necessitatem
901 2715 1239 2781 proprietatis
1280 2713 1530 2779 privatae.
1613 2712 1701 2764 Sic
1742 2712 1960 2763 Lessius
1999 2712 2029 2763 l.
2073 2729 2117 2763 e.

211 2796 336 2845 dub.
372 2809 418 2857 2,
462 2813 510 2846 n.
548 2807 602 2860 5:
655 2795 739 2846 «Si
768 2797 1136 2862 possessiones
1176 2797 1495 2845 mansissent
1535 2812 1863 2856 communes,
1908 2794 2120 2845 relictae

211 2877 430 2928 fuissent
456 2878 687 2928 incultae
719 2919 725 2927 .
763 2922 768 2928 .
806 2920 832 2939 .,
876 2880 1109 2928 mundus
1140 2879 1352 2928 arderet
1380 2878 1653 2944 perpetuis
1687 2877 2120 2927 contentionibus

211 2969 262 3010 et
303 2959 455 3010 bellis
492 3004 498 3010 .
535 3003 542 3011 .
578 3003 585 3010 .
623 2969 675 3010 et
710 2962 1040 3026 potentiores
1069 2960 1382 3027 plerumque
1425 2960 1601 3009 omnia
1642 2967 1936 3025 raperent.»
2000 2958 2120 3008 Hae

212 3051 354 3092 certe
396 3043 647 3103 rationes,
699 3043 740 3092 si
782 3043 908 3108 quid
950 3043 1153 3103 valent,
1198 3042 1430 3108 probant
1471 3042 1845 3092 necessitatem
1885 3041 2119 3107 privatae

211 3126 563 3191 proprietatis.

286 3207 461 3268 Ratio,
506 3224 598 3256 cur
630 3206 683 3256 hi
722 3206 963 3272 theologi
1003 3207 1054 3255 in
1095 3212 1275 3256 nostra
1303 3206 1615 3272 quaestione
1655 3222 1764 3254 non
1803 3205 1928 3255 satis
1968 3220 2117 3254 accu-

212 3297 322 3338 rate
363 3288 664 3355 loquantur,
709 3296 790 3338 est
830 3305 1013 3338 eorum
1055 3289 1226 3338 minus
1267 3296 1411 3338 recta
1438 3288 1804 3353 interpretatio
1843 3286 2119 3336 doctrinae
2163 3346 2165 3349 ι

215 3369 266 3419 S.
319 3370 558 3419 Tlcomae
609 3371 673 3420 de
719 3370 838 3420 iure
870 3370 1139 3436 gentium,
1193 3370 1260 3419 de
1302 3387 1408 3435 qua
1459 3371 1563 3420 iam
1616 3370 1845 3419 diximus
1897 3369 1966 3432 (n.
2013 3379 2115 3430 247
