2182 3682
474 165 560 194 L113.
596 165 624 193 l.
670 164 770 194 (ΕΑΓ,
805 165 865 194 IV.
909 164 971 191 DE
1006 162 1117 190 IURE
1151 163 1500 193 I'ROPRIETATIS.
1836 162 1938 215 077

48 310 251 355 tantum
290 301 458 362 abest,
501 301 758 366 inquiunt,
801 307 859 348 ut
898 298 1196 365 proprietas
1236 296 1439 362 privata
1466 295 1564 345 soli
1591 297 1656 346 sit
1683 296 1940 346 institutio

47 393 276 444 naturae,
319 390 375 431 ut
415 389 631 431 naturae
672 382 850 447 potius
890 386 1167 445 repugnet.

119 473 272 536 Resp.
334 486 379 521 J.
461 469 677 519 Falsum
733 477 813 519 est
868 468 1067 534 ubique
1123 467 1363 533 primitus
1419 467 1683 516 exstitisse
1739 484 1941 532 posses-

46 555 249 606 sionem
300 569 639 602 communem
689 551 999 611 fundorum;
1053 550 1217 598 immo
1260 566 1288 598 e
1329 549 1593 598 contrario
1635 548 1776 613 apud
1819 549 1942 597 anti-

46 635 327 703 quissimos
354 633 612 700 populos:
657 633 953 692 Hebraeos,
998 631 1268 696 AssyriOS,
1311 629 1634 696 Aegyptios,
1678 628 1941 688 Sinenses,

46 720 117 769 ita
170 716 430 766 invenitur
484 715 754 782 possessio
806 731 1056 780 agrorum
1105 713 1336 779 privata,
1395 721 1450 761 ut
1492 712 1789 761 communis
1828 729 1945 777 pos-

45 799 293 850 sessionis
351 796 553 847 nullum
611 796 829 846 omnino
890 795 1173 860 vestigium
1232 795 1369 843 adsit
1430 793 1513 858 (cf.
1577 793 1941 859 Moralphilos.

46 882 94 932 II
147 892 249 944 247
303 897 431 945 sqq;
503 878 738 944 Capam‘,
799 878 879 927 La
930 877 1199 943 proprie‘te'
1250 874 1589 925 individuelle
1640 884 1692 925 et
1744 875 1790 924 le
1843 874 1945 924 col-

47 963 371 1025 lectivisme).

119 1052 273 1116 Resp.
320 1066 366 1101 2.
448 1050 562 1100 Etsi
614 1050 854 1116 primitus
906 1049 1105 1114 ubique
1154 1048 1449 1098 communis
1491 1047 1755 1113 possessio
1798 1063 1946 1111 agro-

47 1151 161 1184 rum
202 1134 505 1193 exstitisset,
549 1132 672 1181 inde
713 1149 820 1181 non
860 1138 1173 1197 sequeretur
1213 1146 1372 1195 agros
1402 1129 1642 1195 privatim
1673 1129 1947 1194 possidere

47 1233 162 1266 esse
214 1222 398 1265 contra
438 1215 516 1264 ius
556 1212 808 1264 naturale.
890 1214 1083 1262 Nonne
1112 1212 1290 1278 potius
1330 1212 1501 1277 ipsum
1543 1210 1755 1272 factum,
1799 1210 1946 1276 quod

47 1315 258 1364 semper
311 1306 364 1347 et
415 1297 614 1362 ubique
666 1296 1042 1362 progrediente
1084 1294 1287 1344 cultura
1335 1294 1641 1343 communio
1684 1293 1947 1342 bonorum

51 1380 228 1447 quoad
279 1397 438 1445 agros
491 1379 661 1444 magis
712 1379 989 1444 magisque
1042 1378 1302 1442 disparet,
1361 1377 1578 1425 evidens
1618 1376 1828 1441 signum
1869 1383 1949 1423 est

51 1479 167 1513 eam
221 1479 341 1512 cum
396 1461 580 1511 altiore
633 1460 934 1510 evolutione
988 1459 1221 1510 culturae
1274 1457 1539 1509 conciliari
1598 1475 1702 1507 non
1761 1455 1951 1523 posse?

55 1611 201 1665 354.
281 1601 671 1667 Argumenllmz
715 1616 762 1650 2.
807 1619 876 1650 ex
917 1619 980 1650 eo
1024 1608 1232 1666 petunt,
1277 1600 1425 1665 quod
1467 1598 1625 1647 labor
1662 1599 1728 1647 sit
1770 1597 1951 1646 unicus

52 1683 234 1734 titulus
284 1684 451 1733 iustus
503 1684 840 1750 proprietatis
893 1684 1142 1748 privatae.
1236 1682 1439 1741 Nemo,
1494 1680 1764 1746 inquiunt,
1817 1679 1951 1728 iuste

54 1766 296 1832 privatim
338 1766 611 1832 possidere
652 1774 831 1831 potest
873 1766 969 1814 nisi
1009 1765 1083 1825 id,
1129 1764 1276 1830 quod
1318 1781 1413 1813 suo
1456 1763 1638 1812 labore
1681 1761 1949 1828 produxit.

54 1848 222 1914 Atqui
259 1848 430 1898 solum
472 1865 580 1898 non
629 1857 709 1898 est
760 1849 1084 1914 productum
1137 1846 1345 1896 laboris.
1427 1846 1580 1911 Ergo
1621 1862 1727 1894 non
1776 1851 1954 1909 potest

54 1931 189 1980 iuste
229 1931 473 1996 privatim
512 1931 785 1997 possideri.

130 2019 284 2085 Resp.
331 2035 377 2070 J.
448 2019 599 2070 Haec
641 2020 772 2069 ratio
814 2018 932 2085 plus
973 2019 1181 2085 probat,
1226 2034 1387 2083 quam
1429 2016 1712 2066 adversarii
1751 2014 1950 2075 volunt,

56 2110 109 2151 et
164 2109 349 2151 contra
404 2119 589 2151 eorum
645 2109 879 2151 mentem
932 2101 1229 2151 necessario
1282 2100 1429 2149 ducit
1482 2099 1548 2148 ad
1596 2097 1954 2148 socialismum

58 2183 400 2250 completum.
470 2184 609 2233 Nam
652 2184 810 2234 etiarn
852 2201 933 2233 res
974 2183 1216 2243 mobiles,
1259 2201 1305 2231 v.
1352 2199 1401 2248 g.
1447 2197 1646 2241 aurum,
1692 2195 1952 2245 gemmae,

58 2265 326 2327 animalia,
369 2265 452 2316 vel
494 2284 561 2316 ex
602 2273 719 2315 toto
761 2265 843 2315 vel
891 2265 1079 2315 saltem
1133 2281 1329 2331 magna
1370 2281 1437 2313 ex
1478 2274 1643 2329 parte,
1687 2280 1792 2311 non
1834 2269 1957 2311 sunt

58 2349 380 2415 productum
434 2348 630 2398 laboris
679 2349 910 2398 humani.
992 2347 1048 2398 Si
1088 2348 1205 2414 quis
1254 2345 1472 2396 feliciter
1510 2364 1556 2395 v.
1602 2362 1651 2410 g.
1697 2359 1952 2409 gemmas,

57 2431 368 2481 adamantes
407 2431 606 2481 invenit
633 2429 715 2480 vel
757 2430 947 2480 animal
988 2431 1225 2480 silvestre
1261 2430 1417 2496 capit,
1462 2428 1561 2477 hae
1591 2444 1672 2477 res
1700 2442 1956 2491 magnum

59 2512 280 2562 fortasse
338 2513 539 2563 habent
594 2513 829 2563 valorem
895 2513 1318 2579 independenter
1377 2529 1405 2561 a
1464 2510 1646 2560 labore
1706 2509 1955 2558 humano.

57 2594 227 2645 Immo
281 2596 440 2645 etiam
491 2604 779 2662 postquam
836 2612 917 2645 res
969 2595 1143 2661 aliqua
1198 2593 1380 2644 labore
1436 2592 1808 2642 transformata
1860 2596 1953 2650 est,

59 2694 310 2743 magnam
350 2686 555 2744 partem
596 2678 789 2728 valoris
830 2696 937 2727 non
978 2677 1141 2727 habet
1181 2693 1211 2727 a
1252 2676 1460 2736 labore,
1515 2675 1610 2725 sed
1652 2691 1681 2723 a
1722 2673 1954 2732 materia,

59 2775 128 2808 ex
179 2776 286 2826 qua
336 2760 527 2810 effecta
578 2769 672 2811 est.
754 2759 841 2810 Sic
892 2769 1067 2810 statua
1115 2775 1270 2809 aurea
1317 2758 1400 2808 vel
1452 2773 1748 2807 marmorea
1798 2755 1956 2804 etiam

59 2841 417 2892 abstrahendo
469 2860 499 2892 a
551 2841 734 2892 labore
785 2844 1039 2893 maiorem
1093 2842 1257 2892 habet
1296 2840 1532 2891 valorem
1585 2856 1740 2905 quam
1784 2846 1957 2886 statua

61 2940 128 2972 ex
166 2923 310 2989 ligno
351 2925 555 2985 effecta,
600 2932 652 2975 et
690 2926 823 2974 inter
851 2926 1019 2974 varias
1058 2933 1261 2974 statuas
1301 2941 1369 2972 ex
1399 2922 1544 2988 ligno
1575 2922 1740 2971 factas
1767 2921 1957 2968 iterum

60 3014 139 3055 est
179 3006 451 3056 diversitas
490 3006 682 3056 valoris
722 3015 941 3073 propter
981 3006 1342 3057 diversitatem
1383 3005 1524 3071 ligni.
1606 3003 1812 3053 Eadem
1855 3000 1957 3050 dici

61 3097 284 3152 possunt
335 3089 515 3154 quoad
572 3107 758 3139 omnes
810 3089 916 3139 fere
966 3106 1046 3139 res
1086 3089 1434 3138 industriales.
1515 3087 1661 3152 Ergo
1703 3085 1745 3134 si
1785 3082 1957 3133 solum

60 3169 113 3218 id
163 3178 220 3219 ut
270 3172 542 3237 proprium
595 3172 856 3237 possideri
906 3180 1111 3238 potest,
1167 3171 1313 3236 quod
1364 3178 1444 3220 est
1485 3169 1703 3218 effectus
1744 3165 1954 3225 laboris,

61 3251 280 3302 debebit
318 3251 418 3314 ille,
463 3254 551 3319 qui
593 3271 704 3303 rem
744 3253 928 3304 labore
967 3262 1302 3320 procreatam
1345 3251 1600 3318 possidet,
1636 3248 1825 3298 saltem
1852 3263 1956 3296 ma-

61 3349 222 3397 gnam
272 3343 478 3400 partem
529 3335 722 3386 valoris
773 3336 1140 3386 communitati
1191 3335 1413 3385 tradere.
1494 3333 1564 3382 Et
1605 3331 1721 3398 quis
1761 3329 1958 3396 poterit
