2182 3682
233 158 336 209 272
639 157 751 185 PARS
786 156 832 185 ΙΙ.
884 156 1195 186 PHILOSOPHIA
1232 156 1434 186 MORALIS
1470 157 1718 187 SPECIALIS.

229 293 588 359 parationem,
634 293 937 343 diuturnam
977 300 1032 343 et
1072 295 1396 343 cotidianam
1438 301 1491 343 et
1532 293 1638 344 fere
1679 294 2008 345 exclusivam
2048 312 2135 344 ex-

229 375 609 425 ercitationem.
666 373 962 439 Quomodo
992 392 1122 441 ergo
1164 375 1360 441 poterit
1399 374 1601 442 aliquis,
1647 377 1735 441 qui
1776 377 1972 427 cotidie
2013 393 2136 427 cum

228 457 340 507 aliis
381 474 606 523 corpore
648 455 890 506 laborare
932 458 1096 506 debet
1125 465 1177 507 et
1205 475 1312 507 non
1353 456 1508 507 aliam
1552 474 1714 523 quam
1755 458 1978 525 quilibet
2004 458 2137 509 alius

228 540 601 589 educationem
631 547 684 588 et
723 539 1128 589 instructionem
1156 539 1380 605 accepit,
1423 539 1623 606 aliquid
1652 539 1808 590 solidi
1850 548 2134 607 praestare,

227 623 391 671 immo
443 638 610 671 novas
662 621 994 671 inventiones
1048 620 1252 671 facere?
1328 621 1531 671 Dicunt
1583 622 1801 688 quidem
1853 622 2136 673 adversarii

226 704 276 753 in
329 712 469 753 statu
522 703 842 753 socialistico
895 702 1135 753 laborem
1188 720 1531 753 communem
1588 703 1699 754 fore
1752 704 2133 766 brevissimum,

226 786 298 835 ita
338 795 396 835 ut
436 784 653 835 cuilibet
693 793 906 851 tempus
947 785 1230 835 abundans
1269 785 1499 852 supersit
1538 786 1607 835 ad
1648 786 1818 836 varias
1858 796 1996 837 artes
2037 804 2135 853 pro

226 866 377 916 libitu
434 867 778 916 exercendas.
873 865 982 916 Sed
1043 867 1146 917 hoc
1206 885 1422 933 prorsus
1480 868 1788 919 incredibile
1843 876 1951 929 est,
2013 886 2135 919 cum

225 948 470 999 stimulus
512 950 580 999 ad
624 948 907 1015 diligenter
947 948 1301 1000 laborandum
1345 951 1496 1001 desit.

229 1095 375 1160 346.
456 1096 511 1147 Si
553 1106 730 1147 autem
774 1098 1049 1147 diversitas
1077 1105 1313 1147 statuum
1341 1097 1652 1157 admittitur,
1696 1097 1799 1147 iam
1837 1106 2013 1148 actum
2057 1106 2137 1148 est

226 1179 294 1229 de
333 1178 657 1244 aequalitate
698 1180 903 1239 iurium,
948 1188 1001 1229 et
1043 1179 1264 1229 debebit
1306 1179 1465 1228 etiam
1501 1179 1750 1229 educatio
1779 1188 1832 1229 et
1859 1181 2136 1230 instructio

224 1279 322 1328 pro
366 1261 584 1311 diversis
625 1278 740 1311 esse
782 1262 1001 1311 diversa.
1084 1261 1364 1311 Praeterea
1405 1278 1534 1310 num
1573 1260 1667 1323 illi,
1723 1261 1812 1327 qui
1854 1262 2137 1328 diligenter

224 1343 378 1394 alicui
417 1343 668 1393 scientiae
708 1342 792 1393 vel
845 1344 941 1393 arti
982 1361 1039 1393 se
1081 1343 1298 1392 tradunt
1338 1343 1389 1392 in
1429 1343 1599 1409 iisque
1640 1343 1938 1406 excellunt,
1994 1361 2135 1394 emo-

223 1425 459 1475 lumenta
499 1425 674 1491 aliqua
714 1426 837 1475 inde
878 1426 977 1475 sibi
1017 1442 1231 1492 sperare
1272 1424 1529 1491 possunt?
1581 1424 1789 1486 Sinon,
1833 1427 1939 1476 iam
1968 1426 2136 1477 deerit

223 1507 492 1557 sufficiens
542 1507 785 1558 stimulus
826 1508 893 1557 ad
948 1514 1285 1558 constantem
1333 1507 1689 1574 diligentiam;
1743 1508 1785 1557 si
1826 1525 1953 1558 vero
1995 1526 2137 1559 erno-

224 1589 462 1640 lumenta
513 1591 802 1656 accipient,
856 1591 1046 1640 iterum
1093 1599 1271 1640 actum
1313 1591 1410 1639 erit
1462 1590 1530 1640 de
1571 1589 1917 1656 aequalitate,
1973 1599 2025 1640 et
2064 1592 2135 1641 in-

224 1672 398 1722 vidiae
437 1673 521 1722 via
561 1680 745 1738 aperta
787 1681 894 1733 est,
938 1672 1246 1738 praesertim
1291 1689 1412 1722 cum
1454 1673 1797 1738 magistratus
1836 1673 2023 1723 iisdem
2066 1690 2136 1723 ex

226 1755 384 1805 rebus
425 1756 695 1804 communi
736 1754 919 1805 labore
959 1755 1122 1821 partis
1163 1754 1413 1804 omnibus
1454 1754 1768 1804 distribuere
1809 1754 2058 1806 debeant.

229 1914 375 1968 347.
457 1905 504 1954 6.
550 1902 753 1954 Crescit
794 1903 1096 1964 difficultas,
1139 1904 1181 1953 si
1211 1904 1570 1953 convertimur
1597 1899 2134 1954 ad‘dz‘stributionem

226 2004 399 2036 rerum
439 1986 490 2035 in
533 1987 802 2036 communi
843 1986 1242 2052 productarum.
1325 1984 1660 2052 Quintuplex
1700 1994 1908 2036 tantum
1949 2003 2137 2036 norma

226 2069 519 2135 excogitari
561 2076 756 2134 potest,
799 2069 1097 2118 secundum
1128 2085 1286 2134 quam
1316 2068 1449 2118 haec
1479 2068 1779 2118 distributio
1809 2067 1921 2118 fieri
1947 2069 2132 2134 possit,

226 2152 471 2201 nimirum
523 2150 604 2200 vel
660 2168 912 2200 numerus
963 2151 1195 2215 capilum
1247 2149 1330 2199 vel
1382 2136 1610 2214 lcimpus,
1669 2168 1764 2216 per
1819 2151 1966 2216 quod
2019 2151 2136 2217 quis

226 2233 512 2293 laboravit,
565 2232 649 2282 vel
690 2233 1028 2297 praeslalio,
1080 2233 1110 2282 i.
1155 2250 1198 2282 e.
1244 2232 1469 2298 qualitas
1521 2241 1574 2282 et
1621 2233 1889 2298 quantitas
1940 2232 2137 2282 laboris

227 2316 488 2382 praestiti,
531 2313 614 2364 vel
655 2315 944 2379 diligentia
984 2315 1035 2364 in
1077 2314 1392 2374 laborando,
1435 2313 1518 2364 vel
1560 2315 1793 2380 denique
1832 2314 2134 2380 indzgentia

225 2397 572 2463 singulorum.
670 2396 867 2462 Alqm',
931 2397 1316 2462 quodcumque
1376 2398 1682 2458 assumitur,
1752 2397 1989 2462 sequitur
2047 2397 2134 2446 ab·

226 2480 462 2530 surdum.
543 2478 698 2543 Ergo
730 2520 737 2528 .
776 2521 782 2528 .
818 2521 825 2529 .

300 2581 457 2632 Prob.
502 2582 629 2632 min.
686 2583 735 2647 a)
779 2581 938 2632 Solus
978 2600 1231 2632 numerus
1260 2583 1492 2648 capitum
1522 2589 1602 2632 est
1642 2599 1889 2632 mensura
1917 2583 2136 2632 omnino

227 2665 432 2714 iniusta.
513 2664 654 2713 Nam
706 2682 815 2713 non
857 2681 1043 2713 omnes
1084 2673 1208 2714 sunt
1247 2681 1420 2730 aeque
1461 2663 1743 2729 diligentes
1782 2663 1865 2714 vel
1907 2664 2133 2714 eandem

227 2746 429 2796 habent
458 2745 849 2807 dexteritatem,
881 2746 1281 2812 experientiam,
1312 2746 1454 2795 idem
1484 2746 1721 2812 corporis
1749 2746 1923 2796 robur.
1979 2746 2137 2795 Esset

228 2828 385 2894 plane
431 2827 669 2893 iniquum
712 2828 960 2877 omnibus
1001 2828 1229 2877 eandem
1283 2828 1631 2893 quantitatem
1675 2845 1745 2877 ex
1795 2827 1953 2877 rebus
1994 2844 2134 2877 com-

229 2910 374 2959 muni
414 2908 597 2959 labore
637 2910 800 2975 partis
842 2910 1168 2960 distribuere.

303 2999 359 3062 b)
401 2997 458 3048 Si
495 3006 697 3063 [empus
725 3007 805 3048 est
833 3015 1080 3048 mensura
1108 2998 1507 3058 distributionis,
1550 3015 1695 3064 ergo,
1741 2997 1830 3063 qui
1871 3014 1965 3063 per
1990 2997 2134 3046 idem
2181 2996 2182 3001 ’

227 3089 442 3147 tempus
470 3079 858 3141 laboraverunt,
902 3081 1129 3130 eandem
1158 3080 1465 3129 mercedem
1492 3080 1768 3145 accipient,
1807 3080 1917 3128 sive
1947 3078 2135 3128 fuerint

229 3162 433 3212 habiles
474 3169 526 3211 et
567 3161 721 3227 periti
761 3161 870 3211 sive
911 3179 1033 3222 non,
1077 3162 1187 3211 sive
1229 3160 1510 3226 diligentes
1537 3169 1590 3210 et
1626 3160 1819 3210 assidui
1859 3160 1969 3210 sive
2008 3177 2132 3220 non,

230 3244 340 3294 sive
392 3259 610 3309 operam
665 3242 909 3292 dederint
960 3242 1233 3292 laboribus
1285 3243 1525 3293 molestis
1575 3249 1629 3292 et
1680 3241 1990 3308 periculosis
2028 3241 2137 3290 sive

233 3342 366 3386 non;
411 3325 506 3373 sed
548 3324 680 3374 haec
721 3341 930 3373 summa
970 3333 1109 3373 esset
1149 3324 1409 3389 iniquitas.
2024 3339 2029 3343 ·
