2182 3682
218 196 369 225 CAPUT
401 187 480 225 VII.
531 194 594 222 DE
629 192 868 222 PROPRIET.
901 191 1175 220 BONITATL'M
1210 190 1267 219 ET
1301 190 1539 218 MALITIAM
1573 189 1765 226 CONSEQ.
1855 181 1946 229 181

63 340 240 382 catum
281 329 566 396 praecipue
605 327 902 378 secundum
943 325 1091 391 quod
1132 333 1212 374 est
1245 324 1447 374 offensa
1475 333 1661 374 contra
1688 325 1881 386 Deum,
1925 342 1955 374 a

62 410 386 480 philosopho
420 419 596 460 autem
626 408 812 458 morali
838 407 1134 458 secundum
1164 406 1311 472 quod
1341 405 1687 455 contrariatur
1714 407 1951 457 rationi».

136 491 418 543 Nonnullis
467 491 600 541 haec
653 489 1032 555 theologorum
1085 489 1264 554 opinio
1317 487 1601 554 reprobata
1639 488 1848 537 videtur
1886 488 1954 537 ab

61 574 376 626 Alexandro
420 573 566 634 VIII,
611 573 700 638 qui
740 589 784 621 a.
837 572 974 641 1690
1014 570 1151 622 hanc
1192 569 1613 636 propositionem
1661 569 1951 619 damnavit:

66 657 383 706 «Peccatum
424 654 856 721 philosophicum
896 670 989 703 seu
1031 651 1231 702 morale
1271 660 1351 701 est
1391 660 1539 701 actus
1567 650 1830 700 humanus
1858 651 1955 700 dis-

62 737 382 789 conveniens
433 745 651 787 naturae
703 735 942 785 rationali
992 743 1045 784 et
1096 743 1271 784 rectae
1322 734 1536 794 rationi;
1588 732 1955 798 theologicum

61 837 186 871 vero
239 828 293 870 et
338 818 562 869 mortale
603 826 682 868 est
722 817 1071 882 transgressio
1113 816 1276 867 libera
1316 816 1522 865 divinae
1562 814 1709 880 legis.
1789 813 1957 864 Philo-

62 901 345 968 sophicum
396 900 735 967 quantumvis
785 916 947 965 grave
998 900 1049 948 in
1100 898 1215 959 illo,
1271 899 1361 964 qui
1399 897 1579 946 Deum
1617 896 1701 946 vel
1747 897 1960 962 ignorat

60 983 143 1034 vel
183 993 306 1034 actu
347 983 415 1033 de
455 983 577 1032 Deo
618 999 725 1032 non
767 981 996 1047 cogitat,
1040 989 1120 1030 θεῖ
1160 997 1321 1046 grave
1361 986 1671 1045 peccatum,
1714 979 1809 1028 sed
1851 995 1958 1027 non

61 1074 141 1116 est
191 1066 415 1115 offensio
456 1065 586 1126 Dei,
643 1081 818 1130 neque
870 1071 1154 1129 peccatum
1195 1061 1446 1122 mortale,
1502 1060 1795 1111 dissolvens
1836 1060 1957 1109 ami-

61 1149 238 1199 citiam
278 1148 395 1209 Dei,
439 1164 614 1213 neque
654 1163 830 1213 poena
870 1154 1086 1195 aeterna
1126 1145 1398 1210 dignum.»

133 1230 338 1280 Verum
404 1247 473 1280 ex
538 1229 637 1279 hac
703 1228 838 1279 thesi
899 1245 1007 1278 non
1065 1227 1274 1277 videtur
1332 1234 1706 1293 argumentum
1765 1225 1958 1275 efficax

61 1313 167 1379 peti
219 1329 378 1379 posse
435 1320 619 1362 contra
674 1309 1080 1377 possibilitatem
1136 1309 1341 1375 peccati
1397 1307 1777 1374 philosophici,
1837 1308 1959 1373 quia

60 1412 166 1444 non
207 1393 381 1444 solum
422 1393 657 1460 loquitur
697 1394 765 1443 de
806 1410 930 1443 casu
971 1392 1300 1457 ignorantiae
1341 1391 1444 1441 Dei
1484 1389 1819 1451 invincibilis,
1862 1390 1957 1439 sed

59 1477 217 1527 etiam
259 1477 326 1526 de
368 1493 510 1536 casu,
556 1493 664 1541 quo
706 1476 822 1541 quis
853 1475 1030 1524 Deum
1062 1475 1357 1540 cognoscit,
1402 1474 1469 1522 de
1499 1490 1562 1522 eo
1591 1481 1786 1532 tamen,
1830 1472 1957 1521 dum

59 1567 266 1625 peccat,
309 1566 426 1607 acm
465 1576 568 1608 non
609 1558 819 1623 cogitat.
890 1557 1067 1606 Potuit
1108 1573 1237 1622 ergo
1279 1555 1442 1606 thesis
1476 1554 1712 1604 damnari
1742 1563 1960 1620 propter

59 1641 197 1690 hanc
238 1640 458 1691 alteram
500 1649 720 1706 partem,
766 1657 903 1705 quae
945 1648 1087 1689 certe
1128 1638 1403 1696 falsissima
1444 1646 1537 1687 est.

63 1794 210 1844 213.
278 1781 633 1832 Nihilominus
669 1790 953 1848 peccatum
993 1780 1427 1847 philosophicum
1466 1780 1653 1830 saltem
1695 1778 1962 1829 moraliter

60 1864 335 1931 loquendo
387 1882 494 1914 non
547 1882 660 1914 esse
713 1863 965 1930 possibile
1007 1864 1208 1913 ratione
1248 1862 1570 1913 sufficienter
1611 1861 1962 1912 demonstrari

59 1955 254 2014 potest.
336 1947 548 1997 Etenim
601 1947 869 1996 dictamen
921 1947 1136 1996 rationis
1188 1946 1478 2012 practicae:
1534 1943 1732 1994 malum
1775 1952 1854 1993 est
1893 1943 1960 1992 vi-

60 2030 304 2099 tandum,
348 2047 378 2079 a
418 2030 628 2079 nemine
669 2029 884 2079 rationis
924 2046 1079 2078 usum
1119 2028 1352 2077 habente
1394 2028 1621 2095 ignorari
1662 2035 1865 2093 potest,
1909 2034 1962 2075 et

62 2110 306 2161 facillime
359 2112 632 2161 ratiocinio
685 2111 909 2178 quilibet
962 2112 1241 2177 cognoscit
1282 2110 1385 2161 hoc
1426 2111 1676 2160 iudicium
1719 2126 1834 2159 esse
1875 2126 1961 2158 ex-

62 2194 388 2260 pressionem
448 2193 737 2243 voluntatis
796 2194 1014 2244 alicuius
1073 2194 1356 2259 superioris
1416 2195 1484 2257 (n.
1556 2193 1690 2257 180).
1783 2190 1961 2256 Quam

61 2276 290 2342 primum
349 2292 478 2340 ergo
536 2276 652 2341 quis
708 2285 885 2326 actum
941 2274 1202 2342 aliquem,
1260 2293 1308 2326 v.
1367 2292 1417 2340 g.
1476 2274 1823 2323 homicidium
1877 2272 1961 2323 vel

62 2357 372 2423 periurium,
434 2366 493 2407 ut
553 2357 749 2407 malum
807 2375 902 2408 seu
957 2367 1175 2408 naturae
1232 2357 1723 2407 disconvenientem
1778 2373 1962 2422 appre-

61 2439 272 2505 hendit,
325 2440 504 2490 statim
555 2441 753 2490 iudicat
804 2458 926 2490 eum
979 2457 1095 2490 esse
1142 2440 1414 2489 vitandum
1457 2439 1566 2500 vel,
1622 2438 1767 2505 quod
1819 2439 1961 2488 idem

63 2530 172 2583 est,
214 2521 477 2584 illicitum,
521 2522 876 2589 prohibitum,
920 2539 1097 2589 poena
1138 2522 1374 2590 dignum.
1457 2521 1538 2571 Eo
1579 2522 1722 2588 ipso,
1773 2520 1962 2570 saltem

51 2603 114 2677 ig
171 2604 425 2666 confuso,
493 2605 848 2671 apprehendit
905 2604 1139 2670 aliquem
1198 2605 1525 2670 superiorem
1585 2602 1958 2670 legislatorem,

63 2678 562 2752 cuiusss'legeffisua
601 2688 811 2738 actione
851 2686 1028 2737 violat.

800 2852 1127 2891 ARTICULUS
1161 2852 1214 2890 II.

803 2952 895 2997 DE
932 2952 1216 2998 MERITO.

463 3051 527 3105 (S.
570 3055 709 3093 Thoan.
750 3066 783 3104 1,
821 3066 858 3103 2,
893 3069 931 3107 q.
969 3065 1036 3103 21,
1072 3070 1107 3094 a.
1143 3066 1166 3105 3
1203 3061 1241 3093 et
1273 3067 1323 3103 4;
1360 3069 1397 3106 q.
1440 3052 1556 3105 114.)

756 3177 783 3232 g
821 3191 854 3218 1.
905 3180 1033 3220 Eics
1066 3180 1265 3219 Nono,

67 3287 211 3342 214.
300 3296 340 3331 1.
385 3281 520 3332 Cum
561 3283 677 3349 quis
717 3284 928 3334 actione
969 3283 1132 3334 libera
1165 3283 1314 3334 alteri
1341 3281 1763 3332 emolumentum
1790 3281 1957 3341 affert,

65 3363 207 3424 apud
248 3380 370 3414 eum
411 3367 614 3416 mereri
653 3366 859 3428 dicitur,
901 3366 1173 3416 demereri
1210 3382 1238 3415 θ
1280 3374 1490 3425 contra,
1535 3363 1577 3412 si
1617 3363 1826 3413 actione
1866 3380 1959 3413 sua
