2182 3682
201 165 306 215 260
598 176 709 205 PARS
745 177 793 205 II.
845 176 1158 206 PHILOSOPHIA
1192 176 1394 206 MORALIS
1431 177 1679 206 SPECIALIS.

274 311 330 376 b)
372 313 792 362 communismus
832 313 1092 378 positivus
1131 312 1439 362 7220de1'alus
1477 313 1593 361 sola
1619 312 1765 362 bona
1779 312 2104 378 productiva

198 394 246 442 in
292 410 577 443 commune
618 394 859 460 redigere
888 395 1046 461 cupit.
1110 392 1478 444 Subdividitur
1516 395 1568 443 in
1604 393 2011 444 anarchz'smum
2052 402 2105 444 et

197 475 580 526 socialismum.
659 475 1014 526 Anarchistae
1056 493 1085 526 a
1126 475 1405 526 socialistis
1446 476 1696 526 differunt
1743 477 1804 541 1)·
1830 494 1912 538 eo,
1955 477 2104 543 quod

197 556 268 607 illi
309 559 487 607 omnia
528 559 672 608 bona
724 559 1041 624 productiva
1081 559 1133 608 in
1174 559 1466 608 dominium
1520 557 1852 608 inalienabile
1892 559 2106 609 munici-
2148 611 2159 620 L

187 639 408 704 piorum
449 640 532 690 vel
572 641 881 690 socz'elaz‘mn
925 641 1304 705 Operarz'ormn
1358 641 1492 691 inter
1531 658 1588 690 se
1631 641 2104 707 independentium

199 722 478 772 transferre
531 723 860 784 desiderant,
917 723 971 772 hi
1010 741 1137 773 vero
1184 724 1234 772 in
1277 723 1573 773 dominium
1625 718 1797 773 totius
1838 723 2108 773 societatis

201 804 389 866 civilis3
436 806 487 869 2)
531 823 595 854 eo
638 805 787 871 quod
829 806 1160 855 anarchistae
1201 814 1457 872 respuunt
1486 823 1700 855 omnem
1735 805 2107 856 auctoritatem

199 886 469 953 publicam
512 888 725 953 proprie
755 888 970 947 dictam,
1013 906 1119 938 non
1149 906 1275 938 vero
1304 887 1624 950 socialistae;
1669 888 1900 954 denique
1943 888 1994 952 3)
2024 905 2106 947 eo,

200 969 348 1034 quod
388 969 685 1019 socialistae
727 987 821 1036 per
861 970 1037 1020 media
1078 971 1293 1037 politica
1335 971 1401 1035 (ν.
1434 988 1483 1037 g.
1518 970 1806 1020 electiones
1845 968 2108 1036 politicas)

200 1069 373 1101 rerum
416 1052 573 1118 potiri
621 1062 912 1114 conantur,
967 1061 1024 1103 ut
1067 1054 1189 1103 dein
1243 1071 1337 1119 per
1380 1054 1635 1103 maiorem
1688 1069 1969 1102 numerum
2007 1051 2109 1102 suf-

200 1134 486 1200 fragiorum
530 1135 773 1184 ordinem
814 1135 1191 1186 socialisticum
1233 1136 1299 1185 ad
1344 1136 1595 1186 effectum
1644 1135 1967 1201 perducant;
2023 1151 2108 1184 an-

200 1217 459 1266 archistae
501 1234 529 1266 e
563 1218 827 1267 contrario
864 1227 1214 1268 contemnunt
1255 1218 1519 1267 eiusmodi
1559 1218 1738 1268 media
1778 1226 1830 1267 et
1856 1218 1906 1267 vi
1947 1217 2109 1267 finem

200 1316 354 1349 suum
396 1300 652 1366 consequi
690 1299 891 1350 volunt.

204 1414 350 1478 328.
430 1416 515 1465 Ex
557 1418 711 1468 dictis
763 1427 942 1484 potest
1003 1433 1043 1468 1.
1088 1418 1221 1468 haec
1274 1418 1509 1485 definitio
1549 1418 1854 1469 socialismz'
1902 1417 2106 1483 colligi:

200 1497 545 1549 Socialismus
597 1508 677 1550 est
727 1511 964 1566 systema
1017 1500 1696 1567 oeconomico-politicum,
1752 1501 1899 1567 quod
1949 1509 2110 1550 trans-

201 1580 309 1631 lato
350 1581 402 1630 in
443 1590 613 1632 totam
655 1583 1038 1649 rempublicam
1081 1583 1319 1632 dominio
1360 1583 1627 1633 bonorum
1671 1583 2109 1650 productivorum

201 1671 369 1713 totam
425 1665 835 1730 productionem
890 1674 941 1714 et
995 1665 1421 1715 distributionem
1476 1666 1743 1715 bonorum
1794 1682 1890 1731 per
1939 1664 2110 1730 ipsam

203 1745 586 1812 rempublicam
629 1747 989 1797 democratice
1031 1748 1375 1811 constitutam
1414 1747 1737 1797 ordinandas
1765 1764 1882 1797 esse
1909 1747 2107 1797 statuit.
2181 1777 2182 1787 κ

278 1826 554 1893 Colligitur
584 1843 630 1879 2.
663 1830 1114 1879 communismum
1145 1829 1299 1879 latius
1328 1838 1510 1896 patere
1539 1847 1703 1896 quam
1729 1828 2105 1880 socialismum.

205 1909 546 1961 Socialismus
587 1919 668 1961 est
707 1913 914 1977 species
955 1913 1222 1978 quaedam
1265 1912 1653 1962 communismi.

207 2042 352 2094 329.
433 2032 495 2082 Π.
540 2031 893 2084 Socialz'smlls
933 2034 1236 2084 accuratius
1275 2034 1574 2100 exponisur.
1645 2034 1774 2084 Prae
1813 2033 1999 2084 ceteris
2038 2039 2110 2081 at-

203 2114 496 2164 tentionem
520 2125 751 2166 meretur
774 2126 1010 2182 systema
1031 2117 1413 2167 socialistarum
1439 2116 1939 2176 democraticorum‚
1963 2113 2110 2180 quod

203 2196 254 2245 in
284 2195 569 2247 Germania
599 2207 650 2247 et
678 2199 729 2248 in
761 2198 931 2248 Gallia
971 2200 1257 2265 praecipue
1297 2216 1424 2248 suos
1464 2197 1694 2248 asseclas
1721 2197 1900 2259 habet,
1944 2196 2111 2263 quod-

206 2296 308 2344 que
349 2279 592 2329 homines
632 2280 809 2346 plures
851 2281 998 2331 docti
1040 2281 1393 2332 excoluerunt
1433 2290 1485 2330 et
1517 2280 1811 2331 scientifico
1852 2286 2111 2346 apparatu

206 2360 388 2411 fulcire
430 2363 606 2412 conati
638 2372 774 2413 sunt.
833 2363 959 2413 Eius
998 2364 1252 2429 magister
1279 2364 1597 2429 praecipuus
1624 2362 1850 2412 habetur
1882 2359 2114 2410 Carolus

206 2442 412 2505 silmas,
468 2452 621 2494 natus
662 2444 892 2495 Treviris
933 2463 977 2495 a.
1030 2447 1190 2506 1818,
1246 2453 1488 2495 mortuus
1529 2444 1763 2494 Londini
1811 2445 1976 2507 1883,
2022 2442 2113 2508 qui

206 2524 335 2574 illud
387 2535 501 2575 tum
543 2526 654 2577 aliis
695 2528 905 2593 scriptis
957 2535 1068 2577 tum
1124 2528 1435 2593 praesertim
1475 2544 1572 2576 suo
1615 2543 1778 2593 opere
1826 2525 1968 2574 «Das
2007 2524 2113 2574 Ka-

206 2606 365 2673 pital»
415 2610 787 2674 propugnavit.

292 2703 330 2739 1.
377 2688 588 2740 Statum
629 2690 919 2741 hodiernae
959 2692 1229 2741 societatis
1272 2699 1328 2740 ut
1369 2690 1671 2740 luctuosum
1712 2698 1764 2739 et
1805 2705 2111 2755 perversum

210 2771 467 2822 damnant
516 2772 830 2823 socialistae.
912 2773 1093 2822 Hodie
1133 2773 1233 2822 sub
1274 2771 1478 2821 influxu
1531 2770 1939 2821 individualismi
1991 2770 2113 2819 libe-

211 2853 329 2903 ralis
381 2871 542 2920 quem
581 2864 777 2905 vocant
818 2855 925 2904 fere
978 2854 1247 2921 completa
1298 2853 1513 2904 invaluit
1573 2852 1851 2903 «anarchia
1890 2852 2114 2918 produc-

210 2939 418 2988 tionis».
511 2936 831 3003 Supremum
887 2938 1026 2986 enim
1087 2936 1402 3002 principium
1458 2935 1808 2985 oeconomiae
1866 2933 2115 3000 politicae

211 3019 515 3069 liberalismi
542 3027 646 3068 est:
692 3018 858 3069 Sinite
899 3035 1167 3085 quemque
1196 3019 1247 3067 in
1278 3036 1331 3067 re
1360 3018 1709 3067 oeconomica
1737 3016 1923 3077 facere,
1967 3014 2114 3082 quod

212 3102 339 3163 vult,
383 3110 436 3151 et
476 3101 612 3151 ultro
655 3102 851 3150 orietur
893 3101 1126 3166 optimus
1160 3100 1345 3149 mundi
1374 3100 1524 3149 ordo.
1582 3099 1723 3148 Hinc
1751 3098 1929 3148 omnia
1969 3096 2114 3146 relin-

213 3192 448 3250 quuntur
481 3183 676 3232 liberae
717 3182 1085 3248 competitioni
1126 3199 1219 3231 seu
1267 3181 1749 3240 «concurrentiae»,
1792 3188 1845 3229 et
1877 3179 2116 3243 exsurgit

214 3265 520 3315 universalis
570 3265 705 3314 inter
756 3281 945 3313 omnes
987 3264 1055 3313 de
1096 3264 1404 3313 exsistentia
1454 3279 1662 3328 pugna,
1716 3262 1768 3310 in
1816 3277 1922 3327 qua
1973 3260 2116 3309 debi-

214 3347 370 3396 liores
410 3345 663 3412 paulatim
711 3345 1095 3406 succumbunt,
1152 3362 1339 3394 omnes
1380 3344 1592 3393 divitiae
1632 3343 1802 3407 magis
1841 3342 2115 3407 magisque
