2182 3682
558 168 644 198 LIB.
680 156 728 199 Ii.
777 169 877 199 CAP.
912 169 978 200 ΙΙΙ.
1024 169 1086 198 DE
1120 170 1372 200 SOCIETATE
1407 171 1563 202 CIVILI.
1891 174 1991 228 471

106 304 285 353 eodem
323 313 434 365 post
479 306 656 350 multos
705 320 860 351 annos
908 304 1144 351 moriatur
1193 313 1240 352 et
1282 307 1439 352 solum
1485 316 1596 368 post
1641 318 1849 356 mortem
1898 310 2000 358 eius

99 379 384 428 innocentia
434 380 701 439 detegatur.
773 380 1003 426 Potestne
1052 379 1177 426 haec
1224 379 1400 426 iniuria
1446 383 1694 442 reparari?
1751 385 1888 444 Ergo
1934 401 1998 432 ne

99 454 162 501 ad
195 465 486 516 perpetuum
524 468 774 501 carcerem
808 453 1008 513 quidem
1046 454 1382 501 condemnare
1415 455 1593 503 licebit.
1654 458 1812 504 Immo
1851 459 1997 506 etiam

99 531 222 578 aliae
259 545 451 593 poenae
489 544 636 590 saepe
674 528 891 589 reparari
927 544 1029 574 non
1066 537 1283 590 possunt.

175 628 326 677 Resp.
361 638 404 666 2.
470 618 600 665 Dist.
639 623 815 664 cmz‘ec..·
860 616 990 663 Fieri
1032 616 1083 663 id
1119 624 1281 678 potest
1317 617 1538 664 absolute
1586 618 1635 663 in
1681 635 1796 666 casu
1832 620 1997 680 aliquo

98 692 343 740 rarissimo
385 700 432 739 et
467 707 557 754 per
594 691 850 749 accidens,
901 706 1042 746 cmm,
1091 706 1180 751 per
1216 706 1267 738 se
1305 700 1353 738 et
1387 692 1687 752 generatim,
1737 693 1776 740 si
1811 694 1998 742 iudices

97 783 184 814 suo
220 781 424 814 munere
461 767 551 813 rite
589 767 873 826 fungantur,
923 781 1036 824 nege
1073 770 1117 810 et
1150 780 1264 824 wege
1300 781 1415 812 com.
1488 766 1537 812 Si
1573 766 1759 814 iudices
1796 780 1999 829 possent

96 849 212 889 tunc
260 842 417 888 solum
466 841 827 899 condemnare,
879 839 1081 900 quando
1130 840 1352 886 absoluta
1392 856 1591 900 prorsus
1640 850 1687 887 et
1733 842 1999 890 infallibilis

97 916 304 964 habetur
341 915 604 973 certitudo,
654 932 766 962 raro
805 915 1073 962 admodum
1110 914 1337 961 homines
1373 915 1550 962 nefarii
1584 925 1787 976 possent
1821 918 1997 978 puniri,

95 999 242 1051 atque
278 990 344 1037 ita
380 991 524 1038 facile
560 992 723 1052 legum
767 989 1028 1036 auctoritas
1077 998 1397 1036 evanesceret
1434 1006 1544 1036 cum
1581 991 1717 1051 gravi
1754 992 1999 1038 societatis

94 1065 338 1112 humanae
380 1065 578 1112 damno.
652 1065 839 1111 Sufficit
887 1079 1031 1124 ergo,
1081 1073 1132 1110 ut
1177 1063 1363 1111 iudices
1399 1064 1616 1111 habeant
1663 1065 1996 1124 subiectivam,

94 1140 318 1201 plenam,
371 1139 697 1186 indubitatam
749 1139 812 1186 de
865 1140 1010 1200 culpa
1061 1139 1275 1185 accusati
1321 1140 1717 1200 persuasionem,
1772 1156 1898 1201 quae
1948 1141 1998 1187 in

95 1215 240 1262 rebus
275 1214 546 1275 gravissimi
587 1213 824 1261 momenti
862 1213 1136 1274 requiritur.
1208 1214 1333 1260 Illud
1370 1229 1489 1261 vero
1527 1214 1824 1275 periculum,
1865 1216 1998 1276 quod

95 1289 246 1347 adest,
286 1297 336 1335 ut
361 1289 629 1350 aliquando
654 1290 861 1336 fortasse
897 1289 947 1334 in
978 1304 1093 1334 casu
1123 1287 1372 1335 rarissimo
1411 1298 1575 1335 errent
1605 1298 1653 1336 et
1681 1289 1998 1337 innocentem

97 1364 348 1422 damnent,
387 1363 657 1425 prudenter
691 1364 973 1424 neglegunt.
1034 1364 1092 1410 Id
1130 1362 1261 1409 enim
1297 1364 1578 1410 necessario
1617 1365 1852 1412 cohaeret
1887 1381 1998 1412 cum

94 1439 471 1500 imperfectione
497 1454 659 1485 rerum
685 1439 1023 1485 humanarum.
1075 1439 1306 1484 Ceterum
1335 1453 1432 1499 quo
1463 1439 1617 1485 maius
1649 1447 1720 1485 est
1746 1438 1996 1498 damnum,

95 1513 158 1560 de
196 1528 294 1574 quo
330 1513 591 1560 inferendo
630 1513 808 1574 agitur,
848 1528 908 1560 eo
945 1513 1100 1574 magis
1137 1512 1286 1559 iudici
1323 1514 1602 1560 cavendum
1638 1522 1723 1573 est,
1761 1530 1825 1562 ne
1862 1514 1999 1562 inno-

96 1596 291 1635 centem
328 1587 542 1635 damnet.

178 1691 279 1732 Obi.
315 1703 357 1743 5.
412 1685 527 1731 Non
562 1683 676 1731 licet
712 1685 877 1732 facere
914 1686 1110 1743 malum,
1152 1684 1266 1745 quia
1303 1684 1423 1731 alius
1459 1686 1641 1732 malum
1668 1685 1796 1732 fecit.
1851 1686 2005 1748 Atqui

97 1760 194 1805 hoc
231 1761 282 1805 fit
317 1759 367 1805 in
403 1774 568 1820 poena
604 1759 787 1806 mortis.
858 1760 996 1818 Ergo
1024 1798 1031 1806 .
1063 1797 1070 1806 .
1101 1797 1108 1806 .

173 1865 323 1914 Resp.
364 1876 397 1902 ι.
469 1858 586 1903 Hoc
633 1865 976 1917 argumentum
1023 1858 1258 1918 probaret
1306 1857 1577 1917 quamlibet
1625 1872 1841 1919 poenam
1892 1873 1997 1906 esse

95 1931 291 1989 malam,
332 1931 467 1991 quod
502 1939 668 1977 tamen
706 1931 972 1978 adversarii
1008 1947 1111 1978 non
1148 1931 1422 1979 admittunt.

172 2037 322 2085 Resp.
364 2047 407 2074 2.
476 2028 607 2074 Dz'st.
657 2029 798 2074 mall:
847 2028 963 2074 Non
1012 2028 1126 2075 licet
1173 2028 1338 2075 facere
1388 2029 1570 2075 malum
1618 2030 1832 2087 morale,
1885 2030 1999 2090 quia

94 2101 214 2149 alius
248 2102 431 2148 malum
470 2103 608 2160 fecit,
648 2117 787 2158 conc„
840 2119 943 2149 non
980 2102 1092 2149 licet
1130 2104 1294 2150 facere
1331 2104 1512 2149 malum
1550 2104 1832 2166 physicum,
1884 2105 1998 2165 quia

93 2177 215 2223 alter
239 2178 421 2223 malum
447 2178 634 2224 morale
661 2178 790 2235 fecit,
827 2178 1015 2224 subdz‘st.
1032 2196 1045 2223 .·
1076 2193 1177 2224 non
1203 2178 1318 2225 licet
1344 2179 1508 2225 facere
1535 2180 1715 2225 malum
1741 2179 1997 2241 physicum

91 2250 210 2297 illud
234 2250 543 2299 intendendo
573 2261 624 2298 ut
652 2253 801 2299 finem
829 2252 880 2298 in
910 2268 975 2309 se,
1015 2268 1148 2309 conc„
1186 2261 1236 2299 ut
1264 2253 1482 2300 medium
1512 2253 1575 2300 ad
1602 2255 1996 2301 conservandum

91 2326 280 2372 bonum
316 2326 471 2383 altius,
511 2341 636 2386 nego.

174 2430 276 2470 Obi.
320 2433 358 2470 6.
432 2423 716 2484 Numquam
769 2423 882 2470 licet
933 2424 1214 2481 hominem,
1272 2424 1355 2484 qui
1403 2432 1475 2472 est
1525 2440 1741 2486 persona
1793 2434 1842 2472 et
1890 2425 1999 2472 finis

94 2496 335 2556 omnium,
384 2498 568 2545 habere
615 2507 667 2544 ut
703 2513 806 2544 rem
844 2499 923 2545 vel
958 2513 1147 2545 merum
1196 2499 1428 2546 medium.
1500 2500 1654 2560 Atqui
1691 2500 1787 2547 hoc
1836 2502 1910 2558 fit,
1961 2500 1999 2547 si

93 2572 333 2619 occiditur
369 2580 573 2634 propter
608 2574 797 2619 bonum
834 2588 1113 2620 commune.
1185 2574 1323 2633 Ergo
1351 2611 1358 2620 .
1391 2612 1398 2621 .
1430 2613 1436 2621 .

169 2678 320 2726 Resp.
383 2670 514 2716 Dist.
552 2671 685 2717 mais
738 2670 855 2717 Non
891 2670 1005 2717 licet
1048 2670 1301 2718 hominem
1347 2671 1532 2718 habere
1570 2681 1621 2718 ut
1664 2687 1853 2718 merum
1901 2686 1998 2718 me·

92 2743 252 2802 dium,
302 2744 368 2790 ita
409 2752 460 2790 ut
502 2744 655 2806 possit
702 2744 765 2792 de
815 2760 876 2792 eo
914 2745 1291 2805 quomodolibet
1338 2745 1536 2807 disponi
1583 2746 1633 2792 in
1682 2761 1996 2793 communem

90 2817 360 2877 utilitatem,
398 2834 532 2875 cona,
569 2835 672 2866 non
708 2820 823 2866 licet
861 2835 971 2867 eum
997 2820 1182 2868 habere
1218 2829 1269 2866 ut
1306 2822 1581 2868 membrum
1619 2821 1996 2880 communitatis,

93 2892 228 2953 quod
265 2894 436 2940 saltem
463 2894 631 2955 quoad
667 2895 799 2941 bona
828 2895 1122 2956 temporalia
1160 2895 1508 2943 subordinatur
1533 2896 1622 2942 toti
1660 2895 1998 2942 communitati

92 2975 140 3013 et
162 2967 279 3014 hinc
313 2968 459 3015 etiam
493 2969 556 3015 ad
580 2968 710 3018 hanc
738 2969 1199 3018 subordinationem
1223 2971 1270 3017 vi
1297 2971 1410 3032 cogi
1436 2979 1611 3032 potest,
1649 2987 1775 3030 nego.
1826 2972 1996 3018 Homo

93 3041 487 3089 consideraretur
523 3051 573 3089 ut
609 3059 797 3090 merum
847 3044 1091 3102 medium,
1141 3046 1178 3092 si
1223 3045 1456 3093 societas*
1479 3046 1570 3092 sibi
1615 3045 1685 3092 ius
1721 3045 1998 3092 vindicaret

93 3116 155 3163 de
193 3132 254 3163 eo
291 3117 615 3179 disponendi,
666 3119 1137 3180 quomodocumque
1179 3120 1224 3167 ei
1261 3120 1311 3165 in
1349 3136 1487 3167 suum
1526 3119 1844 3167 commodum
1879 3120 1995 3167 utile

92 3190 365 3249 videretur,
413 3193 548 3238 nullo
596 3202 825 3254 respectu
870 3193 1039 3240 habito
1087 3194 1208 3241 boni
1244 3194 1433 3256 privati.
1507 3194 1587 3241 Sic
1632 3209 1735 3240 non
1772 3195 1886 3241 licet
1932 3194 1996 3242 de

92 3265 294 3313 homine
331 3266 621 3327 disponere,
672 3267 756 3328 qui
800 3275 872 3315 est
908 3283 1122 3329 persona
1159 3278 1206 3316 et
1242 3270 1402 3316 Deum
1440 3284 1531 3330 pro
1575 3268 1860 3316 immediato
1909 3284 1995 3316 suo

95 3348 143 3386 et
176 3355 406 3401 supremo
442 3342 540 3388 fine
575 3341 739 3389 habet.
808 3344 893 3389 Est
928 3351 1093 3391 tamen
1130 3345 1282 3391 homo
1320 3344 1604 3391 naturaliter
1640 3343 1892 3391 ordinatus
1929 3344 1993 3390 ad
