2182 3682
513 203 602 232 LIB.
637 202 685 232 11.
735 201 834 230 CAP.
870 201 936 230 111.
983 200 1045 229 DE
1081 199 1336 230 SOCIETATE
1371 200 1527 230 CIVILI.
1844 201 1946 250 441

57 342 388 386 contractum
430 350 537 383 non
564 331 738 382 solum
779 331 937 398 plena
980 330 1210 391 libertaS,
1254 330 1349 380 sed
1388 330 1546 380 etiam
1585 330 1804 381 honesta
1845 348 1954 381 ma·

54 417 210 468 teria.
292 415 578 481 Operarius
618 432 665 464 v.
709 431 758 479 g.
805 431 911 463 non
965 421 1148 479 potest
1200 411 1442 478 quolibet
1493 413 1657 461 modo
1700 414 1767 461 de
1806 430 1863 462 se
1904 422 1957 464 et

53 500 160 550 suis
198 498 396 548 viribus
436 498 746 563 disponere,
802 496 897 545 sed
939 494 1113 545 solum
1155 495 1290 544 intra
1332 502 1507 544 certos
1547 494 1752 544 limites.
1833 496 1956 545 Non

55 589 236 648 potest
273 598 319 630 v.
365 597 415 645 g.
458 579 620 629 vitam
661 595 838 639 suam,
892 576 1205 643 praesertim
1245 577 1287 625 si
1328 575 1575 626 familiam
1617 575 1839 638 habeat,
1890 577 1957 626 ad

54 662 260 713 libitum
312 660 547 727 periculo
601 677 874 726 exponere
913 658 997 708 vel
1039 676 1135 724 per
1174 675 1231 708 se
1272 657 1508 723 qualibet
1548 657 1797 708 mercede
1838 676 1958 708 con-

54 753 234 796 tentus
274 761 405 805 esse,
449 745 492 793 si
532 742 744 793 aliunde
773 759 879 791 non
910 741 1124 801 habeat,
1168 758 1276 806 quo
1310 757 1366 790 se
1404 757 1639 806 suosque
1679 749 1955 802 sustentet,

54 826 149 877 sed
190 835 424 886 tenetur,
479 833 738 891 quantum
780 824 831 873 in
871 841 929 873 se
970 832 1075 884 est,
1133 822 1295 872 talem
1343 823 1647 872 mercedem
1689 839 1958 888 quaerere,

56 917 114 958 ut
154 925 275 958 cum
315 907 420 957 suis
461 908 685 956 honeste
725 907 901 955 vivere
943 905 1125 971 possit.
1389 955 1392 957 ,

131 990 186 1053 b)
229 989 390 1039 Plena
431 988 657 1038 libertas
696 988 747 1037 in
788 987 867 1037 his
910 987 1271 1037 contractibus
1318 987 1559 1036 ineundis
1600 1003 1761 1052 saepe
1802 987 1957 1036 deest.

56 1071 209 1122 Multi
249 1072 390 1121 enim
418 1071 484 1120 ad
516 1069 648 1121 tales
689 1078 993 1120 contractus
1033 1070 1310 1130 ineundOS,
1353 1087 1400 1119 V.
1433 1086 1481 1134 g.
1514 1069 1583 1118 ad
1612 1069 1963 1119 mutuandam

57 1153 340 1220 pecuniam
367 1152 450 1203 vel
480 1153 548 1202 ad
576 1151 858 1202 locandam
888 1169 1039 1201 suam
1068 1169 1304 1218 operam,
1336 1152 1652 1201 necessitate
1681 1161 1961 1217 coguntur.

57 1236 197 1286 Hinc
253 1251 510 1301 persaepe
559 1235 611 1284 in
663 1251 874 1295 eorum,
931 1234 1252 1300 quibuscum
1294 1233 1641 1294 contrahunt,
1698 1242 1965 1299 potestate

57 1318 292 1384 positum
326 1325 407 1367 est
445 1317 503 1366 iis
544 1316 764 1382 iniquas,
808 1317 971 1366 immo
1013 1317 1232 1366 iniustas
1273 1316 1619 1366 condiciones
1660 1316 1962 1366 obtrudere.

57 1399 401 1465 Quapropter
442 1415 696 1464 magnum
725 1407 804 1448 est
833 1398 1138 1464 periculum,
1183 1416 1249 1448 ne
1280 1398 1565 1448 debiliores
1592 1399 1782 1448 iniuste
1810 1415 1839 1447 a
1869 1397 1966 1448 for-

55 1481 277 1531 tioribus
305 1481 686 1547 opprimantur,
728 1489 782 1530 et
808 1481 1136 1530 auctoritatis
1166 1480 1329 1530 civilis
1359 1489 1438 1530 est
1465 1481 1571 1530 suis
1600 1479 1806 1545 legibus
1834 1479 1967 1530 tales

56 1563 332 1614 iniustitias
373 1579 703 1628 praecavere.
787 1563 938 1612 Haec
980 1579 1140 1628 porro
1182 1580 1289 1612 non
1331 1562 1506 1612 solum
1557 1562 1735 1612 valent
1788 1561 1965 1629 quoad

58 1645 285 1695 infantes
325 1653 379 1694 et
420 1644 654 1705 feminas,
698 1644 794 1694 sed
836 1645 995 1694 etiam
1038 1645 1215 1710 quoad
1258 1646 1399 1694 viros
1440 1644 1668 1694 adultos.

135 1728 184 1792 c>
244 1726 458 1776 Falsum
518 1735 597 1775 est
656 1727 1029 1776 auctoritatem
1089 1726 1296 1776 civilem
1352 1728 1403 1776 in
1463 1727 1543 1776 his
1604 1726 1964 1777 contractibus

59 1808 233 1858 solum
287 1817 530 1874 spectare
586 1808 783 1858 debere
839 1808 949 1858 iura
1006 1809 1356 1874 privatorum,
1422 1808 1564 1858 nullo
1621 1809 1787 1859 modo
1837 1825 1964 1858 vero

59 1891 246 1941 bonum
297 1907 567 1940 commune
627 1891 785 1940 totius
846 1891 1240 1940 6077277272722'2‘522‘2'8
1295 1892 1603 1957 generatim.
1697 1890 1752 1941 Si
1805 1909 1852 1941 V.
1912 1908 1962 1956 g.

59 1990 128 2023 ex
168 1973 351 2033 modo,
396 1989 503 2038 quo
546 1981 854 2023 contractus
896 1973 1156 2034 ineuntur,
1202 1975 1382 2039 gravia
1411 1973 1643 2039 pericula
1683 1981 1968 2024 nascuntur

59 2072 155 2122 pro
184 2054 340 2104 bonis
368 2055 619 2115 moribus,
662 2072 759 2121 pro
796 2054 1064 2120 religione,
1105 2073 1202 2121 pro
1240 2057 1549 2106 exsistentia
1586 2055 1811 2105 familiae
1845 2064 1963 2115 etc.,

59 2137 345 2187 auctoritas
373 2135 535 2186 civilis
564 2145 758 2202 potest,
802 2137 967 2186 immo
997 2138 1162 2187 debet
1202 2138 1462 2187 eiusmodi
1505 2146 1811 2188 contractus
1850 2155 1965 2203 pro-

62 2219 269 2280 hibere,
333 2219 537 2268 etiamsi
589 2219 855 2284 utrimque
908 2219 1214 2284 plenissima
1270 2219 1483 2270 libertas
1540 2220 1967 2270 contrahentium

60 2301 288 2351 adesset.
344 2301 527 2351 Potest
559 2301 780 2350 eosdem
809 2301 984 2362 etiam,
1025 2302 1122 2351 etsi
1156 2311 1401 2367 spectato
1430 2303 1537 2352 iure
1566 2311 1782 2352 naturae
1810 2301 1970 2352 validi

61 2391 264 2442 essent,
318 2383 491 2433 irritos
543 2383 793 2444 reddere,
849 2384 891 2432 si
933 2383 985 2433 id
1028 2384 1096 2433 ad
1139 2385 1344 2434 bonum
1396 2402 1679 2434 commune
1732 2384 1970 2434 conferre

60 2465 335 2515 iudicetur.
405 2465 615 2515 Bonum
645 2483 930 2515 commune
972 2467 1111 2515 enim
1154 2467 1427 2532 praevalet
1467 2468 1612 2517 bono
1653 2467 1876 2534 privato,
1920 2475 1972 2516 et

63 2548 349 2597 auctoritas
389 2548 695 2614 permittere
723 2565 830 2597 non
861 2557 1055 2614 potest,
1101 2557 1157 2598 ut
1200 2548 1362 2615 aliqui
1390 2549 1473 2599 vel
1503 2550 1660 2599 etiam
1695 2549 1845 2599 multi
1873 2566 1970 2598 suo

62 2629 209 2679 bono
251 2630 456 2695 privato
500 2629 782 2680 consulant
822 2647 945 2679 cum
987 2630 1309 2681 detrimento
1353 2631 1479 2681 boni
1522 2632 1832 2682 communis.

138 2711 192 2775 d)
235 2711 321 2761 Ex
362 2711 441 2761 his
482 2712 752 2777 principiis
793 2711 925 2761 haec
967 2714 1297 2762 consectaria
1338 2713 1527 2763 inferre
1568 2713 1715 2764 licet:

138 2793 189 2856 α)
231 2793 543 2844 Auctoritas
584 2794 747 2844 civilis
788 2794 953 2844 habet
992 2795 1071 2844 ius
1112 2803 1165 2844 et
1208 2795 1445 2845 officium
1493 2814 1600 2846 non
1640 2795 1812 2846 solum
1855 2813 1972 2861 pro-

64 2875 284 2925 hibendi
333 2893 584 2935 usuram,
637 2877 731 2926 sed
774 2878 932 2926 etiam
987 2877 1375 2928 determinandi
1416 2896 1723 2928 mensuram
1752 2878 1973 2942 fenoris

64 2957 218 3018 liciti,
255 2966 517 3023 quantum
559 2975 654 3024 per
695 2959 1114 3009 circumstantias
1162 2968 1464 3026 temporum
1507 2960 1759 3026 possibile
1800 2967 1894 3010 est.

134 3040 194 3107 β)
251 3039 348 3089 Per
401 3056 458 3090 se
515 3041 775 3107 competit
838 3041 1139 3091 auctoritati
1195 3042 1279 3091 ius
1342 3043 1731 3092 determinandi
1784 3042 1970 3106 prelia

66 3139 249 3171 rerum
279 3122 542 3183 omnibus,
587 3123 818 3172 maxime
855 3124 1192 3190 pauperibus,
1237 3124 1683 3174 necessariarmlz.
1743 3123 1821 3172 Ita
1850 3141 1971 3173 cum

68 3201 120 3252 S.
162 3203 368 3253 Thema
411 3205 480 3269 (2,
528 3218 574 3265 2,
618 3222 667 3271 q.
703 3216 786 3269 77,
829 3222 873 3255 a.
909 3219 937 3254 2
968 3206 1036 3255 ad
1068 3207 1119 3270 2)
1162 3205 1404 3272 theologi
1445 3206 1642 3272 passim
1685 3206 1769 3269 (de
1801 3204 1967 3271 Lago,

66 3283 152 3334 De
190 3286 306 3336 iust.
351 3294 404 3336 et
443 3287 552 3336 iure
594 3287 728 3352 disp.
774 3288 868 3348 26,
919 3305 967 3337 n.
1014 3290 1080 3350 38
1124 3296 1176 3337 et
1216 3306 1264 3338 n.
1314 3289 1416 3352 5o).
1497 3287 1776 3336 Eiusmodi
1830 3288 1970 3336 enim

67 3367 268 3417 taxatio
320 3368 537 3418 iniustas
590 3368 801 3419 fraudes
852 3370 1022 3435 magis
1063 3369 1349 3420 efficaciter
1388 3369 1637 3438 impedit,
1697 3377 1750 3421 et
1791 3367 1966 3431 efficit,
