2182 3682
198 165 267 216 86
601 173 716 202 PARS
751 173 780 203 I.
832 172 1151 202 PHILOSOPHIA
1185 171 1389 201 MORALIS
1425 171 1702 200 GENERALIS.

928 317 1258 358 ARTICULUS
1291 317 1364 357 IV.

343 418 436 464 DE
472 417 823 465 BONITATE
861 417 951 463 ET
987 415 1280 461 MALITIA
1316 414 1632 461 FORMALI
1669 413 1966 461 ACTUUM

908 489 1390 538 HUMANORUM.

372 622 399 677 ξ
437 635 472 664 1.
521 625 600 663 DE
633 624 932 663 BONITATE
966 623 1233 661 FORMALI
1264 621 1510 662 ACTUUM
1541 621 1925 661 INTERIORUM.

200 725 301 793 96.
381 729 468 778 Ex
509 729 724 778 obiecto
765 726 979 777 bonitas
1021 735 1073 776 et
1113 725 1311 775 malitia
1352 725 1619 775 derivatur
1657 725 1709 774 in
1757 731 1963 785 actum,
2019 724 2109 790 qui

196 813 335 862 circa
374 811 502 860 illud
542 816 797 860 versatur.
879 809 964 878 De
1004 808 1105 858 hac
1147 825 1277 875 ergo
1325 807 1567 857 bonitate
1606 815 1660 857 et
1700 806 1899 856 malitia
1938 815 2125 871 actus„

197 901 256 944 ut
314 902 465 943 actus
524 901 604 943 est
670 909 794 942 «seu
854 892 1153 941 secundum
1213 891 1360 957 quod
1421 898 1502 940 est
1561 877 1859 953 exercitus»
1921 889 2001 953 (In
2058 902 2105 950 2,

198 977 317 1026 dist.
361 989 459 1037 40,
515 993 565 1041 q.
618 990 669 1036 1,
725 991 769 1024 a.
818 975 897 1039 3),
954 991 1089 1040 quae
1131 974 1343 1023 bonitas
1384 983 1437 1022 et
1477 972 1676 1022 malitia
1706 971 2109 1042 fomzalz'gvo-

201 1066 351 1108 catur
393 1059 460 1122 (n.
506 1059 613 1121 66),
659 1058 944 1124 quaeritur,
989 1057 1115 1123 quid
1157 1057 1223 1106 sit
1264 1066 1317 1106 et
1357 1073 1453 1122 per
1493 1055 1623 1121 quid
1666 1055 2031 1105 constituatur.

273 1148 331 1196 In
389 1148 488 1198 hac
545 1149 858 1214 quaestione
910 1155 1156 1196 accurate
1214 1145 1650 1211 distinguendum
1707 1153 1812 1194 est:
1880 1158 1920 1193 Ι.
1975 1143 2182 1218 ἰηῖεξβ

199 1238 348 1280 actus
400 1230 689 1280 inferiores
741 1237 794 1279 et
845 1228 1159 1278 exteriores.
1252 1227 1484 1277 Nomine
1536 1235 1752 1276 actuum
1802 1225 2109 1291 interiorum

200 1313 284 1362 hic
324 1312 702 1377 intelleguntur
741 1312 839 1362 soli
881 1320 1029 1361 actus
1071 1327 1100 1360 a
1140 1310 1415 1360 voluntate
1456 1308 1640 1369 eliciti3
1695 1298 2110 1375 reliqui-omnes

199 1403 460 1445 vocantur
499 1396 805 1444 exteriores.
889 1393 1025 1443 Cum
1067 1393 1206 1442 enim
1248 1392 1428 1458 quoad
1481 1391 1779 1441 bonitatem
1831 1389 2110 1440 formalem

199 1486 348 1527 actus
400 1478 674 1527 interiores
726 1486 778 1527 et
829 1476 1121 1526 exteriores
1162 1476 1251 1524 vix
1303 1475 1600 1541 quidquam
1641 1490 1926 1524 commune
1976 1473 2112 1522 inter

200 1577 256 1610 se
297 1559 557 1621 habeant,
609 1560 704 1609 nisi
746 1560 1032 1625 separatim
1072 1565 1391 1618 tractentur,
1437 1556 1588 1606 facile
1628 1573 1827 1622 magna
1867 1555 2109 1606 confusio

201 1643 390 1703 oritur;
448 1656 493 1692 2.
539 1643 673 1692 inter
724 1642 1008 1691 bonifafcm
1051 1650 1103 1690 et
1156 1640 1429 1690 masl'fl'am
1473 1639 1766 1689 formalem.
1848 1638 1933 1688 De
1975 1645 2108 1687 utra-

202 1743 307 1791 que
349 1725 490 1774 enim
532 1725 749 1774 omnino
793 1725 998 1774 diversa
1038 1722 1231 1772 valent.
1691 1716 1694 1718 ’

277 1816 443 1882 Igitur
482 1832 704 1882 agemus
754 1829 794 1865 Ι.
840 1816 907 1864 de
948 1814 1154 1864 actibus
1195 1814 1554 1873 interioribUS,
1599 1819 1652 1862 et
1693 1812 1913 1878 quidem
1953 1811 2003 1875 a)
2043 1810 2111 1860 de

204 1915 389 1948 eorum
443 1899 706 1958 bonitate,
764 1898 818 1962 b)
862 1899 929 1947 de
982 1893 1165 1946 eorum
1207 1895 1430 1957 malitia,
1487 1896 1535 1960 c)
1578 1895 1646 1944 de
1687 1911 1872 1945 eorum
1912 1892 2113 1943 indiffe-

206 1982 396 2044 rentia3
444 1995 489 2031 2.
536 1981 604 2030 de
645 1981 852 2030 actibus
894 1979 1263 2030 exterioribus.

945 2143 1214 2191 THESIS
1250 2142 1370 2188 XV.

210 2254 312 2308 97.
392 2252 571 2298 Actus
619 2250 849 2298 interior
886 2250 1058 2297 habet
1093 2262 1258 2295 suam
1297 2246 1624 2308 specificam
1663 2251 1718 2292 et
1755 2242 2117 2292 essentialem

209 2331 571 2375 honestatem
610 2327 677 2373 ab
717 2325 954 2373 obiecto.

212 2430 275 2483 (S.
317 2431 457 2469 Tlmm.
497 2441 531 2479 1,
569 2440 606 2478 2,
643 2444 681 2481 q.
722 2439 786 2478 19,
822 2442 857 2467 a.
898 2438 933 2465 Ι.
999 2428 1164 2474 Suara,
1204 2426 1271 2464 De
1304 2425 1435 2464 bonit.
1471 2432 1511 2463 et
1544 2423 1637 2463 mal.
1673 2430 1753 2463 act.
1788 2423 1899 2462 hum.
1936 2422 2044 2474 disp.
2079 2431 2120 2469 4.

686 2497 828 2543 Frins,
862 2496 930 2534 De
963 2494 1088 2533 actib.
1122 2494 1235 2532 hum.
1272 2507 1311 2544 p.
1346 2493 1399 2542 II,
1434 2506 1473 2531 n.
1515 2489 1631 2542 185.)

288 2599 377 2651 St.
438 2598 514 2667 Q.
619 2614 658 2649 Ι.
719 2599 845 2649 Non
901 2597 1195 2663 quaeritur,
1258 2612 1383 2660 num
1443 2602 1592 2644 actus
1650 2593 1867 2642 interior
1925 2591 2124 2642 habeat

212 2684 444 2750 aliquam
496 2683 795 2732 bonitatem
835 2681 903 2730 ab
946 2680 1188 2739 obiecto,
1245 2677 1299 2727 id
1340 2678 1479 2726 enim
1521 2693 1591 2725 ex
1632 2676 1787 2726 dictis
1828 2674 1896 2724 de
1937 2689 2125 2723 norma

213 2773 508 2825 honestatis
549 2773 618 2837 (n.
660 2772 750 2835 66)
793 2771 1013 2821 evidens
1054 2776 1162 2832 est3
1205 2768 1302 2818 sed
1343 2766 1627 2833 quaeritur,
1670 2782 1767 2831 per
1808 2764 1935 2831 quid
1975 2771 2127 2814 actus

214 2857 265 2906 in
307 2864 451 2906 certa
490 2855 662 2920 specie
708 2854 1031 2913 honestatis,
1085 2870 1133 2901 v.
1179 2868 1228 2917 g.
1274 2850 1526 2909 iustitiae,
1582 2847 1945 2898 constituatur.
2026 2844 2127 2894 Re-

215 2938 573 3005 spondemus:
630 2954 724 3003 per
765 2936 1044 2997 obicclltm,
1099 2942 1152 2983 et
1193 2932 1408 3000 quidem
1458 2929 1704 2991 formale,
1760 2929 1907 2998 quod
1948 2925 2126 2978 volun-

219 3028 384 3071 tatem
427 3027 623 3069 movet.

296 3125 341 3162 2.
388 3110 676 3172 Qbiectum
720 3108 941 3159 formale
981 3114 1164 3174 potest
1192 3106 1472 3173 dupliciter
1499 3104 1661 3154 sumi:
1714 3109 1759 3152 1⁰
1787 3119 1885 3169 pro
1913 3108 2028 3155 tota
2055 3117 2126 3174 re,

216 3202 378 3259 prout
429 3210 459 3242 a
498 3191 773 3242 voluntate
821 3190 1135 3250 intenditur,
1191 3206 1310 3239 cum
1354 3187 1602 3238 omnibus
1642 3185 1749 3235 suis
1789 3183 2131 3245 circumstan-

213 3277 320 3338 tiis3
378 3283 428 3325 2⁰
467 3275 640 3325 solum
680 3282 790 3340 pro
843 3292 932 3332 ee,
986 3271 1135 3339 quod
1188 3270 1260 3320 illi
1311 3271 1383 3320 rei
1434 3269 1615 3320 tribuit
1664 3266 1965 3333 specificam
2012 3281 2132 3314 con-

215 3358 540 3409 venientiam
570 3364 815 3424 respectu
842 3355 1096 3423 hominis;
1140 3371 1203 3423 ea
1232 3352 1441 3415 deinde,
1462 3367 1624 3427 *quae
1651 3349 1789 3400 hanc
1816 3346 2123 3415 specificam
