<?xml version="1.0" encoding="UTF-8"?>
<!DOCTYPE html PUBLIC "-//W3C//DTD XHTML 1.0 Transitional//EN"
    "http://www.w3.org/TR/xhtml1/DTD/xhtml1-transitional.dtd">
<html xmlns="http://www.w3.org/1999/xhtml" xml:lang="en" lang="en">
 <head>
  <title>
</title>
<meta http-equiv="Content-Type" content="text/html;charset=utf-8" />
  <meta name='ocr-system' content='tesseract 3.04.00' />
  <meta name='ocr-capabilities' content='ocr_page ocr_carea ocr_par ocr_line ocrx_word'/>
</head>
<body>
  <div class='ocr_page' id='page_1' title='image "./philosophiamoral00cath_0211.png"; bbox 0 0 2182 3682; ppageno 0'>
   <div class='ocr_carea' id='block_1_1' title="bbox 201 158 1943 220">
    <p class='ocr_par' dir='ltr' id='par_1_1' title="bbox 201 158 1943 220">
     <span class='ocr_line' id='line_1_1' title="bbox 201 158 1943 220; baseline -0.005 -16"><span class='ocrx_word' id='word_1_1' title='bbox 201 174 352 204; x_wconf 83' lang='lat' dir='ltr'><strong>CAPUT</strong></span> <span class='ocrx_word' id='word_1_2' title='bbox 384 173 465 204; x_wconf 85' lang='lat' dir='ltr'><strong>VII.</strong></span> <span class='ocrx_word' id='word_1_3' title='bbox 516 172 578 202; x_wconf 89' lang='lat' dir='ltr'>DE</span> <span class='ocrx_word' id='word_1_4' title='bbox 612 171 858 200; x_wconf 82' lang='lat' dir='ltr'><strong>PROPRIET.</strong></span> <span class='ocrx_word' id='word_1_5' title='bbox 894 169 1166 199; x_wconf 83' lang='lat' dir='ltr'><strong>BONITATEM</strong></span> <span class='ocrx_word' id='word_1_6' title='bbox 1199 168 1257 196; x_wconf 80' lang='lat' dir='ltr'>ET</span> <span class='ocrx_word' id='word_1_7' title='bbox 1291 168 1530 196; x_wconf 74' lang='lat' dir='ltr'><strong>MALITIAM</strong></span> <span class='ocrx_word' id='word_1_8' title='bbox 1565 168 1755 203; x_wconf 78' lang='lat' dir='ltr'>CONSEQ.</span> <span class='ocrx_word' id='word_1_9' title='bbox 1847 158 1943 220; x_wconf 74' lang='lat'>187</span> 
     </span>
    </p>
   </div>
   <div class='ocr_carea' id='block_1_2' title="bbox 52 302 1951 863">
    <p class='ocr_par' dir='ltr' id='par_1_2' title="bbox 52 302 1951 863">
     <span class='ocr_line' id='line_1_2' title="bbox 52 302 1946 375; baseline -0.005 -15"><span class='ocrx_word' id='word_1_10' title='bbox 52 311 210 361; x_wconf 89' lang='lat' dir='ltr'>etiam</span> <span class='ocrx_word' id='word_1_11' title='bbox 249 308 624 375; x_wconf 78' lang='lat' dir='ltr'>difficultatem</span> <span class='ocrx_word' id='word_1_12' title='bbox 664 323 861 373; x_wconf 84' lang='lat' dir='ltr'>augere</span> <span class='ocrx_word' id='word_1_13' title='bbox 902 305 1165 356; x_wconf 90' lang='lat' dir='ltr'>meritum.</span> <span class='ocrx_word' id='word_1_14' title='bbox 1233 304 1493 354; x_wconf 80' lang='lat' dir='ltr'><strong>Attamen</strong></span> <span class='ocrx_word' id='word_1_15' title='bbox 1523 302 1807 364; x_wconf 87' lang='lat' dir='ltr'>difficultas</span> <span class='ocrx_word' id='word_1_16' title='bbox 1839 320 1946 352; x_wconf 91' lang='lat' dir='ltr'>non</span> 
     </span>
     <span class='ocr_line' id='line_1_3' title="bbox 55 376 1948 456; baseline -0.004 -15"><span class='ocrx_word' id='word_1_17' title='bbox 55 378 274 456; x_wconf 28' lang='lat' dir='ltr'>ratione-</span> <span class='ocrx_word' id='word_1_18' title='bbox 295 390 375 447; x_wconf 88' lang='lat' dir='ltr'>sui</span> <span class='ocrx_word' id='word_1_19' title='bbox 414 389 659 439; x_wconf 91' lang='lat' dir='ltr'>meritum</span> <span class='ocrx_word' id='word_1_20' title='bbox 698 376 875 455; x_wconf 88' lang='lat' dir='ltr'>auget,</span> <span class='ocrx_word' id='word_1_21' title='bbox 918 388 1013 438; x_wconf 92' lang='lat' dir='ltr'>sed</span> <span class='ocrx_word' id='word_1_22' title='bbox 1054 387 1257 437; x_wconf 91' lang='lat' dir='ltr'>ratione</span> <span class='ocrx_word' id='word_1_23' title='bbox 1296 385 1549 436; x_wconf 90' lang='lat' dir='ltr'>bonitatis</span> <span class='ocrx_word' id='word_1_24' title='bbox 1589 394 1766 445; x_wconf 79' lang='lat' dir='ltr'>actuS‚</span> <span class='ocrx_word' id='word_1_25' title='bbox 1811 402 1948 450; x_wconf 87' lang='lat' dir='ltr'>quae</span> 
     </span>
     <span class='ocr_line' id='line_1_4' title="bbox 55 466 1948 540; baseline -0.004 -19"><span class='ocrx_word' id='word_1_26' title='bbox 55 490 150 540; x_wconf 90' lang='lat' dir='ltr'>per</span> <span class='ocrx_word' id='word_1_27' title='bbox 189 470 558 521; x_wconf 88' lang='lat' dir='ltr'>difficultatem</span> <span class='ocrx_word' id='word_1_28' title='bbox 609 479 761 521; x_wconf 89' lang='lat' dir='ltr'>actus</span> <span class='ocrx_word' id='word_1_29' title='bbox 800 487 963 536; x_wconf 81' lang='lat' dir='ltr'>saepe</span> <span class='ocrx_word' id='word_1_30' title='bbox 1003 468 1063 518; x_wconf 88' lang='lat' dir='ltr'>fit</span> <span class='ocrx_word' id='word_1_31' title='bbox 1113 468 1294 517; x_wconf 91' lang='lat' dir='ltr'>maior.</span> <span class='ocrx_word' id='word_1_32' title='bbox 1364 467 1547 517; x_wconf 89' lang='lat' dir='ltr'>Potest</span> <span class='ocrx_word' id='word_1_33' title='bbox 1598 473 1776 516; x_wconf 83' lang='lat' dir='ltr'>tamen</span> <span class='ocrx_word' id='word_1_34' title='bbox 1819 466 1948 515; x_wconf 86' lang='lat' dir='ltr'>diffi-</span> 
     </span>
     <span class='ocr_line' id='line_1_5' title="bbox 55 545 1949 611; baseline -0.004 -8"><span class='ocrx_word' id='word_1_35' title='bbox 55 552 224 605; x_wconf 84' lang='lat' dir='ltr'>cultas</span> <span class='ocrx_word' id='word_1_36' title='bbox 265 553 425 602; x_wconf 90' lang='lat' dir='ltr'>etiam</span> <span class='ocrx_word' id='word_1_37' title='bbox 466 552 758 602; x_wconf 83' lang='lat' dir='ltr'><strong>diminuere</strong></span> <span class='ocrx_word' id='word_1_38' title='bbox 811 551 1107 601; x_wconf 80' lang='lat' dir='ltr'>bonitatem</span> <span class='ocrx_word' id='word_1_39' title='bbox 1160 558 1214 599; x_wconf 94' lang='lat' dir='ltr'>et</span> <span class='ocrx_word' id='word_1_40' title='bbox 1253 549 1499 599; x_wconf 91' lang='lat' dir='ltr'>meritum</span> <span class='ocrx_word' id='word_1_41' title='bbox 1539 556 1705 598; x_wconf 76' lang='lat' dir='ltr'>actus,</span> <span class='ocrx_word' id='word_1_42' title='bbox 1793 545 1949 611; x_wconf 78' lang='lat' dir='ltr'>«Qui-</span> 
     </span>
     <span class='ocr_line' id='line_1_6' title="bbox 54 629 1951 697; baseline -0.004 -12"><span class='ocrx_word' id='word_1_43' title='bbox 54 636 178 686; x_wconf 90' lang='lat' dir='ltr'>dam</span> <span class='ocrx_word' id='word_1_44' title='bbox 218 642 367 684; x_wconf 84' lang='lat' dir='ltr'>actus</span> <span class='ocrx_word' id='word_1_45' title='bbox 407 642 530 684; x_wconf 91' lang='lat' dir='ltr'>sunt</span> <span class='ocrx_word' id='word_1_46' title='bbox 583 632 853 693; x_wconf 81' lang='lat' dir='ltr'>difficiles,</span> <span class='ocrx_word' id='word_1_47' title='bbox 912 633 963 682; x_wconf 88' lang='lat' dir='ltr'>in</span> <span class='ocrx_word' id='word_1_48' title='bbox 1020 631 1212 697; x_wconf 89' lang='lat' dir='ltr'>quibus</span> <span class='ocrx_word' id='word_1_49' title='bbox 1262 630 1509 680; x_wconf 89' lang='lat' dir='ltr'>voluntas</span> <span class='ocrx_word' id='word_1_50' title='bbox 1568 629 1845 679; x_wconf 81' lang='lat' dir='ltr'>remittitur</span> <span class='ocrx_word' id='word_1_51' title='bbox 1898 630 1951 678; x_wconf 88' lang='lat' dir='ltr'>in</span> 
     </span>
     <span class='ocr_line' id='line_1_7' title="bbox 55 710 1950 780; baseline -0.004 -14"><span class='ocrx_word' id='word_1_52' title='bbox 55 723 193 776; x_wconf 81' lang='lat' dir='ltr'>actU,</span> <span class='ocrx_word' id='word_1_53' title='bbox 253 724 306 766; x_wconf 96' lang='lat' dir='ltr'>et</span> <span class='ocrx_word' id='word_1_54' title='bbox 356 715 408 765; x_wconf 93' lang='lat' dir='ltr'>in</span> <span class='ocrx_word' id='word_1_55' title='bbox 462 715 573 764; x_wconf 89' lang='lat' dir='ltr'>istis</span> <span class='ocrx_word' id='word_1_56' title='bbox 623 714 872 764; x_wconf 87' lang='lat' dir='ltr'>voluntas</span> <span class='ocrx_word' id='word_1_57' title='bbox 931 721 1112 780; x_wconf 90' lang='lat' dir='ltr'>potest</span> <span class='ocrx_word' id='word_1_58' title='bbox 1167 730 1283 763; x_wconf 89' lang='lat' dir='ltr'>esse</span> <span class='ocrx_word' id='word_1_59' title='bbox 1324 713 1494 778; x_wconf 88' lang='lat' dir='ltr'>magis</span> <span class='ocrx_word' id='word_1_60' title='bbox 1542 710 1778 778; x_wconf 89' lang='lat' dir='ltr'>perfecta</span> <span class='ocrx_word' id='word_1_61' title='bbox 1829 719 1950 760; x_wconf 91' lang='lat' dir='ltr'>ante</span> 
     </span>
     <span class='ocr_line' id='line_1_8' title="bbox 55 792 1948 863; baseline -0.004 -15"><span class='ocrx_word' id='word_1_62' title='bbox 55 806 233 848; x_wconf 89' lang='lat' dir='ltr'>actum</span> <span class='ocrx_word' id='word_1_63' title='bbox 275 814 435 863; x_wconf 85' lang='lat' dir='ltr'>quam</span> <span class='ocrx_word' id='word_1_64' title='bbox 475 797 526 845; x_wconf 94' lang='lat' dir='ltr'>in</span> <span class='ocrx_word' id='word_1_65' title='bbox 567 805 719 846; x_wconf 88' lang='lat' dir='ltr'>actu»</span> <span class='ocrx_word' id='word_1_66' title='bbox 769 795 843 860; x_wconf 75' lang='lat' dir='ltr'>(S.</span> <span class='ocrx_word' id='word_1_67' title='bbox 884 794 1090 856; x_wconf 59' lang='lat' dir='ltr'>lem„</span> <span class='ocrx_word' id='word_1_68' title='bbox 1133 795 1192 844; x_wconf 92' lang='lat' dir='ltr'>In</span> <span class='ocrx_word' id='word_1_69' title='bbox 1237 808 1281 855; x_wconf 85' lang='lat'>2,</span> <span class='ocrx_word' id='word_1_70' title='bbox 1327 795 1445 844; x_wconf 89' lang='lat' dir='ltr'>dist.</span> <span class='ocrx_word' id='word_1_71' title='bbox 1475 807 1562 856; x_wconf 78' lang='lat'>40,</span> <span class='ocrx_word' id='word_1_72' title='bbox 1606 810 1655 858; x_wconf 88' lang='lat' dir='ltr'>q.</span> <span class='ocrx_word' id='word_1_73' title='bbox 1708 806 1748 853; x_wconf 88' lang='grc' dir='ltr'>Ι,</span> <span class='ocrx_word' id='word_1_74' title='bbox 1792 809 1835 841; x_wconf 95' lang='lat' dir='ltr'>a.</span> <span class='ocrx_word' id='word_1_75' title='bbox 1882 792 1948 856; x_wconf 75' lang='lat'>3).</span> 
     </span>
    </p>
   </div>
   <div class='ocr_carea' id='block_1_3' title="bbox 57 889 1951 1026">
    <p class='ocr_par' dir='ltr' id='par_1_3' title="bbox 57 889 1951 1026">
     <span class='ocr_line' id='line_1_9' title="bbox 139 889 1951 958; baseline -0.003 -15"><span class='ocrx_word' id='word_1_76' title='bbox 139 892 434 954; x_wconf 70' lang='lat' dir='ltr'>Quaeritur</span> <span class='ocrx_word' id='word_1_77' title='bbox 465 907 534 956; x_wconf 72' lang='lat'>3,</span> <span class='ocrx_word' id='word_1_78' title='bbox 592 893 720 958; x_wconf 86' lang='lat' dir='ltr'>quid</span> <span class='ocrx_word' id='word_1_79' title='bbox 773 892 1010 942; x_wconf 80' lang='lat' dir='ltr'>actiones</span> <span class='ocrx_word' id='word_1_80' title='bbox 1066 890 1366 941; x_wconf 71' lang='lat' dir='ltr'>exteriores</span> <span class='ocrx_word' id='word_1_81' title='bbox 1413 889 1482 940; x_wconf 89' lang='lat' dir='ltr'>ad</span> <span class='ocrx_word' id='word_1_82' title='bbox 1540 889 1787 939; x_wconf 89' lang='lat' dir='ltr'>meritum</span> <span class='ocrx_word' id='word_1_83' title='bbox 1829 904 1951 938; x_wconf 92' lang='lat' dir='ltr'>con-</span> 
     </span>
     <span class='ocr_line' id='line_1_10' title="bbox 57 976 242 1026; baseline -0.005 0"><span class='ocrx_word' id='word_1_84' title='bbox 57 976 242 1026; x_wconf 90' lang='lat' dir='ltr'>ferant.</span> 
     </span>
    </p>
   </div>
   <div class='ocr_carea' id='block_1_4' title="bbox 57 1066 1955 1382">
    <p class='ocr_par' dir='ltr' id='par_1_4' title="bbox 57 1066 1955 1382">
     <span class='ocr_line' id='line_1_11' title="bbox 129 1066 1951 1138; baseline -0.003 -16"><span class='ocrx_word' id='word_1_85' title='bbox 129 1072 286 1138; x_wconf 77' lang='lat' dir='ltr'>Resp.</span> <span class='ocrx_word' id='word_1_86' title='bbox 366 1072 639 1137; x_wconf 90' lang='lat' dir='ltr'>Respectu</span> <span class='ocrx_word' id='word_1_87' title='bbox 714 1070 931 1136; x_wconf 89' lang='lat' dir='ltr'>praemii</span> <span class='ocrx_word' id='word_1_88' title='bbox 997 1067 1314 1129; x_wconf 88' lang='lat' dir='ltr'>essentialis,</span> <span class='ocrx_word' id='word_1_89' title='bbox 1382 1069 1411 1118; x_wconf 92' lang='lat' dir='ltr'>i.</span> <span class='ocrx_word' id='word_1_90' title='bbox 1481 1085 1524 1118; x_wconf 93' lang='lat' dir='ltr'>e.</span> <span class='ocrx_word' id='word_1_91' title='bbox 1593 1066 1951 1127; x_wconf 81' lang='lat' dir='ltr'>beatitudinis,</span> 
     </span>
     <span class='ocr_line' id='line_1_12' title="bbox 57 1150 1951 1219; baseline -0.003 -15"><span class='ocrx_word' id='word_1_92' title='bbox 57 1155 301 1205; x_wconf 89' lang='lat' dir='ltr'>meritum</span> <span class='ocrx_word' id='word_1_93' title='bbox 341 1170 435 1219; x_wconf 91' lang='lat' dir='ltr'>per</span> <span class='ocrx_word' id='word_1_94' title='bbox 474 1170 530 1202; x_wconf 89' lang='lat' dir='ltr'>se</span> <span class='ocrx_word' id='word_1_95' title='bbox 571 1169 678 1202; x_wconf 91' lang='lat' dir='ltr'>non</span> <span class='ocrx_word' id='word_1_96' title='bbox 720 1160 930 1219; x_wconf 79' lang='lat' dir='ltr'>augent</span> <span class='ocrx_word' id='word_1_97' title='bbox 959 1150 1035 1216; x_wconf 75' lang='lat' dir='ltr'>(S.</span> <span class='ocrx_word' id='word_1_98' title='bbox 1076 1151 1281 1212; x_wconf 59' lang='lat' dir='ltr'>leem„</span> <span class='ocrx_word' id='word_1_99' title='bbox 1324 1150 1382 1199; x_wconf 90' lang='lat' dir='ltr'>In</span> <span class='ocrx_word' id='word_1_100' title='bbox 1426 1164 1472 1210; x_wconf 84' lang='lat'>2,</span> <span class='ocrx_word' id='word_1_101' title='bbox 1517 1150 1634 1200; x_wconf 88' lang='lat' dir='ltr'>dist.</span> <span class='ocrx_word' id='word_1_102' title='bbox 1678 1162 1765 1211; x_wconf 80' lang='lat'>40,</span> <span class='ocrx_word' id='word_1_103' title='bbox 1808 1166 1858 1214; x_wconf 86' lang='lat' dir='ltr'>q.</span> <span class='ocrx_word' id='word_1_104' title='bbox 1911 1164 1951 1209; x_wconf 87' lang='grc' dir='ltr'>Ι,</span> 
     </span>
     <span class='ocr_line' id='line_1_13' title="bbox 57 1231 1955 1302; baseline -0.004 -15"><span class='ocrx_word' id='word_1_105' title='bbox 57 1254 102 1288; x_wconf 90' lang='lat' dir='ltr'>a.</span> <span class='ocrx_word' id='word_1_106' title='bbox 160 1237 226 1301; x_wconf 82' lang='lat'>3).</span> <span class='ocrx_word' id='word_1_107' title='bbox 320 1234 572 1302; x_wconf 82' lang='lat' dir='ltr'>Sequitur</span> <span class='ocrx_word' id='word_1_108' title='bbox 628 1252 696 1284; x_wconf 80' lang='lat' dir='ltr'>ex</span> <span class='ocrx_word' id='word_1_109' title='bbox 752 1235 905 1284; x_wconf 89' lang='lat' dir='ltr'>dictis</span> <span class='ocrx_word' id='word_1_110' title='bbox 961 1234 1013 1283; x_wconf 91' lang='lat' dir='ltr'>in</span> <span class='ocrx_word' id='word_1_111' title='bbox 1070 1233 1382 1299; x_wconf 84' lang='lat' dir='ltr'>quaestione</span> <span class='ocrx_word' id='word_1_112' title='bbox 1442 1246 1485 1281; x_wconf 81' lang='lat'>2.</span> <span class='ocrx_word' id='word_1_113' title='bbox 1556 1231 1653 1280; x_wconf 89' lang='lat' dir='ltr'>Per</span> <span class='ocrx_word' id='word_1_114' title='bbox 1707 1231 1955 1281; x_wconf 88' lang='lat' dir='ltr'>accidens</span> 
     </span>
     <span class='ocr_line' id='line_1_14' title="bbox 57 1313 1773 1382; baseline -0.003 -14"><span class='ocrx_word' id='word_1_115' title='bbox 57 1318 251 1369; x_wconf 91' lang='lat' dir='ltr'>eodem</span> <span class='ocrx_word' id='word_1_116' title='bbox 293 1317 458 1367; x_wconf 90' lang='lat' dir='ltr'>modo</span> <span class='ocrx_word' id='word_1_117' title='bbox 500 1317 747 1366; x_wconf 90' lang='lat' dir='ltr'>meritum</span> <span class='ocrx_word' id='word_1_118' title='bbox 788 1324 986 1381; x_wconf 81' lang='lat' dir='ltr'>augent</span> <span class='ocrx_word' id='word_1_119' title='bbox 1027 1333 1135 1382; x_wconf 88' lang='lat' dir='ltr'>quo</span> <span class='ocrx_word' id='word_1_120' title='bbox 1177 1315 1472 1365; x_wconf 87' lang='lat' dir='ltr'>bonitatem</span> <span class='ocrx_word' id='word_1_121' title='bbox 1515 1314 1582 1378; x_wconf 89' lang='lat' dir='ltr'>(n.</span> <span class='ocrx_word' id='word_1_122' title='bbox 1636 1313 1773 1378; x_wconf 77' lang='lat'>119).</span> 
     </span>
    </p>
   </div>
   <div class='ocr_carea' id='block_1_5' title="bbox 57 1464 1958 1602">
    <p class='ocr_par' dir='ltr' id='par_1_5' title="bbox 57 1464 1958 1602">
     <span class='ocr_line' id='line_1_15' title="bbox 59 1464 1958 1528; baseline -0.002 -15"><span class='ocrx_word' id='word_1_123' title='bbox 59 1468 205 1520; x_wconf 88' lang='lat'><strong>224·</strong></span> <span class='ocrx_word' id='word_1_124' title='bbox 281 1473 382 1513; x_wconf 83' lang='lat' dir='ltr'>Obi.</span> <span class='ocrx_word' id='word_1_125' title='bbox 417 1487 449 1513; x_wconf 80' lang='grc' dir='ltr'>ι.</span> <span class='ocrx_word' id='word_1_126' title='bbox 505 1467 691 1514; x_wconf 87' lang='lat' dir='ltr'>Contra</span> <span class='ocrx_word' id='word_1_127' title='bbox 728 1474 918 1528; x_wconf 86' lang='lat' dir='ltr'>partem</span> <span class='ocrx_word' id='word_1_128' title='bbox 956 1467 991 1513; x_wconf 89' lang='grc' dir='ltr'>Ι.</span> <span class='ocrx_word' id='word_1_129' title='bbox 1054 1466 1290 1512; x_wconf 87' lang='lat' dir='ltr'>Creatura</span> <span class='ocrx_word' id='word_1_130' title='bbox 1327 1479 1437 1510; x_wconf 54' lang='lat' dir='ltr'>non*</span> <span class='ocrx_word' id='word_1_131' title='bbox 1464 1471 1627 1525; x_wconf 88' lang='lat' dir='ltr'>potest</span> <span class='ocrx_word' id='word_1_132' title='bbox 1663 1464 1773 1510; x_wconf 88' lang='lat' dir='ltr'>Deo</span> <span class='ocrx_word' id='word_1_133' title='bbox 1811 1477 1958 1509; x_wconf 88' lang='lat' dir='ltr'>nocu-</span> 
     </span>
     <span class='ocr_line' id='line_1_16' title="bbox 57 1538 1529 1602; baseline -0.001 -16"><span class='ocrx_word' id='word_1_134' title='bbox 57 1548 275 1587; x_wconf 89' lang='lat' dir='ltr'>mentum</span> <span class='ocrx_word' id='word_1_135' title='bbox 311 1541 509 1589; x_wconf 87' lang='lat' dir='ltr'>inferre.</span> <span class='ocrx_word' id='word_1_136' title='bbox 580 1542 718 1601; x_wconf 75' lang='lat' dir='ltr'>Ergo</span> <span class='ocrx_word' id='word_1_137' title='bbox 752 1556 916 1602; x_wconf 82' lang='lat' dir='ltr'>neque</span> <span class='ocrx_word' id='word_1_138' title='bbox 953 1540 1086 1601; x_wconf 87' lang='lat' dir='ltr'>apud</span> <span class='ocrx_word' id='word_1_139' title='bbox 1123 1555 1234 1587; x_wconf 91' lang='lat' dir='ltr'>eum</span> <span class='ocrx_word' id='word_1_140' title='bbox 1271 1538 1529 1586; x_wconf 86' lang='lat' dir='ltr'>demereri.</span> 
     </span>
    </p>
   </div>
   <div class='ocr_carea' id='block_1_6' title="bbox 58 1626 1964 2064">
    <p class='ocr_par' dir='ltr' id='par_1_6' title="bbox 58 1626 1964 2064">
     <span class='ocr_line' id='line_1_17' title="bbox 138 1626 1958 1691; baseline -0.003 -14"><span class='ocrx_word' id='word_1_141' title='bbox 138 1639 287 1688; x_wconf 82' lang='lat' dir='ltr'>Resp.</span> <span class='ocrx_word' id='word_1_142' title='bbox 356 1631 485 1678; x_wconf 71' lang='lat' dir='ltr'><em>Dist.</em></span> <span class='ocrx_word' id='word_1_143' title='bbox 525 1637 700 1677; x_wconf 71' lang='lat' dir='ltr'>antee:</span> <span class='ocrx_word' id='word_1_144' title='bbox 745 1630 863 1677; x_wconf 93' lang='lat' dir='ltr'>Non</span> <span class='ocrx_word' id='word_1_145' title='bbox 908 1637 1071 1691; x_wconf 90' lang='lat' dir='ltr'>potest</span> <span class='ocrx_word' id='word_1_146' title='bbox 1116 1636 1470 1676; x_wconf 87' lang='lat' dir='ltr'>nocumentum</span> <span class='ocrx_word' id='word_1_147' title='bbox 1518 1627 1698 1674; x_wconf 84' lang='lat' dir='ltr'>inferre</span> <span class='ocrx_word' id='word_1_148' title='bbox 1736 1626 1786 1672; x_wconf 89' lang='lat' dir='ltr'>in</span> <span class='ocrx_word' id='word_1_149' title='bbox 1823 1627 1958 1673; x_wconf 89' lang='lat' dir='ltr'>bono</span> 
     </span>
     <span class='ocr_line' id='line_1_18' title="bbox 60 1698 1962 1765; baseline -0.002 -15"><span class='ocrx_word' id='word_1_150' title='bbox 60 1700 340 1761; x_wconf 88' lang='lat' dir='ltr'>intrinseco,</span> <span class='ocrx_word' id='word_1_151' title='bbox 380 1720 512 1761; x_wconf 70' lang='lat' dir='ltr'>cene,</span> <span class='ocrx_word' id='word_1_152' title='bbox 550 1704 601 1752; x_wconf 92' lang='lat' dir='ltr'>in</span> <span class='ocrx_word' id='word_1_153' title='bbox 635 1706 771 1752; x_wconf 90' lang='lat' dir='ltr'>bono</span> <span class='ocrx_word' id='word_1_154' title='bbox 809 1704 1085 1752; x_wconf 84' lang='lat' dir='ltr'>extrinseco</span> <span class='ocrx_word' id='word_1_155' title='bbox 1112 1698 1317 1765; x_wconf 85' lang='lat' dir='ltr'>(gloria),</span> <span class='ocrx_word' id='word_1_156' title='bbox 1355 1703 1575 1749; x_wconf 77' lang='lat' dir='ltr'>subdist.:</span> <span class='ocrx_word' id='word_1_157' title='bbox 1609 1709 1962 1748; x_wconf 87' lang='lat' dir='ltr'>nocumentum</span> 
     </span>
     <span class='ocr_line' id='line_1_19' title="bbox 60 1777 1962 1842; baseline -0.002 -17"><span class='ocrx_word' id='word_1_158' title='bbox 60 1779 404 1840; x_wconf 82' lang='lat' dir='ltr'>irreparabile,</span> <span class='ocrx_word' id='word_1_159' title='bbox 453 1795 597 1836; x_wconf 66' lang='lat' dir='ltr'>cena,</span> <span class='ocrx_word' id='word_1_160' title='bbox 647 1779 948 1842; x_wconf 82' lang='lat' dir='ltr'>reparabile,</span> <span class='ocrx_word' id='word_1_161' title='bbox 998 1795 1124 1838; x_wconf 68' lang='lat' dir='ltr'>wege.</span> <span class='ocrx_word' id='word_1_162' title='bbox 1164 1804 1227 1808; x_wconf 77' lang='lat'>-—</span> <span class='ocrx_word' id='word_1_163' title='bbox 1264 1779 1341 1824; x_wconf 93' lang='lat' dir='ltr'>De</span> <span class='ocrx_word' id='word_1_164' title='bbox 1380 1777 1509 1823; x_wconf 85' lang='lat' dir='ltr'>facto</span> <span class='ocrx_word' id='word_1_165' title='bbox 1549 1777 1699 1823; x_wconf 91' lang='lat' dir='ltr'>homo</span> <span class='ocrx_word' id='word_1_166' title='bbox 1747 1792 1962 1838; x_wconf 78' lang='lat' dir='ltr'>peccans</span> 
     </span>
     <span class='ocr_line' id='line_1_20' title="bbox 60 1850 1962 1915; baseline -0.002 -15"><span class='ocrx_word' id='word_1_167' title='bbox 60 1853 274 1915; x_wconf 84' lang='lat' dir='ltr'>denegat</span> <span class='ocrx_word' id='word_1_168' title='bbox 324 1855 435 1901; x_wconf 93' lang='lat' dir='ltr'>Deo</span> <span class='ocrx_word' id='word_1_169' title='bbox 486 1854 720 1915; x_wconf 89' lang='lat' dir='ltr'>gloriam,</span> <span class='ocrx_word' id='word_1_170' title='bbox 777 1870 925 1915; x_wconf 83' lang='lat' dir='ltr'>quam</span> <span class='ocrx_word' id='word_1_171' title='bbox 974 1869 1064 1915; x_wconf 91' lang='lat' dir='ltr'>per</span> <span class='ocrx_word' id='word_1_172' title='bbox 1115 1869 1166 1900; x_wconf 87' lang='lat' dir='ltr'>se</span> <span class='ocrx_word' id='word_1_173' title='bbox 1216 1854 1276 1899; x_wconf 89' lang='lat' dir='ltr'>ab</span> <span class='ocrx_word' id='word_1_174' title='bbox 1325 1851 1527 1899; x_wconf 90' lang='lat' dir='ltr'>homine</span> <span class='ocrx_word' id='word_1_175' title='bbox 1575 1850 1802 1913; x_wconf 89' lang='lat' dir='ltr'>accipere</span> <span class='ocrx_word' id='word_1_176' title='bbox 1850 1851 1962 1897; x_wconf 81' lang='lat' dir='ltr'>vult.</span> 
     </span>
     <span class='ocr_line' id='line_1_21' title="bbox 59 1925 1964 1990; baseline -0.002 -15"><span class='ocrx_word' id='word_1_177' title='bbox 59 1929 195 1975; x_wconf 87' lang='lat' dir='ltr'>Deus</span> <span class='ocrx_word' id='word_1_178' title='bbox 230 1937 395 1976; x_wconf 88' lang='lat' dir='ltr'>tamen</span> <span class='ocrx_word' id='word_1_179' title='bbox 433 1929 563 1976; x_wconf 89' lang='lat' dir='ltr'>hanc</span> <span class='ocrx_word' id='word_1_180' title='bbox 599 1929 807 1990; x_wconf 83' lang='lat' dir='ltr'>gloriam</span> <span class='ocrx_word' id='word_1_181' title='bbox 844 1928 1041 1975; x_wconf 87' lang='lat' dir='ltr'>aliunde</span> <span class='ocrx_word' id='word_1_182' title='bbox 1078 1928 1340 1989; x_wconf 84' lang='lat' dir='ltr'>reparabit.</span> <span class='ocrx_word' id='word_1_183' title='bbox 1394 1925 1493 1986; x_wconf 82' lang='lat' dir='ltr'>Qui</span> <span class='ocrx_word' id='word_1_184' title='bbox 1518 1925 1649 1973; x_wconf 89' lang='lat' dir='ltr'>enim</span> <span class='ocrx_word' id='word_1_185' title='bbox 1675 1927 1837 1973; x_wconf 88' lang='lat' dir='ltr'>Deum</span> <span class='ocrx_word' id='word_1_186' title='bbox 1862 1941 1964 1972; x_wconf 91' lang='lat' dir='ltr'>non</span> 
     </span>
     <span class='ocr_line' id='line_1_22' title="bbox 58 2000 1860 2064; baseline -0.002 -15"><span class='ocrx_word' id='word_1_187' title='bbox 58 2002 213 2050; x_wconf 89' lang='lat' dir='ltr'>libere</span> <span class='ocrx_word' id='word_1_188' title='bbox 249 2003 492 2064; x_wconf 89' lang='lat' dir='ltr'>glorificat</span> <span class='ocrx_word' id='word_1_189' title='bbox 527 2003 576 2050; x_wconf 92' lang='lat' dir='ltr'>in</span> <span class='ocrx_word' id='word_1_190' title='bbox 616 2004 707 2050; x_wconf 90' lang='lat' dir='ltr'>hac</span> <span class='ocrx_word' id='word_1_191' title='bbox 744 2004 855 2061; x_wconf 88' lang='lat' dir='ltr'>vita,</span> <span class='ocrx_word' id='word_1_192' title='bbox 894 2017 1004 2050; x_wconf 92' lang='lat' dir='ltr'>eum</span> <span class='ocrx_word' id='word_1_193' title='bbox 1043 2011 1242 2050; x_wconf 83' lang='lat' dir='ltr'>coactus</span> <span class='ocrx_word' id='word_1_194' title='bbox 1278 2000 1572 2063; x_wconf 85' lang='lat' dir='ltr'>glorificabit</span> <span class='ocrx_word' id='word_1_195' title='bbox 1608 2000 1658 2047; x_wconf 91' lang='lat' dir='ltr'>in</span> <span class='ocrx_word' id='word_1_196' title='bbox 1694 2002 1860 2048; x_wconf 87' lang='lat' dir='ltr'>altera.</span> 
     </span>
    </p>
   </div>
   <div class='ocr_carea' id='block_1_7' title="bbox 62 2094 1965 2235">
    <p class='ocr_par' dir='ltr' id='par_1_7' title="bbox 62 2094 1965 2235">
     <span class='ocr_line' id='line_1_23' title="bbox 143 2094 1965 2162; baseline -0.003 -15"><span class='ocrx_word' id='word_1_197' title='bbox 143 2107 244 2147; x_wconf 88' lang='lat' dir='ltr'>Obi.</span> <span class='ocrx_word' id='word_1_198' title='bbox 279 2119 323 2147; x_wconf 89' lang='lat'>2.</span> <span class='ocrx_word' id='word_1_199' title='bbox 380 2100 568 2147; x_wconf 88' lang='lat' dir='ltr'>Contra</span> <span class='ocrx_word' id='word_1_200' title='bbox 604 2108 796 2162; x_wconf 86' lang='lat' dir='ltr'>partem</span> <span class='ocrx_word' id='word_1_201' title='bbox 832 2102 894 2147; x_wconf 91' lang='grc' dir='ltr'>Π.</span> <span class='ocrx_word' id='word_1_202' title='bbox 947 2099 1176 2147; x_wconf 86' lang='lat' dir='ltr'>Meritum</span> <span class='ocrx_word' id='word_1_203' title='bbox 1215 2098 1367 2146; x_wconf 87' lang='lat' dir='ltr'>oritur</span> <span class='ocrx_word' id='word_1_204' title='bbox 1404 2114 1462 2145; x_wconf 81' lang='lat' dir='ltr'>ex</span> <span class='ocrx_word' id='word_1_205' title='bbox 1500 2097 1692 2144; x_wconf 87' lang='lat' dir='ltr'>actione</span> <span class='ocrx_word' id='word_1_206' title='bbox 1730 2094 1965 2143; x_wconf 89' lang='lat' dir='ltr'>indebita.</span> 
     </span>
     <span class='ocr_line' id='line_1_24' title="bbox 62 2172 1786 2235; baseline -0.001 -16"><span class='ocrx_word' id='word_1_207' title='bbox 62 2174 214 2235; x_wconf 70' lang='lat' dir='ltr'><em>Atqui</em></span> <span class='ocrx_word' id='word_1_208' title='bbox 245 2189 418 2222; x_wconf 89' lang='lat' dir='ltr'>omnes</span> <span class='ocrx_word' id='word_1_209' title='bbox 453 2175 672 2222; x_wconf 88' lang='lat' dir='ltr'>actiones</span> <span class='ocrx_word' id='word_1_210' title='bbox 709 2174 922 2221; x_wconf 89' lang='lat' dir='ltr'>hominis</span> <span class='ocrx_word' id='word_1_211' title='bbox 958 2183 1068 2222; x_wconf 89' lang='lat' dir='ltr'>sunt</span> <span class='ocrx_word' id='word_1_212' title='bbox 1103 2175 1214 2221; x_wconf 90' lang='lat' dir='ltr'>Deo</span> <span class='ocrx_word' id='word_1_213' title='bbox 1253 2173 1462 2220; x_wconf 88' lang='lat' dir='ltr'>debitae.</span> <span class='ocrx_word' id='word_1_214' title='bbox 1534 2172 1673 2231; x_wconf 72' lang='lat' dir='ltr'>Ergo</span> <span class='ocrx_word' id='word_1_215' title='bbox 1701 2210 1709 2218; x_wconf 91' lang='lat'><strong>.</strong></span> <span class='ocrx_word' id='word_1_216' title='bbox 1739 2210 1747 2218; x_wconf 89' lang='lat'><strong>.</strong></span> <span class='ocrx_word' id='word_1_217' title='bbox 1778 2209 1786 2217; x_wconf 90' lang='lat'><strong><em>.</em></strong></span> 
     </span>
    </p>
   </div>
   <div class='ocr_carea' id='block_1_8' title="bbox 60 2260 1971 2773">
    <p class='ocr_par' dir='ltr' id='par_1_8' title="bbox 60 2260 1971 2773">
     <span class='ocr_line' id='line_1_25' title="bbox 141 2260 1968 2321; baseline -0.002 -12"><span class='ocrx_word' id='word_1_218' title='bbox 141 2272 290 2320; x_wconf 86' lang='lat' dir='ltr'>Resp.</span> <span class='ocrx_word' id='word_1_219' title='bbox 358 2264 488 2311; x_wconf 81' lang='lat' dir='ltr'>Dz&#39;st.</span> <span class='ocrx_word' id='word_1_220' title='bbox 528 2266 669 2311; x_wconf 78' lang='lat' dir='ltr'>mai.:</span> <span class='ocrx_word' id='word_1_221' title='bbox 716 2264 883 2310; x_wconf 84' lang='lat' dir='ltr'>Solum</span> <span class='ocrx_word' id='word_1_222' title='bbox 920 2278 980 2310; x_wconf 83' lang='lat' dir='ltr'>ex</span> <span class='ocrx_word' id='word_1_223' title='bbox 1017 2263 1211 2310; x_wconf 85' lang='lat' dir='ltr'>actione</span> <span class='ocrx_word' id='word_1_224' title='bbox 1249 2262 1482 2319; x_wconf 87' lang='lat' dir='ltr'>indebita,</span> <span class='ocrx_word' id='word_1_225' title='bbox 1523 2261 1550 2308; x_wconf 92' lang='lat' dir='ltr'>i.</span> <span class='ocrx_word' id='word_1_226' title='bbox 1591 2276 1632 2308; x_wconf 90' lang='lat' dir='ltr'>e.</span> <span class='ocrx_word' id='word_1_227' title='bbox 1671 2275 1797 2321; x_wconf 85' lang='lat' dir='ltr'>quae</span> <span class='ocrx_word' id='word_1_228' title='bbox 1833 2260 1968 2305; x_wconf 88' lang='lat' dir='ltr'>nullo</span> 
     </span>
     <span class='ocr_line' id='line_1_26' title="bbox 62 2334 1968 2399; baseline -0.002 -16"><span class='ocrx_word' id='word_1_229' title='bbox 62 2336 212 2384; x_wconf 90' lang='lat' dir='ltr'>modo</span> <span class='ocrx_word' id='word_1_230' title='bbox 250 2337 389 2385; x_wconf 87' lang='lat' dir='ltr'>alteri</span> <span class='ocrx_word' id='word_1_231' title='bbox 425 2353 485 2385; x_wconf 81' lang='lat' dir='ltr'>ex</span> <span class='ocrx_word' id='word_1_232' title='bbox 521 2337 823 2399; x_wconf 88' lang='lat' dir='ltr'>obligatione</span> <span class='ocrx_word' id='word_1_233' title='bbox 860 2337 1091 2396; x_wconf 86' lang='lat' dir='ltr'>debetur,</span> <span class='ocrx_word' id='word_1_234' title='bbox 1130 2352 1270 2397; x_wconf 67' lang='lat' dir='ltr'>vege,</span> <span class='ocrx_word' id='word_1_235' title='bbox 1310 2352 1369 2384; x_wconf 80' lang='lat' dir='ltr'>ex</span> <span class='ocrx_word' id='word_1_236' title='bbox 1405 2336 1626 2392; x_wconf 88' lang='lat' dir='ltr'>actione,</span> <span class='ocrx_word' id='word_1_237' title='bbox 1667 2349 1793 2396; x_wconf 85' lang='lat' dir='ltr'>quae</span> <span class='ocrx_word' id='word_1_238' title='bbox 1830 2334 1968 2381; x_wconf 89' lang='lat' dir='ltr'>alteri</span> 
     </span>
     <span class='ocr_line' id='line_1_27' title="bbox 60 2408 1969 2473; baseline -0.002 -15"><span class='ocrx_word' id='word_1_239' title='bbox 60 2427 163 2459; x_wconf 90' lang='lat' dir='ltr'>non</span> <span class='ocrx_word' id='word_1_240' title='bbox 200 2412 408 2460; x_wconf 92' lang='lat' dir='ltr'>debetur</span> <span class='ocrx_word' id='word_1_241' title='bbox 444 2428 503 2460; x_wconf 83' lang='lat' dir='ltr'>ex</span> <span class='ocrx_word' id='word_1_242' title='bbox 540 2421 810 2470; x_wconf 84' lang='lat' dir='ltr'>contractu,</span> <span class='ocrx_word' id='word_1_243' title='bbox 848 2413 1068 2459; x_wconf 77' lang='lat' dir='ltr'>subdz&#39;st.:</span> <span class='ocrx_word' id='word_1_244' title='bbox 1107 2411 1145 2458; x_wconf 90' lang='lat' dir='ltr'>si</span> <span class='ocrx_word' id='word_1_245' title='bbox 1184 2412 1290 2473; x_wconf 83' lang='lat' dir='ltr'>quis</span> <span class='ocrx_word' id='word_1_246' title='bbox 1326 2412 1423 2458; x_wconf 89' lang='lat' dir='ltr'>iam</span> <span class='ocrx_word' id='word_1_247' title='bbox 1461 2410 1667 2472; x_wconf 87' lang='lat' dir='ltr'>accepit,</span> <span class='ocrx_word' id='word_1_248' title='bbox 1707 2409 1842 2470; x_wconf 87' lang='lat' dir='ltr'>quod</span> <span class='ocrx_word' id='word_1_249' title='bbox 1878 2408 1969 2455; x_wconf 91' lang='lat' dir='ltr'>sibi</span> 
     </span>
     <span class='ocr_line' id='line_1_28' title="bbox 62 2481 1966 2549; baseline -0.003 -16"><span class='ocrx_word' id='word_1_250' title='bbox 62 2502 122 2533; x_wconf 84' lang='lat' dir='ltr'>ex</span> <span class='ocrx_word' id='word_1_251' title='bbox 172 2495 428 2534; x_wconf 87' lang='lat' dir='ltr'>contractu</span> <span class='ocrx_word' id='word_1_252' title='bbox 478 2504 569 2549; x_wconf 93' lang='lat' dir='ltr'>pro</span> <span class='ocrx_word' id='word_1_253' title='bbox 621 2502 773 2549; x_wconf 90' lang='lat' dir='ltr'>opere</span> <span class='ocrx_word' id='word_1_254' title='bbox 824 2487 1056 2544; x_wconf 90' lang='lat' dir='ltr'>debetur,</span> <span class='ocrx_word' id='word_1_255' title='bbox 1117 2501 1232 2533; x_wconf 73' lang='lat' dir='ltr'><em>cene.</em></span> <span class='ocrx_word' id='word_1_256' title='bbox 1289 2482 1352 2546; x_wconf 88' lang='lat' dir='ltr'>(n.</span> <span class='ocrx_word' id='word_1_257' title='bbox 1410 2481 1547 2546; x_wconf 82' lang='lat'>216),</span> <span class='ocrx_word' id='word_1_258' title='bbox 1610 2500 1778 2542; x_wconf 87' lang='lat' dir='ltr'>secus,</span> <span class='ocrx_word' id='word_1_259' title='bbox 1839 2499 1966 2543; x_wconf 74' lang='lat' dir='ltr'><em>nege.</em></span> 
     </span>
     <span class='ocr_line' id='line_1_29' title="bbox 70 2558 1969 2623; baseline -0.003 -15"><span class='ocrx_word' id='word_1_260' title='bbox 70 2561 355 2609; x_wconf 76' lang='lat' dir='ltr'>Contradist.</span> <span class='ocrx_word' id='word_1_261' title='bbox 383 2563 492 2609; x_wconf 81' lang='lat' dir='ltr'>min.</span> <span class='ocrx_word' id='word_1_262' title='bbox 512 2580 526 2609; x_wconf 91' lang='grc'>.·</span> <span class='ocrx_word' id='word_1_263' title='bbox 559 2561 626 2609; x_wconf 86' lang='lat' dir='ltr'>ita</span> <span class='ocrx_word' id='word_1_264' title='bbox 660 2571 841 2620; x_wconf 86' lang='lat' dir='ltr'>tamen,</span> <span class='ocrx_word' id='word_1_265' title='bbox 880 2571 930 2608; x_wconf 89' lang='lat' dir='ltr'>ut</span> <span class='ocrx_word' id='word_1_266' title='bbox 967 2563 1101 2608; x_wconf 86' lang='lat' dir='ltr'>Deus</span> <span class='ocrx_word' id='word_1_267' title='bbox 1137 2576 1228 2623; x_wconf 91' lang='lat' dir='ltr'>pro</span> <span class='ocrx_word' id='word_1_268' title='bbox 1265 2561 1356 2607; x_wconf 86' lang='lat' dir='ltr'>illis</span> <span class='ocrx_word' id='word_1_269' title='bbox 1392 2559 1671 2621; x_wconf 88' lang='lat' dir='ltr'>promiserit</span> <span class='ocrx_word' id='word_1_270' title='bbox 1695 2558 1969 2621; x_wconf 88' lang='lat' dir='ltr'>praemium</span> 
     </span>
     <span class='ocr_line' id='line_1_30' title="bbox 64 2634 1971 2698; baseline -0.002 -15"><span class='ocrx_word' id='word_1_271' title='bbox 64 2637 284 2698; x_wconf 88' lang='lat' dir='ltr'>illudque</span> <span class='ocrx_word' id='word_1_272' title='bbox 331 2638 487 2684; x_wconf 87' lang='lat' dir='ltr'>solum</span> <span class='ocrx_word' id='word_1_273' title='bbox 534 2636 584 2683; x_wconf 93' lang='lat' dir='ltr'>in</span> <span class='ocrx_word' id='word_1_274' title='bbox 631 2638 784 2684; x_wconf 88' lang='lat' dir='ltr'>altera</span> <span class='ocrx_word' id='word_1_275' title='bbox 829 2636 927 2683; x_wconf 85' lang='lat' dir='ltr'>vita</span> <span class='ocrx_word' id='word_1_276' title='bbox 974 2637 1172 2683; x_wconf 89' lang='lat' dir='ltr'>daturus</span> <span class='ocrx_word' id='word_1_277' title='bbox 1212 2635 1293 2693; x_wconf 89' lang='lat' dir='ltr'>sit,</span> <span class='ocrx_word' id='word_1_278' title='bbox 1344 2651 1488 2691; x_wconf 60' lang='lat' dir='ltr'>cene„</span> <span class='ocrx_word' id='word_1_279' title='bbox 1537 2634 1603 2681; x_wconf 88' lang='lat' dir='ltr'>ita</span> <span class='ocrx_word' id='word_1_280' title='bbox 1637 2642 1689 2681; x_wconf 92' lang='lat' dir='ltr'>ut</span> <span class='ocrx_word' id='word_1_281' title='bbox 1723 2649 1824 2680; x_wconf 92' lang='lat' dir='ltr'>non</span> <span class='ocrx_word' id='word_1_282' title='bbox 1861 2647 1971 2694; x_wconf 90' lang='lat' dir='ltr'>pro-</span> 
     </span>
     <span class='ocr_line' id='line_1_31' title="bbox 64 2710 1352 2773; baseline -0.001 -15"><span class='ocrx_word' id='word_1_283' title='bbox 64 2711 250 2759; x_wconf 88' lang='lat' dir='ltr'>miserit</span> <span class='ocrx_word' id='word_1_284' title='bbox 284 2712 362 2759; x_wconf 87' lang='lat' dir='ltr'>vel</span> <span class='ocrx_word' id='word_1_285' title='bbox 397 2711 494 2759; x_wconf 89' lang='lat' dir='ltr'>iam</span> <span class='ocrx_word' id='word_1_286' title='bbox 532 2711 737 2770; x_wconf 86' lang='lat' dir='ltr'>dederit,</span> <span class='ocrx_word' id='word_1_287' title='bbox 778 2711 914 2773; x_wconf 84' lang='lat' dir='ltr'>quod</span> <span class='ocrx_word' id='word_1_288' title='bbox 950 2710 1186 2773; x_wconf 82' lang='lat' dir='ltr'>promisit,</span> <span class='ocrx_word' id='word_1_289' title='bbox 1226 2725 1352 2770; x_wconf 74' lang='lat' dir='ltr'>nege.</span> 
     </span>
    </p>
   </div>
   <div class='ocr_carea' id='block_1_9' title="bbox 65 2803 1968 2941">
    <p class='ocr_par' dir='ltr' id='par_1_9' title="bbox 65 2803 1968 2941">
     <span class='ocr_line' id='line_1_32' title="bbox 147 2803 1968 2869; baseline -0.003 -15"><span class='ocrx_word' id='word_1_290' title='bbox 147 2815 248 2855; x_wconf 86' lang='lat' dir='ltr'>Obi.</span> <span class='ocrx_word' id='word_1_291' title='bbox 279 2827 321 2865; x_wconf 86' lang='lat'>3·</span> <span class='ocrx_word' id='word_1_292' title='bbox 393 2809 564 2854; x_wconf 91' lang='lat' dir='ltr'>Homo</span> <span class='ocrx_word' id='word_1_293' title='bbox 601 2809 730 2855; x_wconf 89' lang='lat' dir='ltr'>bene</span> <span class='ocrx_word' id='word_1_294' title='bbox 768 2807 965 2869; x_wconf 89' lang='lat' dir='ltr'>agendo</span> <span class='ocrx_word' id='word_1_295' title='bbox 1002 2808 1114 2855; x_wconf 91' lang='lat' dir='ltr'>Deo</span> <span class='ocrx_word' id='word_1_296' title='bbox 1151 2807 1307 2854; x_wconf 85' lang='lat' dir='ltr'>solum</span> <span class='ocrx_word' id='word_1_297' title='bbox 1344 2806 1530 2863; x_wconf 89' lang='lat' dir='ltr'>reddit,</span> <span class='ocrx_word' id='word_1_298' title='bbox 1575 2805 1712 2867; x_wconf 88' lang='lat' dir='ltr'>quod</span> <span class='ocrx_word' id='word_1_299' title='bbox 1750 2803 1845 2851; x_wconf 91' lang='lat' dir='ltr'>Dei</span> <span class='ocrx_word' id='word_1_300' title='bbox 1883 2810 1968 2850; x_wconf 87' lang='lat' dir='ltr'>est.</span> 
     </span>
     <span class='ocr_line' id='line_1_33' title="bbox 65 2882 620 2941; baseline 0.004 -13"><span class='ocrx_word' id='word_1_301' title='bbox 65 2882 203 2941; x_wconf 75' lang='lat' dir='ltr'>Ergo</span> <span class='ocrx_word' id='word_1_302' title='bbox 236 2882 358 2928; x_wconf 89' lang='lat' dir='ltr'>nihil</span> <span class='ocrx_word' id='word_1_303' title='bbox 393 2891 620 2930; x_wconf 91' lang='lat' dir='ltr'>meretur.</span> 
     </span>
    </p>
   </div>
   <div class='ocr_carea' id='block_1_10' title="bbox 67 2967 1969 3108">
    <p class='ocr_par' dir='ltr' id='par_1_10' title="bbox 67 2967 1969 3108">
     <span class='ocr_line' id='line_1_34' title="bbox 145 2967 1969 3032; baseline -0.003 -14"><span class='ocrx_word' id='word_1_304' title='bbox 145 2980 295 3029; x_wconf 82' lang='lat' dir='ltr'>Resp.</span> <span class='ocrx_word' id='word_1_305' title='bbox 367 2971 498 3019; x_wconf 71' lang='lat' dir='ltr'><em>Dist.</em></span> <span class='ocrx_word' id='word_1_306' title='bbox 536 2978 713 3019; x_wconf 69' lang='lat' dir='ltr'>antee:</span> <span class='ocrx_word' id='word_1_307' title='bbox 759 2972 927 3019; x_wconf 85' lang='lat' dir='ltr'>Solum</span> <span class='ocrx_word' id='word_1_308' title='bbox 974 2971 1161 3029; x_wconf 90' lang='lat' dir='ltr'>reddit,</span> <span class='ocrx_word' id='word_1_309' title='bbox 1214 2971 1348 3032; x_wconf 87' lang='lat' dir='ltr'>quod</span> <span class='ocrx_word' id='word_1_310' title='bbox 1397 2970 1492 3017; x_wconf 91' lang='lat' dir='ltr'>Dei</span> <span class='ocrx_word' id='word_1_311' title='bbox 1544 2978 1615 3016; x_wconf 84' lang='lat' dir='ltr'>est</span> <span class='ocrx_word' id='word_1_312' title='bbox 1661 2982 1824 3028; x_wconf 85' lang='lat' dir='ltr'>neque</span> <span class='ocrx_word' id='word_1_313' title='bbox 1871 2967 1969 3012; x_wconf 89' lang='lat' dir='ltr'>ullo</span> 
     </span>
     <span class='ocr_line' id='line_1_35' title="bbox 67 3040 1968 3108; baseline -0.003 -16"><span class='ocrx_word' id='word_1_314' title='bbox 67 3045 219 3093; x_wconf 92' lang='lat' dir='ltr'>modo</span> <span class='ocrx_word' id='word_1_315' title='bbox 255 3046 405 3108; x_wconf 86' lang='lat' dir='ltr'>ipsius</span> <span class='ocrx_word' id='word_1_316' title='bbox 440 3046 666 3105; x_wconf 88' lang='lat' dir='ltr'>hominis,</span> <span class='ocrx_word' id='word_1_317' title='bbox 711 3063 841 3106; x_wconf 73' lang='lat' dir='ltr'>nego,</span> <span class='ocrx_word' id='word_1_318' title='bbox 889 3046 1024 3107; x_wconf 89' lang='lat' dir='ltr'>quod</span> <span class='ocrx_word' id='word_1_319' title='bbox 1060 3046 1226 3107; x_wconf 84' lang='lat' dir='ltr'>aliquo</span> <span class='ocrx_word' id='word_1_320' title='bbox 1263 3045 1414 3092; x_wconf 91' lang='lat' dir='ltr'>modo</span> <span class='ocrx_word' id='word_1_321' title='bbox 1452 3052 1523 3091; x_wconf 85' lang='lat' dir='ltr'>est</span> <span class='ocrx_word' id='word_1_322' title='bbox 1557 3042 1706 3104; x_wconf 86' lang='lat' dir='ltr'>ipsius</span> <span class='ocrx_word' id='word_1_323' title='bbox 1741 3040 1968 3098; x_wconf 89' lang='lat' dir='ltr'>hominis,</span> 
     </span>
    </p>
   </div>
   <div class='ocr_carea' id='block_1_11' title="bbox 66 3115 1966 3254">
    <p class='ocr_par' dir='ltr' id='par_1_11' title="bbox 66 3115 1966 3254">
     <span class='ocr_line' id='line_1_36' title="bbox 69 3115 1966 3182; baseline -0.003 -15"><span class='ocrx_word' id='word_1_324' title='bbox 69 3128 116 3167; x_wconf 85' lang='lat' dir='ltr'>et</span> <span class='ocrx_word' id='word_1_325' title='bbox 164 3135 256 3182; x_wconf 91' lang='lat' dir='ltr'>pro</span> <span class='ocrx_word' id='word_1_326' title='bbox 316 3120 448 3168; x_wconf 91' lang='lat' dir='ltr'>cuius</span> <span class='ocrx_word' id='word_1_327' title='bbox 498 3121 654 3169; x_wconf 88' lang='lat' dir='ltr'>libera</span> <span class='ocrx_word' id='word_1_328' title='bbox 705 3119 983 3169; x_wconf 90' lang='lat' dir='ltr'>redditione</span> <span class='ocrx_word' id='word_1_329' title='bbox 1034 3122 1170 3167; x_wconf 87' lang='lat' dir='ltr'>Deus</span> <span class='ocrx_word' id='word_1_330' title='bbox 1221 3118 1494 3181; x_wconf 86' lang='lat' dir='ltr'>praemium</span> <span class='ocrx_word' id='word_1_331' title='bbox 1545 3115 1792 3179; x_wconf 84' lang='lat' dir='ltr'>promisit,</span> <span class='ocrx_word' id='word_1_332' title='bbox 1850 3130 1966 3162; x_wconf 69' lang='lat' dir='ltr'><em>cene.</em></span> 
     </span>
     <span class='ocr_line' id='line_1_37' title="bbox 66 3193 356 3254; baseline 0.007 -14"><span class='ocrx_word' id='word_1_333' title='bbox 66 3193 205 3254; x_wconf 76' lang='lat' dir='ltr'>Nego</span> <span class='ocrx_word' id='word_1_334' title='bbox 241 3210 356 3242; x_wconf 78' lang='lat' dir='ltr'><em>cens.</em></span> 
     </span>
    </p>
   </div>
  </div>
 </body>
</html>
