<?xml version="1.0" encoding="UTF-8"?>
<!DOCTYPE html PUBLIC "-//W3C//DTD XHTML 1.0 Transitional//EN"
    "http://www.w3.org/TR/xhtml1/DTD/xhtml1-transitional.dtd">
<html xmlns="http://www.w3.org/1999/xhtml" xml:lang="en" lang="en">
 <head>
  <title>
</title>
<meta http-equiv="Content-Type" content="text/html;charset=utf-8" />
  <meta name='ocr-system' content='tesseract 3.04.00' />
  <meta name='ocr-capabilities' content='ocr_page ocr_carea ocr_par ocr_line ocrx_word'/>
</head>
<body>
  <div class='ocr_page' id='page_1' title='image "./philosophiamoral00cath_0157.png"; bbox 0 0 2182 3682; ppageno 0'>
   <div class='ocr_carea' id='block_1_1' title="bbox 605 197 1945 253">
    <p class='ocr_par' dir='ltr' id='par_1_1' title="bbox 605 197 1945 253">
     <span class='ocr_line' id='line_1_1' title="bbox 605 197 1945 253; baseline 0.001 -27"><span class='ocrx_word' id='word_1_1' title='bbox 605 197 759 227; x_wconf 86' lang='lat' dir='ltr'>CAPUT</span> <span class='ocrx_word' id='word_1_2' title='bbox 792 198 833 227; x_wconf 91' lang='lat' dir='ltr'>V.</span> <span class='ocrx_word' id='word_1_3' title='bbox 884 198 946 226; x_wconf 91' lang='lat' dir='ltr'>DE</span> <span class='ocrx_word' id='word_1_4' title='bbox 980 197 1100 226; x_wconf 85' lang='lat' dir='ltr'>LEGE</span> <span class='ocrx_word' id='word_1_5' title='bbox 1134 198 1390 228; x_wconf 84' lang='lat' dir='ltr'><strong>NATURALI.</strong></span> <span class='ocrx_word' id='word_1_6' title='bbox 1850 202 1945 253; x_wconf 72' lang='lat'>133</span> 
     </span>
    </p>
   </div>
   <div class='ocr_carea' id='block_1_2' title="bbox 53 331 1952 532">
    <p class='ocr_par' dir='ltr' id='par_1_2' title="bbox 53 331 1952 532">
     <span class='ocr_line' id='line_1_2' title="bbox 134 331 1952 398; baseline 0.001 -16"><span class='ocrx_word' id='word_1_7' title='bbox 134 342 236 383; x_wconf 87' lang='lat' dir='ltr'>Obi.</span> <span class='ocrx_word' id='word_1_8' title='bbox 269 353 312 381; x_wconf 92' lang='lat'>2.</span> <span class='ocrx_word' id='word_1_9' title='bbox 380 333 481 380; x_wconf 88' lang='lat' dir='ltr'>Soli</span> <span class='ocrx_word' id='word_1_10' title='bbox 526 341 660 380; x_wconf 90' lang='lat' dir='ltr'>actus</span> <span class='ocrx_word' id='word_1_11' title='bbox 705 331 961 380; x_wconf 90' lang='lat' dir='ltr'>interiores</span> <span class='ocrx_word' id='word_1_12' title='bbox 1008 332 1379 389; x_wconf 60' lang='lat' dir='ltr'>intellectus,et</span> <span class='ocrx_word' id='word_1_13' title='bbox 1425 335 1684 382; x_wconf 78' lang='lat' dir='ltr'>voluntatis</span> <span class='ocrx_word' id='word_1_14' title='bbox 1724 336 1774 382; x_wconf 88' lang='lat' dir='ltr'>in</span> <span class='ocrx_word' id='word_1_15' title='bbox 1814 337 1952 398; x_wconf 87' lang='lat' dir='ltr'>legis-</span> 
     </span>
     <span class='ocr_line' id='line_1_3' title="bbox 53 406 1951 473; baseline 0.001 -17"><span class='ocrx_word' id='word_1_16' title='bbox 53 411 206 456; x_wconf 83' lang='lat' dir='ltr'>latore</span> <span class='ocrx_word' id='word_1_17' title='bbox 258 408 473 473; x_wconf 86' lang='lat' dir='ltr'>humano</span> <span class='ocrx_word' id='word_1_18' title='bbox 522 406 745 454; x_wconf 87' lang='lat' dir='ltr'>nondum</span> <span class='ocrx_word' id='word_1_19' title='bbox 798 407 1098 453; x_wconf 88' lang='lat' dir='ltr'>constituunt</span> <span class='ocrx_word' id='word_1_20' title='bbox 1147 407 1322 467; x_wconf 89' lang='lat' dir='ltr'>legem.</span> <span class='ocrx_word' id='word_1_21' title='bbox 1395 408 1532 466; x_wconf 77' lang='lat' dir='ltr'>Ergo</span> <span class='ocrx_word' id='word_1_22' title='bbox 1583 425 1611 455; x_wconf 90' lang='lat' dir='ltr'>a</span> <span class='ocrx_word' id='word_1_23' title='bbox 1662 410 1768 469; x_wconf 90' lang='lat' dir='ltr'>pari</span> <span class='ocrx_word' id='word_1_24' title='bbox 1819 411 1951 457; x_wconf 87' lang='lat' dir='ltr'>idem</span> 
     </span>
     <span class='ocr_line' id='line_1_4' title="bbox 53 482 580 532; baseline -0.006 -1"><span class='ocrx_word' id='word_1_25' title='bbox 53 483 319 532; x_wconf 88' lang='lat' dir='ltr'>dicendum</span> <span class='ocrx_word' id='word_1_26' title='bbox 355 482 417 528; x_wconf 92' lang='lat' dir='ltr'>de</span> <span class='ocrx_word' id='word_1_27' title='bbox 454 483 580 528; x_wconf 93' lang='lat' dir='ltr'>Deo.</span> 
     </span>
    </p>
   </div>
   <div class='ocr_carea' id='block_1_3' title="bbox 48 569 1955 1377">
    <p class='ocr_par' dir='ltr' id='par_1_3' title="bbox 48 569 1955 1377">
     <span class='ocr_line' id='line_1_5' title="bbox 129 569 1950 630; baseline 0 -12"><span class='ocrx_word' id='word_1_28' title='bbox 129 581 279 629; x_wconf 84' lang='lat' dir='ltr'>Resp.</span> <span class='ocrx_word' id='word_1_29' title='bbox 351 570 485 617; x_wconf 76' lang='lat' dir='ltr'>Com.</span> <span class='ocrx_word' id='word_1_30' title='bbox 524 575 666 617; x_wconf 77' lang='lat' dir='ltr'>antec.</span> <span class='ocrx_word' id='word_1_31' title='bbox 739 569 878 629; x_wconf 76' lang='lat' dir='ltr'>Nego</span> <span class='ocrx_word' id='word_1_32' title='bbox 925 584 1041 615; x_wconf 73' lang='lat' dir='ltr'>cous.</span> <span class='ocrx_word' id='word_1_33' title='bbox 1083 574 1128 615; x_wconf 76' lang='lat' dir='ltr'>et</span> <span class='ocrx_word' id='word_1_34' title='bbox 1163 570 1434 630; x_wconf 71' lang='lat' dir='ltr'><em>paritatem.</em></span> <span class='ocrx_word' id='word_1_35' title='bbox 1496 570 1770 630; x_wconf 88' lang='lat' dir='ltr'>Legislator</span> <span class='ocrx_word' id='word_1_36' title='bbox 1818 571 1950 618; x_wconf 88' lang='lat' dir='ltr'>enim</span> 
     </span>
     <span class='ocr_line' id='line_1_6' title="bbox 50 643 1951 706; baseline -0.001 -13"><span class='ocrx_word' id='word_1_37' title='bbox 50 647 289 693; x_wconf 88' lang='lat' dir='ltr'>humanus</span> <span class='ocrx_word' id='word_1_38' title='bbox 324 653 487 706; x_wconf 89' lang='lat' dir='ltr'>potest</span> <span class='ocrx_word' id='word_1_39' title='bbox 521 653 709 691; x_wconf 88' lang='lat' dir='ltr'>mutare</span> <span class='ocrx_word' id='word_1_40' title='bbox 746 653 964 691; x_wconf 80' lang='lat' dir='ltr'><strong>mentem</strong></span> <span class='ocrx_word' id='word_1_41' title='bbox 990 659 1125 690; x_wconf 87' lang='lat' dir='ltr'>suam</span> <span class='ocrx_word' id='word_1_42' title='bbox 1152 651 1198 689; x_wconf 89' lang='lat' dir='ltr'>et</span> <span class='ocrx_word' id='word_1_43' title='bbox 1223 643 1351 701; x_wconf 91' lang='lat' dir='ltr'>ideo,</span> <span class='ocrx_word' id='word_1_44' title='bbox 1392 643 1626 704; x_wconf 81' lang='lat' dir='ltr'>quamdiu</span> <span class='ocrx_word' id='word_1_45' title='bbox 1652 646 1951 692; x_wconf 84' lang='lat' dir='ltr'>voluntatem</span> 
     </span>
     <span class='ocr_line' id='line_1_7' title="bbox 51 717 1950 776; baseline -0.002 -9"><span class='ocrx_word' id='word_1_46' title='bbox 51 719 252 768; x_wconf 87' lang='lat' dir='ltr'>subditis</span> <span class='ocrx_word' id='word_1_47' title='bbox 295 734 397 765; x_wconf 92' lang='lat' dir='ltr'>non</span> <span class='ocrx_word' id='word_1_48' title='bbox 433 717 784 776; x_wconf 80' lang='lat' dir='ltr'>manifestavit,</span> <span class='ocrx_word' id='word_1_49' title='bbox 833 719 957 764; x_wconf 90' lang='lat' dir='ltr'>haec</span> <span class='ocrx_word' id='word_1_50' title='bbox 993 733 1096 764; x_wconf 89' lang='lat' dir='ltr'>non</span> <span class='ocrx_word' id='word_1_51' title='bbox 1133 726 1360 765; x_wconf 89' lang='lat' dir='ltr'>censetur</span> <span class='ocrx_word' id='word_1_52' title='bbox 1395 718 1569 764; x_wconf 84' lang='lat' dir='ltr'>efficax</span> <span class='ocrx_word' id='word_1_53' title='bbox 1606 727 1653 765; x_wconf 94' lang='lat' dir='ltr'>et</span> <span class='ocrx_word' id='word_1_54' title='bbox 1689 718 1950 776; x_wconf 87' lang='lat' dir='ltr'>definitiva,</span> 
     </span>
     <span class='ocr_line' id='line_1_8' title="bbox 51 792 1953 855; baseline -0.002 -12"><span class='ocrx_word' id='word_1_55' title='bbox 51 795 138 843; x_wconf 90' lang='lat' dir='ltr'>sed</span> <span class='ocrx_word' id='word_1_56' title='bbox 173 810 362 841; x_wconf 88' lang='lat' dir='ltr'>merum</span> <span class='ocrx_word' id='word_1_57' title='bbox 398 793 702 855; x_wconf 88' lang='lat' dir='ltr'>propositum</span> <span class='ocrx_word' id='word_1_58' title='bbox 740 792 991 839; x_wconf 89' lang='lat' dir='ltr'>condendi</span> <span class='ocrx_word' id='word_1_59' title='bbox 1015 793 1189 852; x_wconf 87' lang='lat' dir='ltr'>legem.</span> <span class='ocrx_word' id='word_1_60' title='bbox 1251 793 1316 838; x_wconf 87' lang='lat' dir='ltr'>At</span> <span class='ocrx_word' id='word_1_61' title='bbox 1351 807 1468 839; x_wconf 84' lang='lat' dir='ltr'>vero</span> <span class='ocrx_word' id='word_1_62' title='bbox 1496 794 1630 839; x_wconf 89' lang='lat' dir='ltr'>Deus</span> <span class='ocrx_word' id='word_1_63' title='bbox 1662 793 1723 839; x_wconf 86' lang='lat' dir='ltr'>ab</span> <span class='ocrx_word' id='word_1_64' title='bbox 1751 801 1953 840; x_wconf 86' lang='lat' dir='ltr'>aeterno</span> 
     </span>
     <span class='ocr_line' id='line_1_9' title="bbox 50 866 1955 930; baseline -0.002 -14"><span class='ocrx_word' id='word_1_65' title='bbox 50 871 210 930; x_wconf 89' lang='lat' dir='ltr'>legem</span> <span class='ocrx_word' id='word_1_66' title='bbox 247 869 312 915; x_wconf 89' lang='lat' dir='ltr'>ita</span> <span class='ocrx_word' id='word_1_67' title='bbox 348 868 615 915; x_wconf 85' lang='lat' dir='ltr'>efficaciter</span> <span class='ocrx_word' id='word_1_68' title='bbox 652 876 698 914; x_wconf 94' lang='lat' dir='ltr'>et</span> <span class='ocrx_word' id='word_1_69' title='bbox 734 866 1067 928; x_wconf 81' lang='lat' dir='ltr'>peremptorie</span> <span class='ocrx_word' id='word_1_70' title='bbox 1106 867 1237 927; x_wconf 85' lang='lat' dir='ltr'>apud</span> <span class='ocrx_word' id='word_1_71' title='bbox 1275 882 1325 913; x_wconf 90' lang='lat' dir='ltr'>se</span> <span class='ocrx_word' id='word_1_72' title='bbox 1363 866 1536 924; x_wconf 88' lang='lat' dir='ltr'>statuit,</span> <span class='ocrx_word' id='word_1_73' title='bbox 1575 875 1626 913; x_wconf 93' lang='lat' dir='ltr'>ut</span> <span class='ocrx_word' id='word_1_74' title='bbox 1661 868 1846 928; x_wconf 80' lang='lat' dir='ltr'>absque</span> <span class='ocrx_word' id='word_1_75' title='bbox 1884 866 1955 913; x_wconf 87' lang='lat' dir='ltr'>sui</span> 
     </span>
     <span class='ocr_line' id='line_1_10' title="bbox 50 941 1952 1003; baseline -0.002 -12"><span class='ocrx_word' id='word_1_76' title='bbox 50 943 319 991; x_wconf 82' lang='lat' dir='ltr'>mutatione</span> <span class='ocrx_word' id='word_1_77' title='bbox 355 943 558 989; x_wconf 88' lang='lat' dir='ltr'>subditis</span> <span class='ocrx_word' id='word_1_78' title='bbox 592 942 643 988; x_wconf 91' lang='lat' dir='ltr'>in</span> <span class='ocrx_word' id='word_1_79' title='bbox 679 951 903 1002; x_wconf 88' lang='lat' dir='ltr'>tempore</span> <span class='ocrx_word' id='word_1_80' title='bbox 940 941 1207 988; x_wconf 86' lang='lat' dir='ltr'>innotuerit</span> <span class='ocrx_word' id='word_1_81' title='bbox 1240 956 1424 1002; x_wconf 92' lang='lat' dir='ltr'>eosque</span> <span class='ocrx_word' id='word_1_82' title='bbox 1451 941 1672 1002; x_wconf 84' lang='lat' dir='ltr'>obligare</span> <span class='ocrx_word' id='word_1_83' title='bbox 1697 941 1952 1003; x_wconf 84' lang='lat' dir='ltr'>inceperit.</span> 
     </span>
     <span class='ocr_line' id='line_1_11' title="bbox 50 1016 1955 1078; baseline -0.002 -12"><span class='ocrx_word' id='word_1_84' title='bbox 50 1020 137 1066; x_wconf 91' lang='lat' dir='ltr'>Est</span> <span class='ocrx_word' id='word_1_85' title='bbox 182 1033 301 1078; x_wconf 90' lang='lat' dir='ltr'>ergo</span> <span class='ocrx_word' id='word_1_86' title='bbox 348 1017 398 1063; x_wconf 94' lang='lat' dir='ltr'>in</span> <span class='ocrx_word' id='word_1_87' title='bbox 436 1018 547 1063; x_wconf 94' lang='lat' dir='ltr'>Deo</span> <span class='ocrx_word' id='word_1_88' title='bbox 595 1017 742 1064; x_wconf 87' lang='lat' dir='ltr'>etiam</span> <span class='ocrx_word' id='word_1_89' title='bbox 789 1017 1118 1077; x_wconf 82' lang='lat' dir='ltr'>promulgatio</span> <span class='ocrx_word' id='word_1_90' title='bbox 1166 1032 1268 1063; x_wconf 91' lang='lat' dir='ltr'>non</span> <span class='ocrx_word' id='word_1_91' title='bbox 1317 1016 1519 1076; x_wconf 89' lang='lat' dir='ltr'>quidem</span> <span class='ocrx_word' id='word_1_92' title='bbox 1568 1016 1817 1074; x_wconf 82' lang='lat' dir='ltr'>effective,</span> <span class='ocrx_word' id='word_1_93' title='bbox 1868 1016 1955 1063; x_wconf 88' lang='lat' dir='ltr'>sed</span> 
     </span>
     <span class='ocr_line' id='line_1_12' title="bbox 51 1091 1954 1153; baseline -0.002 -14"><span class='ocrx_word' id='word_1_94' title='bbox 51 1094 300 1139; x_wconf 76' lang='lat' dir='ltr'>causaliter</span> <span class='ocrx_word' id='word_1_95' title='bbox 348 1099 568 1153; x_wconf 89' lang='lat' dir='ltr'>spectata</span> <span class='ocrx_word' id='word_1_96' title='bbox 626 1093 688 1138; x_wconf 88' lang='lat' dir='ltr'>ab</span> <span class='ocrx_word' id='word_1_97' title='bbox 748 1100 981 1148; x_wconf 87' lang='lat' dir='ltr'>aetern0,</span> <span class='ocrx_word' id='word_1_98' title='bbox 1043 1091 1109 1137; x_wconf 91' lang='lat' dir='ltr'>ita</span> <span class='ocrx_word' id='word_1_99' title='bbox 1168 1099 1219 1136; x_wconf 88' lang='lat' dir='ltr'>ut</span> <span class='ocrx_word' id='word_1_100' title='bbox 1268 1092 1404 1137; x_wconf 85' lang='lat' dir='ltr'>Deus</span> <span class='ocrx_word' id='word_1_101' title='bbox 1456 1105 1515 1137; x_wconf 81' lang='lat' dir='ltr'>ex</span> <span class='ocrx_word' id='word_1_102' title='bbox 1566 1100 1704 1151; x_wconf 86' lang='lat' dir='ltr'>parte</span> <span class='ocrx_word' id='word_1_103' title='bbox 1756 1106 1841 1137; x_wconf 90' lang='lat' dir='ltr'>sua</span> <span class='ocrx_word' id='word_1_104' title='bbox 1893 1091 1954 1137; x_wconf 86' lang='lat' dir='ltr'>ab</span> 
     </span>
     <span class='ocr_line' id='line_1_13' title="bbox 50 1164 1955 1228; baseline -0.002 -14"><span class='ocrx_word' id='word_1_105' title='bbox 50 1175 253 1214; x_wconf 86' lang='lat' dir='ltr'>aeterno</span> <span class='ocrx_word' id='word_1_106' title='bbox 290 1166 458 1214; x_wconf 89' lang='lat' dir='ltr'>omnia</span> <span class='ocrx_word' id='word_1_107' title='bbox 492 1165 722 1228; x_wconf 86' lang='lat' dir='ltr'>posuerit,</span> <span class='ocrx_word' id='word_1_108' title='bbox 761 1181 887 1226; x_wconf 88' lang='lat' dir='ltr'>quae</span> <span class='ocrx_word' id='word_1_109' title='bbox 925 1165 1250 1225; x_wconf 89' lang='lat' dir='ltr'>requiruntur,</span> <span class='ocrx_word' id='word_1_110' title='bbox 1289 1174 1339 1211; x_wconf 89' lang='lat' dir='ltr'>ut</span> <span class='ocrx_word' id='word_1_111' title='bbox 1375 1165 1425 1210; x_wconf 90' lang='lat' dir='ltr'>in</span> <span class='ocrx_word' id='word_1_112' title='bbox 1457 1174 1682 1226; x_wconf 89' lang='lat' dir='ltr'>tempore</span> <span class='ocrx_word' id='word_1_113' title='bbox 1720 1164 1955 1225; x_wconf 82' lang='lat' dir='ltr'>obligatio</span> 
     </span>
     <span class='ocr_line' id='line_1_14' title="bbox 49 1240 1955 1301; baseline -0.001 -14"><span class='ocrx_word' id='word_1_114' title='bbox 49 1241 100 1287; x_wconf 92' lang='lat' dir='ltr'>in</span> <span class='ocrx_word' id='word_1_115' title='bbox 137 1240 369 1288; x_wconf 84' lang='lat' dir='ltr'>creaturis</span> <span class='ocrx_word' id='word_1_116' title='bbox 406 1241 615 1301; x_wconf 74' lang='lat' dir='ltr'>oriatur3</span> <span class='ocrx_word' id='word_1_117' title='bbox 650 1240 899 1301; x_wconf 89' lang='lat' dir='ltr'>legislator</span> <span class='ocrx_word' id='word_1_118' title='bbox 935 1249 1096 1287; x_wconf 89' lang='lat' dir='ltr'>autem</span> <span class='ocrx_word' id='word_1_119' title='bbox 1128 1241 1383 1296; x_wconf 79' lang='lat' dir='ltr'>humanUS,</span> <span class='ocrx_word' id='word_1_120' title='bbox 1423 1240 1506 1300; x_wconf 89' lang='lat' dir='ltr'>qui</span> <span class='ocrx_word' id='word_1_121' title='bbox 1532 1241 1689 1286; x_wconf 88' lang='lat' dir='ltr'>solum</span> <span class='ocrx_word' id='word_1_122' title='bbox 1714 1240 1764 1285; x_wconf 91' lang='lat' dir='ltr'>in</span> <span class='ocrx_word' id='word_1_123' title='bbox 1790 1248 1955 1286; x_wconf 91' lang='lat' dir='ltr'>mente</span> 
     </span>
     <span class='ocr_line' id='line_1_15' title="bbox 48 1313 1953 1377; baseline -0.001 -15"><span class='ocrx_word' id='word_1_124' title='bbox 48 1317 210 1377; x_wconf 91' lang='lat' dir='ltr'>legem</span> <span class='ocrx_word' id='word_1_125' title='bbox 229 1315 403 1374; x_wconf 84' lang='lat' dir='ltr'>statuit,</span> <span class='ocrx_word' id='word_1_126' title='bbox 432 1331 492 1362; x_wconf 79' lang='lat' dir='ltr'>ex</span> <span class='ocrx_word' id='word_1_127' title='bbox 517 1331 602 1362; x_wconf 89' lang='lat' dir='ltr'>sua</span> <span class='ocrx_word' id='word_1_128' title='bbox 626 1324 763 1377; x_wconf 91' lang='lat' dir='ltr'>parte</span> <span class='ocrx_word' id='word_1_129' title='bbox 790 1315 1010 1361; x_wconf 87' lang='lat' dir='ltr'>nondum</span> <span class='ocrx_word' id='word_1_130' title='bbox 1037 1315 1204 1361; x_wconf 84' lang='lat' dir='ltr'>onmia</span> <span class='ocrx_word' id='word_1_131' title='bbox 1222 1314 1284 1360; x_wconf 89' lang='lat' dir='ltr'>ad</span> <span class='ocrx_word' id='word_1_132' title='bbox 1303 1315 1464 1375; x_wconf 89' lang='lat' dir='ltr'>legem</span> <span class='ocrx_word' id='word_1_133' title='bbox 1483 1314 1759 1361; x_wconf 85' lang='lat' dir='ltr'>necessaria</span> <span class='ocrx_word' id='word_1_134' title='bbox 1778 1313 1953 1375; x_wconf 83' lang='lat' dir='ltr'>posuit.</span> 
     </span>
    </p>
   </div>
   <div class='ocr_carea' id='block_1_4' title="bbox 50 1409 1954 1549">
    <p class='ocr_par' dir='ltr' id='par_1_4' title="bbox 50 1409 1954 1549">
     <span class='ocr_line' id='line_1_16' title="bbox 132 1409 1954 1470; baseline -0.003 -9"><span class='ocrx_word' id='word_1_135' title='bbox 132 1420 234 1461; x_wconf 85' lang='lat' dir='ltr'>Obi.</span> <span class='ocrx_word' id='word_1_136' title='bbox 263 1433 306 1470; x_wconf 86' lang='lat'>3.</span> <span class='ocrx_word' id='word_1_137' title='bbox 383 1414 463 1460; x_wconf 87' lang='lat' dir='ltr'>Ab</span> <span class='ocrx_word' id='word_1_138' title='bbox 511 1421 712 1460; x_wconf 87' lang='lat' dir='ltr'>aeterno</span> <span class='ocrx_word' id='word_1_139' title='bbox 759 1428 861 1459; x_wconf 88' lang='lat' dir='ltr'>non</span> <span class='ocrx_word' id='word_1_140' title='bbox 900 1420 1004 1459; x_wconf 90' lang='lat' dir='ltr'>erat</span> <span class='ocrx_word' id='word_1_141' title='bbox 1039 1413 1089 1458; x_wconf 92' lang='lat' dir='ltr'>in</span> <span class='ocrx_word' id='word_1_142' title='bbox 1126 1413 1238 1459; x_wconf 92' lang='lat' dir='ltr'>Deo</span> <span class='ocrx_word' id='word_1_143' title='bbox 1276 1410 1550 1458; x_wconf 87' lang='lat' dir='ltr'>dominium</span> <span class='ocrx_word' id='word_1_144' title='bbox 1587 1420 1635 1457; x_wconf 88' lang='lat' dir='ltr'>et</span> <span class='ocrx_word' id='word_1_145' title='bbox 1669 1409 1954 1457; x_wconf 87' lang='lat' dir='ltr'>iurisdictio.</span> 
     </span>
     <span class='ocr_line' id='line_1_17' title="bbox 50 1485 1953 1549; baseline -0.002 -15"><span class='ocrx_word' id='word_1_146' title='bbox 50 1488 203 1549; x_wconf 69' lang='lat' dir='ltr'><em>Atqui</em></span> <span class='ocrx_word' id='word_1_147' title='bbox 246 1488 323 1535; x_wconf 85' lang='lat' dir='ltr'>lex</span> <span class='ocrx_word' id='word_1_148' title='bbox 360 1495 432 1534; x_wconf 91' lang='lat' dir='ltr'>est</span> <span class='ocrx_word' id='word_1_149' title='bbox 468 1496 602 1534; x_wconf 87' lang='lat' dir='ltr'>actus</span> <span class='ocrx_word' id='word_1_150' title='bbox 638 1486 997 1534; x_wconf 87' lang='lat' dir='ltr'>iurisdictionis</span> <span class='ocrx_word' id='word_1_151' title='bbox 1070 1487 1151 1533; x_wconf 64' lang='lat' dir='ltr'>E?</span> <span class='ocrx_word' id='word_1_152' title='bbox 1147 1503 1207 1546; x_wconf 74' lang='lat' dir='ltr'>go</span> <span class='ocrx_word' id='word_1_153' title='bbox 1244 1487 1306 1533; x_wconf 86' lang='lat' dir='ltr'>ab</span> <span class='ocrx_word' id='word_1_154' title='bbox 1344 1495 1546 1533; x_wconf 88' lang='lat' dir='ltr'>aeterno</span> <span class='ocrx_word' id='word_1_155' title='bbox 1584 1500 1686 1532; x_wconf 91' lang='lat' dir='ltr'>non</span> <span class='ocrx_word' id='word_1_156' title='bbox 1724 1494 1827 1532; x_wconf 87' lang='lat' dir='ltr'>erat</span> <span class='ocrx_word' id='word_1_157' title='bbox 1862 1485 1953 1532; x_wconf 85' lang='lat' dir='ltr'>lex.</span> 
     </span>
    </p>
   </div>
   <div class='ocr_carea' id='block_1_5' title="bbox 50 1573 1957 1923">
    <p class='ocr_par' dir='ltr' id='par_1_5' title="bbox 50 1573 1957 1923">
     <span class='ocr_line' id='line_1_18' title="bbox 129 1573 1957 1636; baseline -0.003 -12"><span class='ocrx_word' id='word_1_158' title='bbox 129 1586 279 1635; x_wconf 84' lang='lat' dir='ltr'>Resp.</span> <span class='ocrx_word' id='word_1_159' title='bbox 343 1576 476 1623; x_wconf 77' lang='lat' dir='ltr'>Cone.</span> <span class='ocrx_word' id='word_1_160' title='bbox 503 1577 612 1622; x_wconf 82' lang='lat' dir='ltr'>moi.</span> <span class='ocrx_word' id='word_1_161' title='bbox 664 1576 795 1622; x_wconf 70' lang='grc' dir='ltr'><strong>Βιςί.</strong></span> <span class='ocrx_word' id='word_1_162' title='bbox 823 1577 931 1622; x_wconf 74' lang='lat' dir='ltr'>min.</span> <span class='ocrx_word' id='word_1_163' title='bbox 952 1577 1104 1622; x_wconf 84' lang='lat' dir='ltr'>:Lex</span> <span class='ocrx_word' id='word_1_164' title='bbox 1141 1575 1332 1636; x_wconf 84' lang='lat' dir='ltr'>passive</span> <span class='ocrx_word' id='word_1_165' title='bbox 1369 1582 1590 1636; x_wconf 87' lang='lat' dir='ltr'>spectata</span> <span class='ocrx_word' id='word_1_166' title='bbox 1626 1589 1711 1621; x_wconf 88' lang='lat' dir='ltr'>seu</span> <span class='ocrx_word' id='word_1_167' title='bbox 1746 1573 1795 1620; x_wconf 88' lang='lat' dir='ltr'>in</span> <span class='ocrx_word' id='word_1_168' title='bbox 1832 1582 1957 1620; x_wconf 88' lang='lat' dir='ltr'>statu</span> 
     </span>
     <span class='ocr_line' id='line_1_19' title="bbox 50 1648 1956 1710; baseline -0.003 -11"><span class='ocrx_word' id='word_1_169' title='bbox 50 1660 254 1699; x_wconf 83' lang='lat' dir='ltr'>externo</span> <span class='ocrx_word' id='word_1_170' title='bbox 292 1660 364 1698; x_wconf 88' lang='lat' dir='ltr'>est</span> <span class='ocrx_word' id='word_1_171' title='bbox 398 1659 533 1697; x_wconf 89' lang='lat' dir='ltr'>actus</span> <span class='ocrx_word' id='word_1_172' title='bbox 569 1649 942 1709; x_wconf 89' lang='lat' dir='ltr'>iurisdictionis,</span> <span class='ocrx_word' id='word_1_173' title='bbox 981 1665 1127 1705; x_wconf 56' lang='lat' dir='ltr'>conc„</span> <span class='ocrx_word' id='word_1_174' title='bbox 1169 1650 1248 1697; x_wconf 83' lang='lat' dir='ltr'>lex</span> <span class='ocrx_word' id='word_1_175' title='bbox 1283 1665 1418 1696; x_wconf 88' lang='lat' dir='ltr'>mere</span> <span class='ocrx_word' id='word_1_176' title='bbox 1456 1649 1613 1695; x_wconf 75' lang='lat' dir='ltr'>active</span> <span class='ocrx_word' id='word_1_177' title='bbox 1650 1656 1871 1710; x_wconf 89' lang='lat' dir='ltr'>spectata</span> <span class='ocrx_word' id='word_1_178' title='bbox 1906 1648 1956 1694; x_wconf 92' lang='lat' dir='ltr'>in</span> 
     </span>
     <span class='ocr_line' id='line_1_20' title="bbox 50 1722 1957 1786; baseline -0.003 -13"><span class='ocrx_word' id='word_1_179' title='bbox 50 1734 215 1774; x_wconf 91' lang='lat' dir='ltr'>mente</span> <span class='ocrx_word' id='word_1_180' title='bbox 252 1724 557 1786; x_wconf 83' lang='lat' dir='ltr'>legislatoris,</span> <span class='ocrx_word' id='word_1_181' title='bbox 595 1740 723 1784; x_wconf 74' lang='lat' dir='ltr'>nego.</span> <span class='ocrx_word' id='word_1_182' title='bbox 772 1724 912 1784; x_wconf 71' lang='lat' dir='ltr'>Nego</span> <span class='ocrx_word' id='word_1_183' title='bbox 948 1741 1062 1771; x_wconf 78' lang='lat' dir='ltr'>cons.</span> <span class='ocrx_word' id='word_1_184' title='bbox 1118 1726 1271 1771; x_wconf 81' lang='lat' dir='ltr'>Actus</span> <span class='ocrx_word' id='word_1_185' title='bbox 1307 1723 1513 1770; x_wconf 89' lang='lat' dir='ltr'>dominii</span> <span class='ocrx_word' id='word_1_186' title='bbox 1541 1733 1588 1770; x_wconf 88' lang='lat' dir='ltr'>et</span> <span class='ocrx_word' id='word_1_187' title='bbox 1612 1722 1957 1770; x_wconf 86' lang='lat' dir='ltr'>iurisdictionis</span> 
     </span>
     <span class='ocr_line' id='line_1_21' title="bbox 50 1798 1957 1860; baseline -0.003 -11"><span class='ocrx_word' id='word_1_188' title='bbox 50 1809 161 1849; x_wconf 90' lang='lat' dir='ltr'>sunt</span> <span class='ocrx_word' id='word_1_189' title='bbox 206 1809 341 1848; x_wconf 87' lang='lat' dir='ltr'>actus</span> <span class='ocrx_word' id='word_1_190' title='bbox 388 1809 720 1859; x_wconf 78' lang='lat' dir='ltr'>transeuntes3</span> <span class='ocrx_word' id='word_1_191' title='bbox 768 1799 855 1847; x_wconf 92' lang='lat' dir='ltr'>sed</span> <span class='ocrx_word' id='word_1_192' title='bbox 902 1800 981 1847; x_wconf 85' lang='lat' dir='ltr'>lex</span> <span class='ocrx_word' id='word_1_193' title='bbox 1028 1809 1230 1847; x_wconf 88' lang='lat' dir='ltr'>aeterna</span> <span class='ocrx_word' id='word_1_194' title='bbox 1266 1798 1422 1846; x_wconf 80' lang='lat' dir='ltr'>active</span> <span class='ocrx_word' id='word_1_195' title='bbox 1461 1807 1680 1860; x_wconf 86' lang='lat' dir='ltr'>spectata</span> <span class='ocrx_word' id='word_1_196' title='bbox 1717 1806 1789 1844; x_wconf 88' lang='lat' dir='ltr'>est</span> <span class='ocrx_word' id='word_1_197' title='bbox 1824 1806 1957 1844; x_wconf 88' lang='lat' dir='ltr'>actus</span> 
     </span>
     <span class='ocr_line' id='line_1_22' title="bbox 54 1875 799 1923; baseline -0.003 -1"><span class='ocrx_word' id='word_1_198' title='bbox 54 1875 151 1923; x_wconf 92' lang='lat' dir='ltr'>Dei</span> <span class='ocrx_word' id='word_1_199' title='bbox 185 1877 442 1922; x_wconf 73' lang='lat' dir='ltr'>immanens</span> <span class='ocrx_word' id='word_1_200' title='bbox 476 1883 524 1922; x_wconf 90' lang='lat' dir='ltr'>et</span> <span class='ocrx_word' id='word_1_201' title='bbox 559 1884 799 1922; x_wconf 89' lang='lat' dir='ltr'>aeternus.</span> 
     </span>
    </p>
   </div>
   <div class='ocr_carea' id='block_1_6' title="bbox 183 2027 1823 2082">
    <p class='ocr_par' dir='ltr' id='par_1_6' title="bbox 183 2027 1823 2082">
     <span class='ocr_line' id='line_1_23' title="bbox 183 2027 1823 2082; baseline -0.002 -13"><span class='ocrx_word' id='word_1_202' title='bbox 183 2027 210 2082; x_wconf 62' lang='grc' dir='ltr'>ξ</span> <span class='ocrx_word' id='word_1_203' title='bbox 244 2041 282 2081; x_wconf 82' lang='grc'><strong>3.</strong></span> <span class='ocrx_word' id='word_1_204' title='bbox 332 2030 412 2068; x_wconf 87' lang='lat' dir='ltr'>DE</span> <span class='ocrx_word' id='word_1_205' title='bbox 444 2029 612 2068; x_wconf 84' lang='lat' dir='ltr'>LEGIS</span> <span class='ocrx_word' id='word_1_206' title='bbox 648 2028 981 2068; x_wconf 69' lang='lat' dir='ltr'>NATURALIS</span> <span class='ocrx_word' id='word_1_207' title='bbox 1014 2028 1283 2067; x_wconf 80' lang='lat' dir='ltr'>NOTIONE</span> <span class='ocrx_word' id='word_1_208' title='bbox 1318 2027 1392 2065; x_wconf 90' lang='lat' dir='ltr'>ET</span> <span class='ocrx_word' id='word_1_209' title='bbox 1426 2027 1823 2066; x_wconf 78' lang='lat' dir='ltr'>EXSISTENTIA.</span> 
     </span>
    </p>
   </div>
   <div class='ocr_carea' id='block_1_7' title="bbox 114 2123 1896 2244">
    <p class='ocr_par' dir='ltr' id='par_1_7' title="bbox 114 2123 1896 2244">
     <span class='ocr_line' id='line_1_24' title="bbox 114 2123 1896 2178; baseline -0.004 -12"><span class='ocrx_word' id='word_1_210' title='bbox 114 2123 174 2178; x_wconf 79' lang='lat' dir='ltr'>(S.</span> <span class='ocrx_word' id='word_1_211' title='bbox 217 2127 356 2165; x_wconf 79' lang='lat' dir='ltr'>leom.</span> <span class='ocrx_word' id='word_1_212' title='bbox 398 2137 430 2173; x_wconf 93' lang='lat'>1,</span> <span class='ocrx_word' id='word_1_213' title='bbox 468 2135 505 2174; x_wconf 87' lang='lat'>2,</span> <span class='ocrx_word' id='word_1_214' title='bbox 542 2140 580 2177; x_wconf 89' lang='lat' dir='ltr'>q.</span> <span class='ocrx_word' id='word_1_215' title='bbox 617 2136 684 2174; x_wconf 87' lang='lat'>91,</span> <span class='ocrx_word' id='word_1_216' title='bbox 721 2140 756 2164; x_wconf 88' lang='lat' dir='ltr'>a.</span> <span class='ocrx_word' id='word_1_217' title='bbox 793 2136 815 2163; x_wconf 90' lang='lat'>2</span> <span class='ocrx_word' id='word_1_218' title='bbox 851 2133 891 2163; x_wconf 91' lang='lat' dir='ltr'>et</span> <span class='ocrx_word' id='word_1_219' title='bbox 924 2139 963 2177; x_wconf 88' lang='lat' dir='ltr'>q.</span> <span class='ocrx_word' id='word_1_220' title='bbox 1001 2136 1068 2174; x_wconf 81' lang='lat'>94.</span> <span class='ocrx_word' id='word_1_221' title='bbox 1134 2127 1300 2171; x_wconf 65' lang='lat' dir='ltr'>Suarez,</span> <span class='ocrx_word' id='word_1_222' title='bbox 1334 2125 1402 2162; x_wconf 91' lang='lat' dir='ltr'>De</span> <span class='ocrx_word' id='word_1_223' title='bbox 1435 2123 1516 2174; x_wconf 87' lang='lat' dir='ltr'>leg.</span> <span class='ocrx_word' id='word_1_224' title='bbox 1551 2123 1576 2162; x_wconf 93' lang='lat' dir='ltr'>l.</span> <span class='ocrx_word' id='word_1_225' title='bbox 1613 2133 1650 2171; x_wconf 84' lang='lat'>2,</span> <span class='ocrx_word' id='word_1_226' title='bbox 1686 2136 1721 2162; x_wconf 90' lang='lat' dir='ltr'>c.</span> <span class='ocrx_word' id='word_1_227' title='bbox 1758 2130 1896 2173; x_wconf 83' lang='lat' dir='ltr'>5sqq.</span> 
     </span>
     <span class='ocr_line' id='line_1_25' title="bbox 374 2188 1558 2244; baseline -0.003 -12"><span class='ocrx_word' id='word_1_228' title='bbox 374 2197 383 2200; x_wconf 78' lang='grc'><em>“</em></span> <span class='ocrx_word' id='word_1_229' title='bbox 437 2193 624 2239; x_wconf 71' lang='lat' dir='ltr'>Fel&#39;relti,</span> <span class='ocrx_word' id='word_1_230' title='bbox 658 2193 837 2231; x_wconf 82' lang='lat' dir='ltr'>Institut.</span> <span class='ocrx_word' id='word_1_231' title='bbox 872 2192 1024 2244; x_wconf 89' lang='lat' dir='ltr'>philos.</span> <span class='ocrx_word' id='word_1_232' title='bbox 1060 2206 1162 2230; x_wconf 85' lang='lat' dir='ltr'>mor.</span> <span class='ocrx_word' id='word_1_233' title='bbox 1196 2193 1226 2239; x_wconf 84' lang='grc' dir='ltr'>Ι,</span> <span class='ocrx_word' id='word_1_234' title='bbox 1263 2205 1302 2231; x_wconf 90' lang='lat' dir='ltr'>n.</span> <span class='ocrx_word' id='word_1_235' title='bbox 1343 2202 1423 2229; x_wconf 89' lang='lat'>100</span> <span class='ocrx_word' id='word_1_236' title='bbox 1446 2188 1558 2243; x_wconf 81' lang='lat' dir='ltr'>sqq.)</span> 
     </span>
    </p>
   </div>
   <div class='ocr_carea' id='block_1_8' title="bbox 53 2300 1964 3277">
    <p class='ocr_par' dir='ltr' id='par_1_8' title="bbox 53 2300 1964 3191">
     <span class='ocr_line' id='line_1_26' title="bbox 64 2300 1953 2367; baseline -0.001 -15"><span class='ocrx_word' id='word_1_237' title='bbox 64 2300 204 2367; x_wconf 85' lang='lat'><strong><em>156.</em></strong></span> <span class='ocrx_word' id='word_1_238' title='bbox 283 2301 404 2352; x_wconf 81' lang='lat' dir='ltr'>Lex</span> <span class='ocrx_word' id='word_1_239' title='bbox 443 2302 694 2352; x_wconf 89' lang='lat' dir='ltr'>naturalis</span> <span class='ocrx_word' id='word_1_240' title='bbox 735 2320 764 2351; x_wconf 91' lang='lat' dir='ltr'>a</span> <span class='ocrx_word' id='word_1_241' title='bbox 795 2302 847 2351; x_wconf 88' lang='lat' dir='ltr'>S.</span> <span class='ocrx_word' id='word_1_242' title='bbox 887 2301 1096 2351; x_wconf 79' lang='lat' dir='ltr'>leoma</span> <span class='ocrx_word' id='word_1_243' title='bbox 1139 2303 1269 2366; x_wconf 76' lang='lat'>(1‚2</span> <span class='ocrx_word' id='word_1_244' title='bbox 1281 2319 1369 2367; x_wconf 92' lang='lat' dir='ltr'>,.q</span> <span class='ocrx_word' id='word_1_245' title='bbox 1403 2316 1489 2365; x_wconf 85' lang='grc'>91,</span> <span class='ocrx_word' id='word_1_246' title='bbox 1520 2318 1564 2352; x_wconf 90' lang='lat' dir='ltr'>a.</span> <span class='ocrx_word' id='word_1_247' title='bbox 1600 2302 1651 2367; x_wconf 86' lang='lat'>2)</span> <span class='ocrx_word' id='word_1_248' title='bbox 1682 2301 1953 2351; x_wconf 87' lang='lat' dir='ltr'>definitur:</span> 
     </span>
     <span class='ocr_line' id='line_1_27' title="bbox 61 2344 1956 2451; baseline 0 -19"><span class='ocrx_word' id='word_1_249' title='bbox 61 2384 434 2450; x_wconf 65' lang='lat' dir='ltr'>«paiti&#39;cipatzo</span> <span class='ocrx_word' id='word_1_250' title='bbox 475 2384 525 2434; x_wconf 68' lang='lat' dir='ltr'>le</span> <span class='ocrx_word' id='word_1_251' title='bbox 513 2385 615 2451; x_wconf 74' lang='lat' dir='ltr'>gis</span> <span class='ocrx_word' id='word_1_252' title='bbox 643 2393 896 2434; x_wconf 43' lang='lat' dir='ltr'>cze‘stz‘cmme</span> <span class='ocrx_word' id='word_1_253' title='bbox 923 2385 979 2433; x_wconf 78' lang='lat' dir='ltr'>in</span> <span class='ocrx_word' id='word_1_254' title='bbox 1009 2344 1289 2434; x_wconf 34' lang='grc' dir='ltr'><em>ναίίῖοηαίῑ</em></span> <span class='ocrx_word' id='word_1_255' title='bbox 1303 2393 1608 2434; x_wconf 61' lang='lat' dir='ltr'>cucciano»</span> <span class='ocrx_word' id='word_1_256' title='bbox 1677 2383 1799 2449; x_wconf 90' lang='lat' dir='ltr'>Ipsa</span> <span class='ocrx_word' id='word_1_257' title='bbox 1827 2400 1956 2447; x_wconf 87' lang='lat' dir='ltr'>ergo</span> 
     </span>
     <span class='ocr_line' id='line_1_28' title="bbox 55 2465 1957 2533; baseline -0.001 -17"><span class='ocrx_word' id='word_1_258' title='bbox 55 2466 166 2528; x_wconf 83' lang='lat' dir='ltr'>lex,</span> <span class='ocrx_word' id='word_1_259' title='bbox 226 2484 363 2533; x_wconf 89' lang='lat' dir='ltr'>quae</span> <span class='ocrx_word' id='word_1_260' title='bbox 417 2468 470 2517; x_wconf 89' lang='lat' dir='ltr'>in</span> <span class='ocrx_word' id='word_1_261' title='bbox 527 2468 648 2517; x_wconf 91' lang='lat' dir='ltr'>Deo</span> <span class='ocrx_word' id='word_1_262' title='bbox 705 2467 967 2517; x_wconf 78' lang='lat' dir='ltr'>exsistens</span> <span class='ocrx_word' id='word_1_263' title='bbox 1018 2475 1237 2517; x_wconf 78' lang='lat' dir='ltr'>vocatur</span> <span class='ocrx_word' id='word_1_264' title='bbox 1293 2465 1381 2516; x_wconf 80' lang='lat' dir='ltr'>lex</span> <span class='ocrx_word' id='word_1_265' title='bbox 1434 2474 1647 2516; x_wconf 90' lang='lat' dir='ltr'>aeterna</span> <span class='ocrx_word' id='word_1_266' title='bbox 1697 2465 1957 2515; x_wconf 87' lang='lat' dir='ltr'>strictiore</span> 
     </span>
     <span class='ocr_line' id='line_1_29' title="bbox 53 2538 1956 2614; baseline -0.002 -15"><span class='ocrx_word' id='word_1_267' title='bbox 53 2538 210 2599; x_wconf 81' lang='lat' dir='ltr'>sensu</span> <span class='ocrx_word' id='word_1_268' title='bbox 249 2550 318 2614; x_wconf 80' lang='lat' dir='ltr'>(n.</span> <span class='ocrx_word' id='word_1_269' title='bbox 371 2550 519 2613; x_wconf 78' lang='lat'>153),</span> <span class='ocrx_word' id='word_1_270' title='bbox 575 2550 766 2600; x_wconf 89' lang='lat' dir='ltr'>dicitur</span> <span class='ocrx_word' id='word_1_271' title='bbox 817 2548 906 2599; x_wconf 79' lang='lat' dir='ltr'>lex</span> <span class='ocrx_word' id='word_1_272' title='bbox 957 2548 1232 2609; x_wconf 88' lang='lat' dir='ltr'>naturalis,</span> <span class='ocrx_word' id='word_1_273' title='bbox 1292 2558 1554 2614; x_wconf 87' lang='lat' dir='ltr'>quatenus</span> <span class='ocrx_word' id='word_1_274' title='bbox 1606 2556 1687 2597; x_wconf 92' lang='lat' dir='ltr'>est</span> <span class='ocrx_word' id='word_1_275' title='bbox 1726 2548 1777 2596; x_wconf 88' lang='lat' dir='ltr'>in</span> <span class='ocrx_word' id='word_1_276' title='bbox 1819 2563 1956 2596; x_wconf 85' lang='lat' dir='ltr'>crea-</span> 
     </span>
     <span class='ocr_line' id='line_1_30' title="bbox 54 2628 1956 2703; baseline -0.002 -22"><span class='ocrx_word' id='word_1_277' title='bbox 54 2639 170 2681; x_wconf 85' lang='lat' dir='ltr'>tura</span> <span class='ocrx_word' id='word_1_278' title='bbox 220 2632 485 2703; x_wconf 57' lang='lat' dir='ltr'>rationali,</span> <span class='ocrx_word' id='word_1_279' title='bbox 541 2632 625 2682; x_wconf 89' lang='lat' dir='ltr'>cui</span> <span class='ocrx_word' id='word_1_280' title='bbox 675 2632 978 2703; x_wconf 89' lang='lat' dir='ltr'>imponitur.</span> <span class='ocrx_word' id='word_1_281' title='bbox 1062 2629 1314 2681; x_wconf 87' lang='lat' dir='ltr'>Consistit</span> <span class='ocrx_word' id='word_1_282' title='bbox 1367 2638 1547 2680; x_wconf 88' lang='lat' dir='ltr'>autem</span> <span class='ocrx_word' id='word_1_283' title='bbox 1598 2630 1731 2679; x_wconf 90' lang='lat' dir='ltr'>haec</span> <span class='ocrx_word' id='word_1_284' title='bbox 1778 2628 1865 2678; x_wconf 80' lang='lat' dir='ltr'>lex</span> <span class='ocrx_word' id='word_1_285' title='bbox 1905 2630 1956 2678; x_wconf 90' lang='lat' dir='ltr'>in</span> 
     </span>
     <span class='ocr_line' id='line_1_31' title="bbox 53 2699 1955 2780; baseline -0.002 -17"><span class='ocrx_word' id='word_1_286' title='bbox 53 2699 256 2763; x_wconf 76' lang='lat' dir='ltr'>iudiciis</span> <span class='ocrx_word' id='word_1_287' title='bbox 285 2714 545 2780; x_wconf 85' lang='lat' dir='ltr'>practicis,</span> <span class='ocrx_word' id='word_1_288' title='bbox 575 2700 772 2780; x_wconf 86' lang='lat' dir='ltr'>quibus</span> <span class='ocrx_word' id='word_1_289' title='bbox 801 2714 1179 2779; x_wconf 88' lang='lat' dir='ltr'>cognoscimus</span> <span class='ocrx_word' id='word_1_290' title='bbox 1207 2730 1305 2762; x_wconf 90' lang='lat' dir='ltr'>nos</span> <span class='ocrx_word' id='word_1_291' title='bbox 1335 2713 1402 2762; x_wconf 89' lang='lat' dir='ltr'>ad</span> <span class='ocrx_word' id='word_1_292' title='bbox 1431 2713 1632 2762; x_wconf 89' lang='lat' dir='ltr'>bonum</span> <span class='ocrx_word' id='word_1_293' title='bbox 1656 2711 1955 2761; x_wconf 88' lang='lat' dir='ltr'>faciendum</span> 
     </span>
     <span class='ocr_line' id='line_1_32' title="bbox 55 2792 1958 2862; baseline -0.002 -17"><span class='ocrx_word' id='word_1_294' title='bbox 55 2794 107 2845; x_wconf 87' lang='lat' dir='ltr'>et</span> <span class='ocrx_word' id='word_1_295' title='bbox 155 2792 355 2845; x_wconf 87' lang='lat' dir='ltr'>malum</span> <span class='ocrx_word' id='word_1_296' title='bbox 393 2796 669 2846; x_wconf 85' lang='lat' dir='ltr'>vitandum</span> <span class='ocrx_word' id='word_1_297' title='bbox 721 2797 887 2862; x_wconf 81' lang='lat' dir='ltr'>teneri</span> <span class='ocrx_word' id='word_1_298' title='bbox 937 2813 1029 2845; x_wconf 87' lang='lat' dir='ltr'>seu</span> <span class='ocrx_word' id='word_1_299' title='bbox 1077 2796 1350 2862; x_wconf 86' lang='lat' dir='ltr'>adstringi.</span> <span class='ocrx_word' id='word_1_300' title='bbox 1433 2795 1572 2844; x_wconf 90' lang='lat' dir='ltr'>Hinc</span> <span class='ocrx_word' id='word_1_301' title='bbox 1614 2792 1666 2843; x_wconf 95' lang='lat' dir='ltr'>S.</span> <span class='ocrx_word' id='word_1_302' title='bbox 1724 2793 1958 2843; x_wconf 72' lang='lat' dir='ltr'>Thomas</span> 
     </span>
     <span class='ocr_line' id='line_1_33' title="bbox 56 2875 1956 2941; baseline -0.002 -14"><span class='ocrx_word' id='word_1_303' title='bbox 56 2876 151 2928; x_wconf 87' lang='lat' dir='ltr'>ait:</span> <span class='ocrx_word' id='word_1_304' title='bbox 183 2878 334 2928; x_wconf 88' lang='lat' dir='ltr'>Haec</span> <span class='ocrx_word' id='word_1_305' title='bbox 363 2877 451 2928; x_wconf 81' lang='lat' dir='ltr'>lex</span> <span class='ocrx_word' id='word_1_306' title='bbox 477 2878 726 2928; x_wconf 87' lang='lat' dir='ltr'>naturalis</span> <span class='ocrx_word' id='word_1_307' title='bbox 755 2886 834 2929; x_wconf 88' lang='lat' dir='ltr'>est</span> <span class='ocrx_word' id='word_1_308' title='bbox 869 2878 1075 2927; x_wconf 73' lang='lat' dir='ltr'>«lumen</span> <span class='ocrx_word' id='word_1_309' title='bbox 1103 2877 1398 2927; x_wconf 70' lang='lat' dir='ltr'>intellectus</span> <span class='ocrx_word' id='word_1_310' title='bbox 1426 2877 1476 2941; x_wconf 77' lang='lat' dir='ltr'>&lt;a</span> <span class='ocrx_word' id='word_1_311' title='bbox 1504 2877 1709 2940; x_wconf 84' lang='lat' dir='ltr'>natura)</span> <span class='ocrx_word' id='word_1_312' title='bbox 1740 2875 1956 2925; x_wconf 75' lang='lat' dir='ltr'>insitmn</span> 
     </span>
     <span class='ocr_line' id='line_1_34' title="bbox 55 2956 1964 3026; baseline -0.002 -17"><span class='ocrx_word' id='word_1_313' title='bbox 55 2959 203 3009; x_wconf 77' lang='lat' dir='ltr'>nobis</span> <span class='ocrx_word' id='word_1_314' title='bbox 241 2977 275 3009; x_wconf 83' lang='lat' dir='ltr'>a</span> <span class='ocrx_word' id='word_1_315' title='bbox 316 2960 463 3021; x_wconf 79' lang='lat' dir='ltr'>Deo,</span> <span class='ocrx_word' id='word_1_316' title='bbox 503 2969 610 3026; x_wconf 67' lang='lat' dir='ltr'>per</span> <span class='ocrx_word' id='word_1_317' title='bbox 651 2960 795 3026; x_wconf 75' lang='lat' dir='ltr'>quod</span> <span class='ocrx_word' id='word_1_318' title='bbox 829 2959 1212 3025; x_wconf 72' lang='lat' dir='ltr'>cognoscimus,</span> <span class='ocrx_word' id='word_1_319' title='bbox 1268 2959 1403 3024; x_wconf 74' lang='lat' dir='ltr'>quid</span> <span class='ocrx_word' id='word_1_320' title='bbox 1437 2957 1701 3023; x_wconf 71' lang='lat' dir='ltr'>agendum</span> <span class='ocrx_word' id='word_1_321' title='bbox 1742 2965 1792 3006; x_wconf 76' lang='lat' dir='ltr'>ec</span> <span class='ocrx_word' id='word_1_322' title='bbox 1830 2956 1964 3021; x_wconf 76' lang='lat' dir='ltr'>quid</span> 
     </span>
     <span class='ocr_line' id='line_1_35' title="bbox 54 3038 1956 3108; baseline -0.002 -18"><span class='ocrx_word' id='word_1_323' title='bbox 54 3041 346 3092; x_wconf 76' lang='lat' dir='ltr'>vitandum.</span> <span class='ocrx_word' id='word_1_324' title='bbox 420 3043 544 3094; x_wconf 93' lang='lat' dir='ltr'>Hoc</span> <span class='ocrx_word' id='word_1_325' title='bbox 584 3042 760 3092; x_wconf 89' lang='lat' dir='ltr'>lumen</span> <span class='ocrx_word' id='word_1_326' title='bbox 802 3051 855 3092; x_wconf 89' lang='lat' dir='ltr'>et</span> <span class='ocrx_word' id='word_1_327' title='bbox 894 3042 1030 3092; x_wconf 87' lang='lat' dir='ltr'>hanc</span> <span class='ocrx_word' id='word_1_328' title='bbox 1072 3041 1247 3108; x_wconf 85' lang='lat' dir='ltr'>legem</span> <span class='ocrx_word' id='word_1_329' title='bbox 1289 3041 1438 3091; x_wconf 89' lang='lat' dir='ltr'>dedit</span> <span class='ocrx_word' id='word_1_330' title='bbox 1478 3041 1624 3089; x_wconf 89' lang='lat' dir='ltr'>Deus</span> <span class='ocrx_word' id='word_1_331' title='bbox 1665 3038 1866 3089; x_wconf 88' lang='lat' dir='ltr'>homini</span> <span class='ocrx_word' id='word_1_332' title='bbox 1904 3038 1956 3087; x_wconf 89' lang='lat' dir='ltr'>in</span> 
     </span>
     <span class='ocr_line' id='line_1_36' title="bbox 55 3123 1599 3191; baseline -0.001 -19"><span class='ocrx_word' id='word_1_333' title='bbox 55 3124 350 3173; x_wconf 87' lang='lat' dir='ltr'>creatione»</span> <span class='ocrx_word' id='word_1_334' title='bbox 399 3123 619 3191; x_wconf 84' lang='lat' dir='ltr'>(Opusc.</span> <span class='ocrx_word' id='word_1_335' title='bbox 667 3139 712 3188; x_wconf 80' lang='lat'>3,</span> <span class='ocrx_word' id='word_1_336' title='bbox 756 3124 815 3174; x_wconf 91' lang='lat' dir='ltr'>In</span> <span class='ocrx_word' id='word_1_337' title='bbox 856 3125 963 3174; x_wconf 91' lang='lat' dir='ltr'>duo</span> <span class='ocrx_word' id='word_1_338' title='bbox 1004 3132 1293 3190; x_wconf 88' lang='lat' dir='ltr'>praecepta</span> <span class='ocrx_word' id='word_1_339' title='bbox 1333 3123 1599 3186; x_wconf 86' lang='lat' dir='ltr'>caritatis).</span> 
     </span>
    </p>

    <p class='ocr_par' dir='ltr' id='par_1_9' title="bbox 128 3202 1955 3277">
     <span class='ocr_line' id='line_1_37' title="bbox 128 3202 1955 3277; baseline -0.002 -23"><span class='ocrx_word' id='word_1_340' title='bbox 128 3205 299 3255; x_wconf 88' lang='lat' dir='ltr'>Immo</span> <span class='ocrx_word' id='word_1_341' title='bbox 339 3205 445 3272; x_wconf 89' lang='lat' dir='ltr'>legi</span> <span class='ocrx_word' id='word_1_342' title='bbox 485 3206 705 3257; x_wconf 86' lang='lat' dir='ltr'>naturali</span> <span class='ocrx_word' id='word_1_343' title='bbox 738 3206 1019 3277; x_wconf 51' lang='lat' dir='ltr'>efflntzalc</span> <span class='ocrx_word' id='word_1_344' title='bbox 1048 3215 1143 3266; x_wconf 90' lang='lat' dir='ltr'>est,</span> <span class='ocrx_word' id='word_1_345' title='bbox 1187 3212 1262 3272; x_wconf 82' lang='lat' dir='ltr'>ut</span> <span class='ocrx_word' id='word_1_346' title='bbox 1265 3206 1337 3274; x_wconf 82' lang='lat' dir='ltr'>sit</span> <span class='ocrx_word' id='word_1_347' title='bbox 1365 3204 1497 3270; x_wconf 86' lang='lat' dir='ltr'>legis</span> <span class='ocrx_word' id='word_1_348' title='bbox 1524 3211 1769 3252; x_wconf 87' lang='lat' dir='ltr'>aeternae</span> <span class='ocrx_word' id='word_1_349' title='bbox 1798 3202 1955 3251; x_wconf 90' lang='lat' dir='ltr'>mani-</span> 
     </span>
    </p>
   </div>
   <div class='ocr_carea' id='block_1_9' title="bbox 56 3270 1956 3434">
    <p class='ocr_par' dir='ltr' id='par_1_10' title="bbox 56 3270 1956 3434">
     <span class='ocr_line' id='line_1_38' title="bbox 57 3270 1956 3357; baseline -0.002 -22"><span class='ocrx_word' id='word_1_350' title='bbox 57 3285 265 3337; x_wconf 89' lang='lat' dir='ltr'>festatio</span> <span class='ocrx_word' id='word_1_351' title='bbox 306 3288 373 3337; x_wconf 86' lang='lat' dir='ltr'>ab</span> <span class='ocrx_word' id='word_1_352' title='bbox 413 3288 528 3354; x_wconf 88' lang='lat' dir='ltr'>ipsa</span> <span class='ocrx_word' id='word_1_353' title='bbox 567 3288 804 3357; x_wconf 70' lang='lat' dir='ltr'>leomi&#39;ms</span> <span class='ocrx_word' id='word_1_354' title='bbox 843 3288 1152 3338; x_wconf 73' lang='lat' dir='ltr'>ersistenlia</span> <span class='ocrx_word' id='word_1_355' title='bbox 1192 3284 1576 3351; x_wconf 74' lang='lat' dir='ltr'>insepmabzlis</span> <span class='ocrx_word' id='word_1_356' title='bbox 1609 3270 1956 3354; x_wconf 80' lang='lat' dir='ltr'>eiusdemque</span> 
     </span>
     <span class='ocr_line' id='line_1_39' title="bbox 56 3356 1952 3434; baseline -0.002 -17"><span class='ocrx_word' id='word_1_357' title='bbox 56 3369 328 3418; x_wconf 67' lang='lat' dir='ltr'>naturalis</span> <span class='ocrx_word' id='word_1_358' title='bbox 367 3370 643 3420; x_wconf 76' lang='lat' dir='ltr'>inclinatio</span> <span class='ocrx_word' id='word_1_359' title='bbox 684 3370 934 3420; x_wconf 87' lang='lat' dir='ltr'>divinitus</span> <span class='ocrx_word' id='word_1_360' title='bbox 972 3356 1230 3434; x_wconf 84' lang='lat' dir='ltr'>impressa</span> <span class='ocrx_word' id='word_1_361' title='bbox 1272 3369 1323 3417; x_wconf 89' lang='lat' dir='ltr'>in</span> <span class='ocrx_word' id='word_1_362' title='bbox 1363 3383 1489 3416; x_wconf 90' lang='lat' dir='ltr'>suos</span> <span class='ocrx_word' id='word_1_363' title='bbox 1516 3365 1761 3431; x_wconf 89' lang='lat' dir='ltr'>proprios</span> <span class='ocrx_word' id='word_1_364' title='bbox 1787 3374 1952 3415; x_wconf 89' lang='lat' dir='ltr'>actus.</span> 
     </span>
    </p>
   </div>
   <div class='ocr_carea' id='block_1_10' title="bbox 71 3439 258 3445">
    <p class='ocr_par' dir='ltr' id='par_1_11' title="bbox 71 3439 258 3445">
     <span class='ocr_line' id='line_1_40' title="bbox 71 3439 258 3445; baseline 0 0"><span class='ocrx_word' id='word_1_365' title='bbox 71 3439 258 3445; x_wconf 95' lang='lat' dir='ltr'> </span> 
     </span>
    </p>
   </div>
  </div>
 </body>
</html>
