2182 3682
411 163 498 191 Lm.
532 161 581 190 11.
629 146 728 189 CAP.
762 158 811 189 11.
859 158 920 185 DE
955 155 1212 186 socmTATE
1245 154 1527 184 DOMESTICA.
1820 153 1921 206 337

29 313 176 367 440.
256 310 422 349 PARS
452 310 485 348 I.
547 306 830 347 Caelibatus
860 315 952 354 per
982 315 1040 341 se
1072 303 1184 351 Iege
1217 302 1428 340 naturali
1456 313 1553 340 non
1584 302 1875 350 prohibetur.

103 399 268 446 Prob.
316 412 357 445 1.
441 396 562 445 Lex
613 395 682 444 de
733 391 1069 442 matrimonio
1129 388 1362 438 ineundo
1415 405 1522 437 non
1582 388 1808 454 pertinet
1858 388 1928 437 ad

28 479 409 547 perfectionem
457 475 779 542 singularem
819 482 872 523 et
911 472 1182 539 propriam
1223 469 1521 530 individui,
1574 469 1670 519 sed
1709 469 1778 518 ad
1818 486 1926 534 per-

29 562 316 612 fectionem
347 559 552 624 speciei.
611 557 765 621 Ergo
794 573 901 605 non
931 554 1136 620 obligat
1164 550 1403 617 singulos
1430 551 1689 600 homines.
1752 549 1932 599 «Alias

31 642 252 709 quilibet
292 642 456 691 homo
486 639 813 705 obligaretur
841 637 908 687 ad
938 634 1313 701 agriculturam
1341 640 1395 682 et
1422 632 1490 682 ad
1519 631 1932 681 aedificatoriam

31 732 84 774 et
123 724 192 774 ad
243 722 546 773 huiusmodi
598 721 799 781 officia,
856 736 991 785 quae
1044 726 1166 767 sunt
1221 715 1516 766 necessaria
1568 713 1935 763 communitati

32 806 325 855 humanae»
374 803 448 869 (S.
502 804 710 864 Tllom„
752 800 937 868 Suppl.
983 818 1032 867 q.
1078 815 1163 863 41,
1207 817 1251 849 a.
1298 800 1366 862 2).

37 955 183 1008 441.
266 945 431 992 Prob.
470 958 513 991 2.
582 942 639 993 Si
679 941 766 991 lex
809 941 876 990 de
918 938 1256 988 matrimonio
1297 936 1531 986 ineundo
1568 934 1807 1002 singulos
1847 934 1937 984 ho-

36 1027 204 1076 mines
259 1025 549 1092 obligaret,
609 1025 661 1073 id
719 1031 858 1073 esset
905 1021 989 1071 vel
1045 1029 1264 1086 propter
1316 1019 1551 1068 officium
1603 1017 1940 1084 propagandi

39 1125 206 1174 genus
257 1108 576 1169 humanum,
631 1105 714 1156 vel
756 1106 878 1171 quia
929 1111 1081 1153 extra
1122 1101 1516 1152 matrimonium
1560 1109 1779 1167 propter
1819 1116 1940 1150 con-

38 1191 394 1256 cupiscentiae
434 1190 541 1239 vim
582 1189 686 1238 Vita
728 1188 955 1237 honesta
995 1183 1337 1251 impossibilis
1377 1192 1532 1234 esset.
1614 1182 1784 1249 Atqui
1821 1199 1942 1232 neu-

39 1281 179 1321 trum
219 1272 441 1322 obtinet.
524 1271 664 1320 Nam

113 1354 163 1417 a)
205 1353 341 1403 Illud
374 1353 607 1403 officium
637 1351 975 1419 propagandi
1002 1367 1173 1417 genus
1201 1349 1490 1398 humanum
1521 1347 1695 1398 solum
1725 1355 1944 1397 eatenus

43 1435 248 1501 obligat
286 1436 552 1501 singulos,
605 1444 868 1501 quatenus
909 1434 1111 1483 bonum
1153 1432 1360 1498 generis
1400 1431 1504 1481 hoc
1546 1431 1762 1496 requirit
1802 1431 1944 1495 (con-

42 1517 343 1582 dicionate>.
400 1518 570 1583 Atqui
608 1518 660 1581 α)
701 1517 903 1566 bonum
944 1516 1151 1581 generis
1192 1513 1516 1580 singulorum
1553 1512 1945 1563 matrimonium

44 1601 336 1665 generatim
391 1599 580 1650 saltem
632 1617 739 1649 non
792 1599 1031 1665 requirit3
1088 1614 1261 1663 neque
1314 1597 1453 1646 enim
1504 1595 1797 1662 periculum
1850 1603 1945 1655 est,

45 1699 140 1743 ne,
183 1683 224 1731 si
265 1682 425 1749 aliqui
465 1682 818 1748 virginitatem
861 1681 1084 1745 eligant,
1129 1696 1298 1745 genus
1338 1678 1629 1728 humanum
1671 1678 1948 1727 detrimen-

46 1773 162 1814 tum
214 1766 456 1830 patiatur.
538 1765 709 1814 Immo
764 1764 930 1813 maius
984 1763 1185 1812 bonum
1240 1762 1448 1827 generis
1503 1760 1720 1810 humani
1772 1761 1950 1827 potius

43 1847 308 1912 requirere
347 1847 571 1908 videtur,
616 1855 673 1896 ut
713 1845 801 1896 lex
842 1844 1161 1895 matrimonii
1200 1843 1441 1910 singulos
1482 1860 1590 1892 non
1632 1842 1853 1908 obliget.

117 1928 172 1977 A
227 1928 403 1979 multis
458 1931 597 1979 enim
655 1929 1037 1979 oeconomistis
1095 1927 1256 1976 hodie
1313 1943 1531 1992 quoque
1587 1926 1721 1975 intra
1776 1932 1950 1975 certos

44 2009 236 2061 limites
265 2010 567 2062 defenditur
595 2011 686 2061 lex
714 2010 1087 2076 populationis
1114 2009 1519 2059 sllalllmsiana.
1580 2007 1818 2057 Malthus
1856 2006 1947 2056 scl.

46 2094 324 2143 contendit
364 2094 434 2158 (in
477 2112 640 2160 opere
688 2093 891 2159 «Essay
919 2110 989 2142 on
1026 2092 1117 2142 the
1159 2090 1441 2158 principles
1483 2090 1547 2140 of
1579 2090 1949 2156 population»,

56 2176 213 2239 1798)
256 2193 535 2226 numerum
563 2175 750 2242 populi
784 2176 1159 2241 progressione
1193 2173 1525 2239 gemllelrica
1556 2189 1808 2233 crescere,
1850 2171 1880 2222 i.
1906 2189 1949 2222 e.

47 2257 182 2307 intra
224 2269 286 2322 25
333 2276 502 2308 annos
543 2258 800 2324 duplicari
853 2259 899 2322 (Ι
950 2271 978 2306 2
1023 2272 1056 2319 4
1099 2258 1128 2305 8
1180 2257 1242 2305 16
1287 2270 1351 2319 32
1398 2298 1449 2306 ..
1486 2256 1544 2317 .),
1602 2255 1954 2322 quantitatem

47 2356 174 2388 vero
215 2341 572 2390 subsidiorum
606 2341 673 2390 ad
714 2341 877 2389 vitam
917 2338 1318 2389 sustentandam
1362 2339 1781 2389 necessariorum
1821 2338 1956 2386 intra

49 2421 191 2470 idem
245 2432 455 2488 tempus
513 2422 684 2473 solum
741 2422 1116 2488 progressione
1168 2421 1516 2470 arithmetica
1569 2420 1776 2486 augeri,
1834 2420 1864 2469 i.
1908 2436 1952 2470 e.

49 2503 224 2554 solum
265 2506 539 2555 additione
580 2505 902 2571 quantitatis,
953 2521 1088 2570 quae
1130 2504 1276 2553 initio
1318 2503 1502 2563 adfuit,
1547 2520 1786 2553 crescere
1828 2503 1874 2566 (Ι
1924 2514 1953 2550 2

55 2599 81 2649 3
124 2598 161 2648 4
204 2597 226 2651 5
273 2587 306 2636 6
339 2629 346 2638 .
382 2629 389 2637 .
425 2589 473 2651 .).
532 2588 651 2638 Hac
680 2587 799 2653 lege
829 2587 939 2636 fieri
967 2594 1038 2647 ut,
1083 2587 1180 2635 nisi
1220 2586 1487 2635 interdum
1529 2584 1760 2652 populus
1787 2583 1954 2645 bellis,

52 2668 206 2730 fame,
249 2670 450 2719 morbis
491 2669 708 2736 aliisque
750 2670 959 2720 casibus
1000 2670 1278 2730 minuatur,
1321 2675 1459 2718 terra
1492 2685 1624 2718 mox
1652 2667 1958 2717 hominibus

7 2809 11 2813 .
53 2751 344 2800 nutriendis
385 2769 493 2801 non
534 2752 774 2802 sufficiat.
819 2781 891 2787 ——
932 2749 1209 2816 Quidquid
1251 2760 1330 2800 est
1372 2751 1439 2800 de
1481 2751 1581 2800 hac
1624 2749 1770 2815 lege,
1822 2766 1957 2814 quae

54 2833 105 2881 in
145 2833 244 2882 ista
284 2833 661 2884 mathematica
702 2834 871 2884 forma
912 2832 1057 2882 nullo
1099 2832 1273 2883 solido
1316 2832 1666 2882 fundamento
1708 2831 1955 2891 innititur,

55 2914 206 2964 multi
257 2916 416 2966 etiam
457 2916 619 2966 hodie
672 2917 978 2967 concedunt
1030 2932 1308 2965 numerum
1363 2915 1547 2981 populi
1600 2913 1798 2963 maiore
1841 2930 1958 2979 pro—

57 2997 328 3061 gressione
369 3016 606 3049 crescere
647 3017 808 3065 quam
849 2999 1201 3065 quantitatem
1240 2997 1615 3057 subsidiorum,
1660 2996 1852 3062 quibus
1890 2994 1959 3044 ad

56 3079 218 3129 vitam
258 3082 661 3131 sustentandam
703 3099 837 3148 opus
877 3089 970 3131 est.
1042 3080 1222 3130 Hodie
1264 3080 1482 3146 quidem
1523 3079 1699 3128 adhuc
1741 3079 1959 3143 emigra-

58 3161 203 3211 tione
243 3163 428 3229 populi
469 3172 521 3214 et
560 3165 860 3214 invectione
912 3164 1168 3213 mercium
1221 3180 1291 3211 ex
1342 3162 1646 3227 regionibus
1697 3159 1962 3210 extraneis

0 3245 2 3249 ’
60 3244 294 3294 maxima
333 3245 473 3296 mala
511 3247 755 3312 impediri
796 3263 981 3313 posse;
1025 3244 1314 3311 aliquando
1352 3252 1544 3304 autem,
1588 3251 1726 3292 terra
1765 3242 1962 3308 ubique

61 3326 264 3391 populo
307 3327 534 3394 repleta,
590 3330 878 3378 maximam
931 3328 1204 3395 penuriam
1258 3343 1483 3391 eamque
1524 3325 1622 3374 toti
1666 3324 1782 3375 orbi
1822 3341 1962 3374 com-

154 3420 394 3461 Cathrein,
423 3420 557 3453 Philos.
586 3421 740 3454 moralis.
784 3421 848 3453 Ed.
879 3432 909 3460 5.
1642 3425 1694 3452 22
