2182 3682
213 176 309 227 192
610 174 724 203 PARS
759 174 789 204 Ι.
841 174 1158 205 PHILOSOPHIA
1193 175 1397 204 MORALIS
1433 175 1713 206 GENERALIS.

285 319 386 360 Obi.
421 330 464 358 2.
532 313 676 359 Pater
710 320 874 374 potest
908 313 1059 360 filium
1095 328 1278 360 vocare
1320 330 1472 361 suum.
1544 315 1682 374 Ergo
1718 314 1991 362 secundum
2025 329 2117 362 nos

201 387 352 434 habet
386 386 458 433 ius
495 385 713 434 strictum
752 382 976 448 (iustitiae
1014 383 1415 450 commutativae)
1453 389 1504 435 in
1540 389 1690 437 illum.

281 484 431 533 Resp.
502 476 634 523 Dz'st.
677 482 820 523 antec.
840 494 854 522 .·
899 477 1065 524 Potest
1113 492 1224 524 eum
1273 492 1455 525 vocare
1505 494 1670 537 suum,
1720 478 1749 526 i.
1788 493 1830 526 e.
1879 477 2115 541 primario

201 550 481 598 ordinatum
518 551 567 597 in
605 566 741 598 suam
777 550 1058 609 utilitatem,
1097 567 1239 612 nege,
1279 567 1443 610 suum,
1485 552 1514 601 i.
1553 569 1593 602 e.
1633 553 1913 615 specialiter
1948 568 2116 602 secum
2164 614 2165 617 Ἴ

201 635 252 673 ut
288 640 374 672 suo
411 624 658 687 principio
697 640 955 684 conexum,
995 642 1111 674 conc.
1183 626 1323 687 Nego
1359 643 1476 675 cons.

285 730 387 770 Obi.
417 741 459 779 3·
528 723 694 769 Potest
740 723 914 770 adesse
961 738 1133 770 verum
1180 723 1277 782 ius,
1328 723 1449 784 quin
1496 724 1623 771 adsit
1669 739 1833 772 meum
1882 733 1931 772 et
1965 733 2116 772 tuum.

203 798 341 857 Erga
389 798 510 843 falsa
556 797 790 845 definitio.
863 797 1004 845 Proh.
1047 804 1191 845 antec.
1265 798 1487 857 Quilibet
1533 798 1684 847 habet
1729 799 1802 847 ius
1848 799 2118 848 incedendi

203 887 292 934 per
327 872 457 918 viam
493 872 757 934 publicam,
798 872 1020 933 quamvis
1058 888 1168 920 eam
1204 888 1307 920 non
1345 873 1499 935 possit
1533 889 1715 922 vocare
1752 889 1902 922 suam.

282 970 432 1018 Resp.
489 960 630 1021 Nego
665 967 807 1009 antec.
836 968 881 1008 et
903 977 1019 1009 cons.
1074 962 1161 1008 Ad
1179 963 1316 1025 prob.
1345 968 1487 1009 antec.
1542 963 1711 1010 Habet
1736 963 1808 1012 ius
1832 963 1883 1010 in
1907 964 2117 1012 liberum

203 1042 489 1091 exercitium
535 1044 872 1091 membrorum
918 1059 1142 1102 suorum,
1191 1053 1238 1091 et
1275 1044 1358 1106 qui
1395 1060 1506 1092 eum
1539 1044 1590 1091 in
1627 1046 1724 1092 hoc
1762 1045 1997 1094 exercitio
2033 1046 2117 1093 im-

203 1117 342 1180 pedit
375 1134 479 1166 non
517 1118 666 1166 fretus
703 1119 897 1180 aequali
933 1121 1011 1167 vel
1048 1119 1253 1167 meliore
1301 1119 1432 1178 iure,
1487 1120 1532 1167 ei
1584 1119 1701 1168 facit
1748 1119 1990 1179 iniuriam,
2039 1121 2120 1168 via

204 1202 366 1241 autem
404 1193 604 1255 publica
642 1203 715 1241 est
752 1194 801 1240 in
838 1194 1060 1242 omnium
1097 1210 1252 1242 usum.

951 1363 1283 1403 ARTICL'LL‘S
1317 1364 1369 1401 Π.

522 1468 612 1512 DE
650 1467 808 1513 FINE
847 1468 935 1513 ET
973 1467 1567 1514 PROPRIETATIBUS
1604 1469 1803 1515 IURIS.

390 1597 568 1652 (Algver,
602 1600 735 1640 Instit.
772 1599 871 1639 iuris
905 1609 988 1639 nat.
1024 1601 1055 1648 I,
1091 1614 1130 1640 n.
1166 1611 1274 1648 440;
1310 1599 1718 1652 Moralphilosophie
1751 1601 1770 1639 Ι
1804 1598 1929 1652 459.)

215 1727 361 1778 231.
452 1731 491 1766 1.
530 1716 727 1791 ξῗζζῖίὲ
752 1718 945 1789 iuris-‚W
963 1719 1109 1784 quod
1171 1719 1560 1784 correspondet
1614 1717 1841 1768 iustitiae
1896 1735 2118 1768 commu-

213 1799 445 1859 lalz'vae,
498 1809 579 1849 est
618 1788 846 1850 lz'bletd}
885 1809 936 1850 et
973 1801 1378 1866 independenlia
1420 1801 1665 1866 cuiusque
1705 1801 1761 1851 in
1801 1800 1914 1850 suis
1953 1800 2116 1851 bonis.

213 1881 274 1930 Id
316 1882 456 1931 enim
498 1891 578 1931 est
618 1882 736 1932 finis
776 1883 922 1944 iuris,
968 1883 1034 1932 ad
1078 1883 1225 1949 quod
1266 1883 1662 1949 assequendum
1702 1883 1902 1953 iusrest
1941 1900 2118 1933 neces-

214 1963 426 2025 sarium,
472 1973 525 2013 et
565 1965 711 2030 quod
764 1974 954 2031 suapte
1007 1975 1195 2015 natura
1235 1965 1412 2015 efficit.
1484 1964 1657 2031 Atqui
1692 1965 1772 2015 ius
1813 1974 1895 2015 est
1934 1982 2114 2016 neces-

212 2046 407 2095 sarium
457 2046 526 2095 ad
577 2047 714 2097 hanc
767 2047 1066 2098 libertatem
1121 2057 1174 2097 et
1228 2047 1701 2113 independentiam
1759 2048 2013 2114 cuiusque
2065 2048 2118 2098 in

215 2128 370 2178 bonis
409 2130 516 2178 suis
556 2131 963 2196 assequendam,
1007 2147 1233 2196 eamque
1262 2139 1449 2179 natura
1476 2146 1571 2179 sua
1599 2129 1776 2180 efficit.
1833 2129 1988 2195 Ergo
2020 2172 2028 2180 .
2064 2172 2072 2180 .
2109 2172 2116 2180 .

212 2210 344 2260 Inde
400 2210 780 2277 intelleguntur
835 2213 1132 2263 axiomata:
1198 2211 1451 2262 «Volenti
1499 2229 1606 2262 non
1663 2211 1722 2262 fit
1760 2212 2008 2273 iniuria»,
2068 2222 2121 2262 θῖ

217 2292 426 2343 «Nemo
467 2294 575 2343 iure
616 2311 711 2344 suo
754 2296 829 2344 uti
870 2295 1129 2360 cogitur».
1212 2295 1352 2344 Nam
1394 2294 1511 2344 finis
1550 2295 1672 2344 iuris
1711 2294 1939 2344 iustitiae
1979 2312 2120 2344 com-

212 2376 500 2426 mutativae
541 2393 647 2426 non
690 2386 770 2426 est
811 2386 1083 2427 coarctare
1123 2377 1424 2427 libertatem
1465 2377 1515 2426 in
1557 2377 1802 2427 subiecto
1841 2376 1981 2437 iuris,
2023 2377 2120 2426 sed

212 2474 331 2507 eam
371 2459 520 2508 tueri.
591 2458 763 2524 Atqui
787 2459 875 2509 hic
902 2459 1020 2509 finis
1048 2477 1156 2509 non
1185 2460 1530 2520 obtineretur,
1573 2460 1617 2508 si
1645 2457 1868 2525 quilibet
1895 2458 2120 2509 deberet

211 2556 425 2606 semper
464 2541 539 2590 uti
578 2558 677 2590 suo
719 2542 845 2602 iure,
888 2541 972 2591 vel
1013 2542 1056 2591 si
1097 2559 1205 2591 non
1246 2550 1432 2608 posset
1472 2541 1633 2591 etiam
1672 2540 1785 2591 aliis
1813 2541 2121 2607 permittere

212 2638 366 2671 usum
409 2623 497 2683 rei,
540 2623 591 2672 in
633 2640 795 2689 quam
837 2624 917 2673 ius
957 2624 1135 2674 habet.

289 2718 335 2754 2.
380 2704 542 2754 Finis
582 2705 704 2755 iuris
745 2706 973 2756 iustitiae
1013 2706 1217 2771 legalis
1268 2715 1348 2756 est
1387 2705 1527 2755 salus
1569 2706 1966 2756 communitatis
2005 2722 2119 2772 per-

216 2785 401 2845 fectae.
496 2787 672 2836 Etiam
737 2788 1094 2838 communitas
1158 2787 1398 2854 perfecta
1462 2787 1627 2837 debet
1689 2786 1889 2837 habere
1944 2788 2123 2837 media

214 2869 524 2929 necessaria,
569 2870 761 2935 quibus
801 2887 858 2919 se
899 2887 1215 2920 conservare
1256 2879 1309 2920 et
1337 2869 1496 2919 finem
1524 2886 1678 2919 suum
1712 2869 1939 2934 (bonum
1979 2887 2121 2919 com-

213 2951 394 3014 mune)
436 2951 697 3017 attingere
738 2953 922 3017 possit.
967 2952 1140 3018 Atqui
1164 2952 1296 3002 haec
1327 2952 1503 3001 media
1545 2951 1844 3002 consistunt
1871 2951 2121 3017 primario

212 3033 264 3081 in
304 3033 428 3093 iure,
473 3034 622 3099 quod
665 3035 1021 3083 communitas
1061 3034 1239 3096 habet,
1283 3051 1315 3084 a
1354 3033 1608 3084 membris
1648 3034 1755 3083 suis
1794 3032 2118 3100 postulandi,

214 3131 350 3179 quae
391 3116 438 3164 ei
477 3115 529 3164 in
569 3132 723 3165 suum
753 3115 915 3165 finem
942 3125 1065 3165 sunt
1092 3117 1404 3166 necessaria.
1474 3115 1615 3165 Hinc
1645 3114 1984 3181 intellegitur,
2028 3131 2122 3164 cur

214 3195 343 3245 illud
384 3197 728 3263 principium:
785 3197 903 3247 Iure
955 3215 1051 3247 suo
1093 3215 1253 3248 nemo
1294 3198 1367 3247 uti
1409 3197 1644 3263 cogitur,
1687 3214 1796 3247 non
1835 3196 2012 3247 valeat
2051 3197 2120 3246 de

214 3278 427 3340 iuribuS‚
472 3296 610 3344 quae
651 3280 1077 3345 correspondent
1103 3280 1331 3330 iustitiae
1372 3278 1545 3345 legali.
1614 3279 1755 3329 Nam
1784 3278 1900 3328 finis
1928 3278 2118 3328 horum

216 3360 404 3410 iurium
444 3378 551 3409 non
593 3370 673 3411 est
712 3360 927 3412 libertas
966 3360 1116 3423 illius,
1160 3362 1251 3428 qui
1289 3360 1377 3411 illa
1404 3361 1750 3422 administrat,
1791 3360 1889 3411 sed
1917 3360 2121 3411 bonum
