2182 3682
426 159 514 188 LIB.
547 159 594 188 11.
641 159 743 189 CAP.
777 158 824 188 11.
871 159 934 187 DE
968 159 1223 189 SOCIETATE
1258 160 1540 191 DOMESTICA.
1829 166 1936 217 349

43 305 188 360 459.
268 293 434 344 Sellol
453 309 499 344 I.
545 293 782 344 Societas
803 293 999 343 sterilis
1020 301 1131 342 tum
1152 292 1322 343 solum
1346 311 1502 344 sensu
1526 297 1707 346 stricto
1730 304 1935 363 partem

45 376 268 427 familiae
320 377 616 435 constituit,
676 392 798 425 cum
851 374 1076 424 famulus
1118 374 1342 425 familiae
1382 376 1560 442 aliquo
1603 379 1767 428 modo
1809 388 1936 429 tam-

44 474 202 524 quam
257 458 556 507 membrum
608 458 850 506 inseritur
901 474 1020 506 cum
1078 474 1248 522 eaque
1299 457 1557 507 stabiliter
1612 460 1679 508 ad
1735 460 1936 511 bonum

42 556 326 591 commune
366 556 585 605 operam
625 555 775 588 suam
818 538 1035 588 confert.
1105 539 1181 589 Ut
1224 538 1507 589 famulatus
1546 539 1668 590 huic
1708 541 1797 590 fini
1826 560 1935 608 per-

43 621 179 672 fecte
219 621 556 687 respondeat,
600 621 904 686 requiritur:

116 705 165 768 a)
217 712 275 753 ut
326 702 506 753 famuli
557 720 664 752 non
717 703 784 752 ad
839 702 1220 752 determinatos
1274 702 1446 752 solum
1501 702 1710 754 labores
1750 722 1808 754 se
1848 706 1939 755 ob-

41 785 220 852 ligent,
263 786 357 835 sed
388 786 677 851 generatim
708 784 808 834 sub
838 784 1128 834 directione
1157 785 1357 834 domini
1386 785 1453 834 ad
1482 785 1685 836 bonum
1715 786 1939 837 familiae

38 866 295 918 stabiliter
333 875 711 932 cooperentur;

114 950 170 1013 b)
210 957 267 999 ut
317 949 474 998 herus
514 949 739 998 vicissim
793 947 1000 998 famulis
1051 966 1159 998 non
1206 948 1378 998 solum
1419 951 1616 999 victum
1658 958 1710 1000 et
1748 953 1939 1001 iustam

42 1031 345 1083 mercedem
399 1031 679 1097 praebeat,
741 1030 837 1080 sed
894 1031 1185 1096 generatim
1243 1049 1426 1081 eorum
1485 1049 1664 1082 curam
1721 1041 1940 1099 paterne

41 1123 191 1180 gerat
245 1130 446 1179 eosque
501 1112 881 1162 beneficiorum
923 1112 1061 1162 vitae
1118 1113 1471 1175 domesticae,
1532 1124 1788 1180 quantum
1830 1116 1939 1166 fieri

41 1205 234 1263 potest,
279 1195 564 1262 participes
604 1195 808 1245 reddat.

43 1326 189 1391 460.
259 1327 433 1378 Sclzol.
457 1343 504 1377 2.
537 1327 628 1378 Ab
648 1328 752 1378 1100
771 1328 956 1377 ordine
976 1328 1197 1378 naturali
1217 1328 1497 1395 dupliciter
1516 1330 1711 1381 deviari
1729 1339 1908 1398 potest
1929 1350 1936 1382 :

114 1426 165 1488 a)
208 1425 387 1475 Hodie
440 1424 621 1474 famuli
673 1425 869 1491 passim
922 1425 1022 1474 iam
1077 1443 1183 1475 non
1226 1434 1283 1476 ut
1324 1426 1563 1476 membra
1604 1426 1829 1478 familiae
1869 1429 1938 1478 in-

40 1508 163 1558 serti
213 1516 360 1569 sunt,
415 1507 509 1557 sed
564 1508 738 1557 eidem
790 1515 848 1557 ut
898 1507 1164 1574 simplices
1218 1509 1441 1574 operarii
1492 1508 1577 1558 vel
1633 1512 1939 1561 mercenarii

38 1590 346 1651 inserviunt,
391 1590 477 1655 qui
518 1597 678 1655 pacto
721 1589 998 1639 locationis
1039 1591 1296 1656 obsequia
1337 1600 1606 1657 praestant
1647 1601 1700 1641 et
1739 1601 1939 1643 statuto

39 1681 282 1738 tempore
334 1672 637 1722 mercedem
688 1673 984 1738 accipiunt,
1044 1673 1111 1722 de
1153 1681 1329 1723 cetero
1371 1682 1575 1735 autem,
1631 1676 1937 1741 praesertim

40 1763 297 1821 quantum
355 1755 422 1804 ad
471 1755 631 1804 vitam
686 1754 987 1819 religiosam
1039 1764 1091 1804 et
1143 1755 1425 1816 moralem,
1481 1756 1636 1821 plene
1688 1757 1767 1807 sui
1819 1758 1940 1807 iuris

39 1845 177 1888 sunt.
258 1837 355 1887 Est
408 1836 541 1886 haec
595 1837 867 1886 innovatio
921 1836 1118 1887 fructus
1169 1838 1408 1887 idearum
1450 1837 1758 1901 liberalium,
1803 1857 1940 1906 quae

39 1919 253 1985 plenam
308 1920 543 1969 omnium
602 1918 876 1968 hominum
935 1918 1308 1985 aequalitatem
1366 1928 1417 1969 et
1468 1921 1939 1987 independentiam

38 2001 312 2067 postulant
351 2018 526 2067 neque
566 2001 725 2050 ullam
754 2002 1139 2051 subiectionem
1168 2002 1396 2052 hominis
1424 2013 1737 2068 agnoscunt,
1781 2021 1937 2070 quam

39 2100 148 2133 non
187 2084 301 2150 ipse
340 2101 436 2133 sua
474 2082 750 2133 voluntate
790 2084 1073 2157 admiserit.
1156 2084 1279 2134 Hoc
1320 2086 1485 2135 modo
1529 2086 1705 2135 famuli
1747 2103 1942 2152 magna

40 2182 109 2214 ex
161 2174 311 2232 parte
352 2166 507 2215 bonis
548 2165 800 2227 familiae,
854 2167 1164 2231 praesertim
1206 2167 1519 2229 moralibus,
1580 2170 1850 2234 privantur
1890 2177 1942 2219 et

40 2265 148 2298 non
189 2265 306 2298 raro
347 2248 398 2298 in
440 2247 701 2297 miseriam
742 2248 1082 2314 spiritualem,
1125 2250 1176 2298 in
1217 2260 1492 2300 senectute
1521 2269 1645 2300 vero
1687 2260 1774 2301 aut
1815 2260 1940 2301 tem-

39 2347 171 2396 pore
212 2330 380 2380 morbi
425 2330 584 2380 etiam
624 2331 674 2379 in
717 2330 1067 2397 temporalem
1110 2332 1372 2382 miseriam
1413 2334 1665 2384 incidunt.

40 2460 190 2526 461,
269 2464 324 2527 b)
354 2463 508 2513 Alius
538 2464 730 2514 modus
759 2465 1002 2515 deviandi
1032 2482 1062 2515 a
1091 2475 1236 2516 recto
1266 2467 1452 2516 ordine
1481 2467 1748 2517 relationis
1771 2467 1944 2518 herilis

41 2554 120 2595 est
159 2546 397 2607 sei-vitm,
444 2547 510 2596 de
551 2564 657 2613 qua
697 2547 800 2597 1100
843 2547 963 2597 1000
1005 2550 1300 2599 accuratius
1342 2550 1627 2615 agendum.

728 2710 996 2759 THESIS
1034 2713 1258 2760 LXXII.

122 2820 417 2881 Quaelibet
453 2821 696 2869 servitus
732 2823 958 2883 proprie
997 2823 1143 2871 dicta
1168 2824 1417 2885 dignitati
1445 2826 1729 2872 humanae
1757 2823 1945 2870 minus

45 2894 349 2942 conformis
387 2902 441 2942 et
475 2896 642 2943 variis
678 2897 943 2957 periculis
980 2898 1218 2946 obnoxia
1252 2906 1362 2955 est3
1401 2914 1514 2947 non
1539 2906 1732 2946 tamen
1758 2913 1860 2959 per
1884 2912 1945 2945 se

43 2968 233 3017 stricte
268 2969 374 3017 iuri
411 2978 644 3018 naturae
670 2979 960 3032 repugnat,
1000 2973 1270 3034 quamdiu
1296 2989 1399 3034 per
1425 2989 1551 3021 eam
1577 2972 1946 3020 inalienabilia

45 3050 100 3090 et
136 3045 452 3092 essentialia
489 3045 787 3093 cuiuslibet
823 3046 1072 3094 hominis
1107 3048 1228 3095 iura
1264 3063 1376 3096 non
1413 3049 1701 3096 tolluntur.

749 3147 1010 3201 (Moralphil.
1045 3151 1086 3188 Π
1119 3149 1241 3202 438.)

121 3245 210 3299 St.
256 3247 331 3315 Q.
414 3250 658 3301 Servitus
697 3253 910 3318 proprie
944 3254 1086 3303 dicta
1106 3263 1184 3303 est
1199 3253 1516 3318 fimmlams
1534 3260 1821 3318 peasselmls
1836 3260 1945 3317 pro

43 3329 194 3380 nulla
237 3331 352 3381 alia
395 3334 634 3383 ‘tllerc’ede
674 3334 834 3400 quam
876 3335 1015 3384 victu
1055 3344 1105 3385 et
1139 3336 1340 3385 wsfstu.
1398 3335 1490 3383 Ab
1519 3335 1619 3384 hac
1654 3335 1946 3385 theoretica
