2182 3682
225 157 332 208 390
620 154 734 183 PARS
768 154 815 184 ΙΙ.
867 154 1180 184 PHILOSOPHIA
1214 155 1416 184 MORALIS
1452 155 1701 187 SPECIALIS.

221 290 384 341 verba
436 308 506 340 ex
557 292 829 358 encyclica
886 292 1224 342 «Immortale
1274 293 1441 343 Dei»:
1498 291 1694 343 Civitas
1752 294 2126 360 «suppeditare

223 374 367 423 vilae
394 374 770 441 sufficientiam
801 376 1106 440 perfectam
1135 374 1250 425 sola
1291 382 1522 441 potest».
1579 376 1635 440 b>
1677 375 2126 442 Philosophorum

222 465 275 505 et
315 456 711 523 theologorum.
780 457 1104 507 Aristoteles
1142 458 1296 507 variis
1335 458 1386 506 in
1427 457 1558 507 locis
1600 458 1668 521 (v.
1710 475 1761 523 g.
1805 457 1955 509 Polit.
1999 457 2030 510 1.
2076 472 2123 522 3,

221 556 263 589 c.
308 553 343 600 4
383 547 436 589 61
477 541 530 605 6)
573 540 734 590 docet
786 539 1029 589 homines
1081 548 1301 606 propter
1353 557 1692 590 communem
1743 540 2023 591 utilitatem
2074 541 2126 591 in

221 622 488 671 civitatem
530 623 860 688 congregari,
904 631 962 672 ut
1003 640 1111 671 non
1150 622 1325 672 solum
1357 623 1551 684 vivant,
1595 623 1691 672 sed
1733 623 1871 673 bene
1911 632 1964 673 et
2004 641 2125 674 cum
2168 606 2182 618 i

219 704 532 754 sufficientia
584 705 849 755 bonorum
895 705 1088 754 vivant.
1168 705 1457 770 Propterea
1498 706 1681 755 civitas
1733 715 1813 755 est
1859 705 2127 772 «perfecta

219 788 447 837 societas
499 805 567 836 ex
619 786 858 853 pluribus
908 788 1037 837 vicis
1078 787 1337 848 conflata,
1394 804 1531 853 quae
1571 788 1641 837 ad
1692 805 1963 838 summum
2002 789 2123 850 iam,

220 878 277 919 ut
316 870 388 919 ita
428 870 624 931 dicam,
680 870 852 920 omnis
893 870 1080 936 copiae
1136 870 1291 919 1301115
1332 870 1580 920 011111113115
1632 870 1930 921 cumulatae
1981 871 2126 921 nihil-

219 970 324 1018 que
370 960 644 1018 praeterea
685 953 996 1018 requirentis
1038 951 1250 1002 culmen
1304 953 1563 1018 pervasit»
1613 952 1662 1016 (l.
1709 970 1752 1003 6.
1796 952 1828 1002 1.
1880 968 1920 1014 1,
1965 970 2008 1003 6.
2055 954 2121 1019 2).

218 1033 366 1084 Alibi
419 1036 581 1084 docet
633 1035 900 1085 civitatem
954 1052 1062 1085 non
1115 1052 1231 1085 esse
1284 1034 1387 1085 1061
1439 1036 1901 1097 communionem,
1951 1053 2127 1102 neque

218 1116 389 1167 solum
431 1117 510 1167 ad
543 1117 641 1167 lzoc
681 1135 818 1179 esse,
877 1125 935 1166 nl
970 1118 1080 1167 sint
1116 1118 1217 1167 tute·
1256 1135 1289 1166 a
1332 1126 1513 1167 samma
1555 1117 1763 1167 iniuria
1805 1126 1858 1167 et
1896 1102 2031 1167 inter
2069 1135 2126 1168 56

218 1201 692 1250 601111111113110116111
743 1208 795 1249 61
847 1218 999 1249 11511111
1052 1199 1285 1249 habeant
1329 1199 1379 1270 [ᾖ
1425 1200 1568 1261 πόλις
1608 1198 1701 1250 οὔκ
1739 1200 1847 1252 ἐστι
1891 1201 2127 1252 κοινωνία

220 1283 379 1334 τόπου
411 1284 492 1333 καὶ
523 1286 632 1334 τοῦ
670 1284 753 1354 μὴ
790 1283 1055 1333 ἀδικεῖν
1087 1287 1256 1352 σφᾶς
1284 1281 1528 1344 αὐτοὺς
1555 1284 1636 1333 καὶ
1669 1287 1758 1354 τῆς
1781 1283 2128 1351 μεταδόσεως

211 1367 405 1437 χάριν),
450 1366 545 1415 sed
594 1365 758 1415 «haec
800 1366 1017 1431 quidem
1061 1373 1273 1430 praesto
1314 1366 1418 1414 sint
1458 1381 1677 1415 necesse
1719 1374 1813 1426 est,
1863 1366 2124 1431 siquidem

218 1449 400 1498 civitas
443 1448 614 1498 futura
655 1457 760 1509 est3
815 1465 923 1497 non
966 1457 1172 1508 tamen,
1217 1448 1313 1496 etsi
1355 1447 1488 1497 haec
1530 1448 1708 1497 omnia
1748 1456 1963 1514 praesto
2003 1448 2124 1508 sint,

215 1532 317 1581 iam
373 1531 552 1580 civitas
605 1539 698 1580 est.
782 1529 891 1581 Sed
943 1548 1005 1580 ea
1057 1530 1276 1580 demum
1328 1530 1555 1580 societas
1603 1531 1786 1580 civitas
1827 1539 1932 1592 est,
1987 1548 2126 1596 quae

216 1614 340 1664 bene
380 1613 601 1664 vivendi
638 1622 691 1663 et
732 1623 845 1663 111111
887 1614 1138 1663 domibus
1178 1622 1292 1663 tum
1344 1613 1630 1677 generibus
1671 1613 1816 1663 vilae
1843 1613 2127 1678 perfectae

216 1705 267 1746 et
318 1697 635 1763 sufficl'enlz's
682 1696 876 1762 grafia
934 1704 1250 1761 comparata
1310 1702 1436 1746 est.»
1537 1695 1668 1745 Inde
1725 1695 1928 1762 colligit
1987 1695 2124 1745 hanc

216 1779 578 1829 definitionem
633 1779 883 1829 civitatis:
941 1779 1124 1828 civitas
1176 1786 1256 1828 est
1295 1778 1434 1828 vitae
1485 1795 1740 1844 generum
1795 1786 1848 1828 et
1886 1778 2123 1828 vicorum

214 1861 483 1928 perfectae
536 1870 588 1911 et
641 1862 890 1911 011111113115
947 1861 1103 1911 1301115
1155 1861 1462 1910 116665531115
1514 1859 1763 1926 expletae
1816 1861 2123 1911 communio

216 1943 382 2007 (πόλις
421 1945 476 1995 δὲ
517 1946 546 2015 ἢ
591 1949 755 2011 γενῶν
798 1945 878 1995 καὶ
923 1948 1111 2012 κωμῶν
1165 1943 1403 1994 κοινωνία
1456 1943 1590 2014 ζωῆς
1639 1943 1840 2005 τελείας
1883 1944 1964 1994 καὶ
2010 1944 2124 1995 αὐτ-

217 2028 422 2096 άρκους.
485 2029 642 2079 Τοῦτό
674 2025 720 2077 δ’
754 2026 914 2089 ἐστίν,
944 2028 1015 2088 ὥς
1042 2047 1236 2096 φαμεν,
1267 2028 1320 2077 τι)
1346 2027 1435 2096 ζῆν
1466 2025 1792 2094 εὐδαιμόνως
1821 2027 1902 2076 καὶ
1934 2026 2120 2088 καλῶς.

214 2109 365 2160 Polit.
399 2110 428 2159 1.
465 2124 512 2174 3,
545 2127 586 2160 6.
625 2111 690 2174 5).
750 2108 886 2159 Cum
909 2108 1202 2158 Aristotele
1232 2109 1576 2158 consentiunt
1598 2108 1855 2158 Albertus
1881 2107 2125 2173 ,M'czgnus

215 2202 267 2242 et
310 2192 361 2242 S.
415 2192 653 2242 Thomas
703 2193 755 2242 in
798 2191 1098 2242 Comment.
1142 2192 1193 2240 in
1234 2191 1306 2240 ΠΙ
1348 2190 1496 2241 Ρο111.
1542 2208 1584 2241 c.
1630 2191 1678 2240 6.
1759 2190 1818 2240 In
1859 2189 2123 2256 opusculo

214 2275 301 2324 De
353 2276 534 2341 regim.
592 2275 812 2341 princip.
857 2274 887 2324 l.
941 2288 992 2334 Ι,
1049 2291 1092 2323 6.
1145 2288 1162 2322 Ι
1211 2273 1508 2339 Angelicus
1561 2273 1689 2323 dicit
1742 2274 1810 2322 de
1861 2272 1966 2322 fine
2007 2273 2125 2322 civi-

214 2358 361 2407 tatis:
425 2356 589 2407 «Cum
641 2366 822 2407 autem
872 2356 1075 2406 homini
1116 2364 1391 2422 competat
1442 2356 1493 2405 in
1546 2355 1884 2405 multitudine
1929 2355 2120 2415 vivere,

214 2441 339 2505 quia
376 2440 484 2490 siba·
520 2458 623 2490 non
662 2440 865 2506 sufficit
889 2440 958 2489 ad
1000 2440 1295 2489 necessaria
1321 2439 1476 2499 vitae,
1519 2439 1561 2488 si
1589 2438 1851 2488 solitarius
1880 2445 2119 2487 maneat:

214 2530 444 2589 oportet,
489 2523 636 2588 quod
665 2530 814 2572 tanto
844 2522 910 2572 sit
950 2521 1235 2588 perfectior
1262 2521 1613 2571 multitudinis
1640 2521 1883 2581 50616135,
1927 2527 2122 2585 quanto

213 2606 396 2670 magis
431 2614 538 2670 per
588 2623 643 2654 se
693 2605 966 2671 sufficiens
1006 2605 1114 2654 erit
1163 2604 1242 2653 ad
1282 2603 1592 2653 necessaria
1635 2603 1793 2652 vilae.
1877 2602 2124 2651 Habetur

213 2688 477 2753 siquidem
519 2687 695 2753 aliqua
733 2688 872 2736 vitae
913 2686 1229 2736 sufficientia
1269 2686 1321 2735 in
1364 2685 1557 2735 familia
1597 2686 1792 2734 domus
1824 2684 1974 2734 unius
2005 2725 2013 2734 .
2048 2725 2057 2734 .
2091 2725 2120 2744 .‚

213 2771 269 2821 2'72
310 2770 525 2820 civitate
565 2788 719 2830 vero,
770 2786 905 2835 quae
946 2777 1025 2818 est
1065 2768 1303 2834 perfecta
1343 2767 1711 2828 communitas,
1755 2774 2008 2832 quantum
2049 2765 2130 2815 ad

215 2852 395 2902 omnia
435 2852 744 2902 necessaria
784 2852 978 2901 vitae.»
1064 2851 1256 2900 Postea
1297 2867 1338 2900 c.
1392 2860 1448 2913 15
1505 2850 1577 2899 ita
1618 2848 1913 2899 accuratius
1959 2847 2121 2897 finem

215 2935 439 2986 civitatis
498 2935 842 2984 determinat:
913 2933 1037 2982 «Ad
1097 2934 1296 2982 bonam
1356 2933 1517 2982 vitam
1577 2930 1925 2981 multitudinis
1982 2929 2122 2979 insti-

214 3018 468 3067 tuendam
521 3017 619 3066 tria
671 3017 1032 3082 requiruntur:
1087 3014 1277 3064 Primo
1327 3014 1572 3080 quidem,
1627 3021 1684 3062 ut
1736 3011 2019 3062 multitudo
2069 3012 2122 3060 in

215 3100 415 3150 unitate
467 3099 614 3165 pacis
668 3098 1030 3148 constituatur.
1135 3096 1396 3158 Secundo,
1457 3104 1515 3145 ut
1566 3093 1849 3144 multitudo
1907 3092 2120 3143 vinculo

215 3182 360 3248 pacis
411 3182 555 3231 unita
595 3181 851 3246 dirigatur
892 3180 959 3229 ad
1013 3179 1149 3228 136116
1190 3179 1499 3242 agendum.
1534 3219 1541 3227 .
1577 3219 1585 3227 .
1658 3176 1840 3226 Tertio
1881 3192 2006 3225 vero
2047 3192 2121 3224 re-

215 3264 456 3329 quiritur,
512 3272 568 3312 111
620 3281 714 3328 per
765 3262 996 3327 regentis
1046 3261 1358 3310 industriam
1410 3259 1836 3310 necessariorum
1877 3257 1958 3307 ad
1996 3257 2122 3307 bene

216 3345 499 3394 vivendmlz
540 3345 686 3394 adsit
721 3344 993 3410 sufficiens
1033 3343 1232 3408 copia.»
1294 3341 1346 3393 S.
1380 3342 1620 3392 Thomas
1660 3356 1790 3406 ergo
1831 3339 1991 3404 longe
2031 3339 2118 3388 ab·
