2182 3682
464 178 492 233 ἓ
525 191 564 220 2.
615 191 677 219 DE
711 191 939 220 FONTIBUS
975 190 1319 220 PHILOSOPHIAE
1354 193 1576 223 MORALIS.
1935 192 1957 246 5

68 333 220 392 parte
259 325 522 375 affirmant
563 326 820 376 rationem
860 344 968 376 non
998 344 1158 393 posse
1186 334 1332 377 certo
1363 344 1691 392 cognoscere
1718 329 1964 379 veritates

68 406 554 457 transcendentales
594 415 646 457 et
687 407 973 473 religiosas,
1017 426 1086 458 ex
1126 407 1290 458 altera
1329 426 1454 458 vero
1499 418 1650 475 parte
1678 410 1965 460 admittunt

68 505 185 538 eam
227 490 294 538 de
334 488 492 537 rebus
532 488 656 538 fidei
698 498 843 539 certo
884 490 1118 539 iudicare
1159 508 1333 556 posse.

143 592 198 657 d)
238 591 632 651 Poszlzazsmus
673 593 763 658 qui
804 591 1203 659 Philosophiam
1244 592 1499 643 moralem
1541 594 1966 660 independenter

67 675 136 725 ab
177 665 322 723 omni
360 662 768 738 Melaplcyscha
812 681 870 723 ut
910 675 1067 735 aiunt,
1110 674 1209 736 vel,
1254 683 1312 725 ut
1350 674 1435 725 alii
1476 675 1780 740 loquuntur
1823 676 1964 725 inde—

65 755 362 822 pendenter
409 755 476 804 ab
535 756 678 804 omni
729 764 998 820 supposzlo
1050 757 1510 806 trcmscemz'enlalz
1559 758 1607 821 (i.
1653 775 1696 808 e
1751 775 1965 807 sensum

63 837 494 901 transcendente>
534 836 648 907 sola
685 838 1014 904 experientia
1042 839 1180 888 duce
1210 838 1567 889 excolendam
1595 856 1712 889 esse
1740 847 1962 905 ponunt.

64 917 230 983 Quasi
280 935 406 968 vero
459 906 593 968 ordffo
647 920 911 985 practicus
964 921 1204 970 ordinem
1255 920 1640 987 speculativum
1698 939 1806 970 non
1846 938 1964 987 sup-

65 1008 288 1066 poneret
328 1008 385 1050 ut
425 1002 780 1050 necessarium
823 1002 1242 1052 fundamentum.
1312 1003 1421 1052 Fac
1463 1020 1570 1052 non
1612 1012 1856 1052 constare
1898 1003 1965 1052 de

62 1083 388 1142 veritatibus,
432 1100 569 1148 quae
609 1084 659 1132 in
700 1084 907 1149 Logica
947 1093 999 1133 et
1028 1085 1400 1150 Metaphysica
1439 1084 1790 1146 stabiliuntur,
1834 1103 1880 1135 v.
1913 1102 1961 1150 g.

65 1165 133 1214 de
173 1165 431 1231 principio
473 1165 910 1215 contradictionis
951 1174 1004 1216 et
1032 1167 1368 1227 causalitatiS,
1413 1167 1480 1216 de
1509 1167 1612 1216 Dei
1640 1168 1964 1226 exsistentia,

66 1247 134 1296 de
184 1248 390 1297 animae
446 1246 709 1297 humanae
760 1248 1152 1313 spiritualitate,
1217 1249 1639 1310 immortalitate,
1705 1248 1963 1310 libertate,

66 1328 350 1389 similibus,
410 1336 464 1379 61
519 1330 586 1378 de
638 1329 980 1396 Philosophia
1037 1330 1221 1381 morali
1278 1340 1481 1381 actum·
1512 1338 1608 1381 est.
1688 1332 1967 1381 Praeterea

67 1410 469 1476 Philosophiam
526 1412 783 1462 moralem
846 1414 1146 1463 necessario
1207 1431 1511 1480 supponere
1562 1431 1746 1463 sanam
1804 1413 1966 1463 Meta-

64 1492 344 1558 physicam
384 1492 466 1542 vel
508 1511 578 1542 ex
618 1512 683 1543 eo
725 1494 944 1544 evidens
986 1504 1080 1556 est,
1125 1496 1273 1562 quod
1302 1505 1498 1561 negata
1527 1496 1628 1545 Dei
1658 1497 1968 1545 exsistentia

65 1583 117 1624 et
182 1575 428 1639 ignorato
486 1592 612 1624 vero
669 1575 897 1625 hominis
953 1577 1058 1626 fine
1116 1578 1333 1643 eiusque
1390 1586 1598 1639 natura,
1668 1579 1966 1628 necessario

66 1657 360 1722 gravissimi
410 1674 613 1706 errores
665 1668 1092 1724 consequuntur,
1151 1677 1197 1709 v.
1244 1677 1293 1725 g.
1350 1660 1488 1709 circa
1539 1669 1783 1710 naturam
1836 1659 1968 1726 legis

66 1738 330 1799 naturalis,
374 1737 730 1805 obligationis,
774 1741 1076 1803 sanctionis,
1121 1743 1491 1803 conscientiae,
1528 1743 1665 1793 circa
1693 1744 1968 1792 notionem

67 1821 375 1882 honestatis,
418 1822 554 1882 iuris,
598 1822 799 1873 similia.

69 1956 72 1957 ν
140 1926 189 1990 6)
230 1925 689 1976 Evolutl'om‘smus
741 1927 829 1981 Hi,
886 1927 1125 1993 Spencer
1177 1938 1229 1978 et
1283 1928 1663 1994 discipulorum
1715 1929 1966 1989 Darwini,

63 2008 150 2073 qui
202 2016 376 2057 totum
428 2008 569 2058 hunc
611 2010 871 2059 mundum
912 2010 1292 2076 aspectabilem
1344 2012 1546 2061 incluso
1588 2012 1805 2061 homine
1847 2029 1968 2062 cum

63 2082 158 2140 sua
198 2091 304 2140 vita
332 2090 673 2141 intellectuali
702 2100 754 2141 et
783 2092 969 2142 morali
1009 2110 1263 2160 processu
1306 2094 1523 2143 fortuito
1553 2094 1793 2160 quodam
1823 2111 1968 2144 mere

64 2160 377 2239 mechanico
430 2181 734 2222 atomorum
787 2182 961 2224 ortum
1015 2192 1130 2225 esse
1187 2184 1239 2225 et
1291 2193 1347 2225 se
1403 2185 1664 2242 perpetuo
1722 2175 1968 2227 exolveie

66 2237 262 2319 dicunt.
345 2255 514 2316 Hine,
558 2256 685 2305 siv,
731 2273 780 2321 g.
826 2255 1100 2323 Spencero
1143 2258 1359 2308 credere
1400 2258 1553 2319 veliS,
1598 2259 1788 2328 11111163
1829 2266 1969 2309 65561

63 2354 187 2402 pars
227 2336 574 2387 Mechanicae
626 2346 787 2404 atque
839 2356 934 2388 sua
984 2340 1240 2406 principia
1292 2358 1361 2389 ex
1402 2301 1652 2405 Physica,
1707 2340 1964 2406 Biologia‚

61 2418 421 2485 Psychologia
461 2427 514 2469 et
554 2419 877 2486 Sociologia,
924 2438 1061 2487 quae
1102 2422 1422 2472 universales
1463 2422 1610 2487 leges
1651 2423 1967 2473 evolutionis

60 2500 357 2567 explicant,
401 2502 683 2551 desumeie
724 2503 958 2553 deberet.
1040 2504 1167 2554 Eius
1208 2513 1395 2569 autem
1428 2522 1621 2565 munus
1661 2514 1827 2567 esset,
1871 2506 1967 2555 has

61 2581 208 2648 leges
260 2583 329 2632 ad
380 2583 756 2649 phaenomena
810 2586 950 2635 vitae
1001 2569 1215 2635 moralis
1246 2567 1524 2653 applicare
1565 2596 1617 2637 et
1666 2588 1964 2649 ostendere,

63 2681 169 2727 11911
198 2665 444 2733 quidem,
489 2667 618 2732 quid
660 2666 904 2717 homines
943 2684 1103 2732 agere
1145 2668 1394 2730 debeant,
1439 2686 1560 2719 cum
1602 2668 1845 2720 libertate
1887 2687 1966 2720 ca-

66 2755 230 2808 reant,
273 2747 369 2797 sed
411 2749 537 2814 quid
579 2750 742 2798 acturi
783 2750 901 2799 sint.

132 2849 175 2914 f)
217 2849 589 2921 {cspticismus
629 2854 876 2915 moralis}
921 2855 1010 2920 qui
1051 2862 1215 2921 negat
1244 2854 1375 2905 ullas
1403 2872 1519 2905 esse
1560 2855 1708 2921 leges
1738 2855 1964 2905 morales

61 2933 380 2983 universales
432 2942 486 2984 et
535 2935 891 2986 immutabiles
943 2955 1039 3003 pro
1092 2938 1340 2987 omnibus
1380 2938 1684 2988 hominibus
1726 2938 1963 2988 omnium

61 3021 364 3081 temporum
405 3024 457 3066 et
496 3016 738 3067 locorum
777 3019 1034 3083 vigentes.

136 3108 383 3161 Ceterum
446 3114 751 3178 praedictos
817 3132 1020 3165 errores
1085 3116 1380 3166 accuratius
1436 3116 1664 3166 refutare
1720 3132 1828 3165 non
1885 3125 1964 3166 est

60 3189 212 3241 huius
262 3191 390 3254 loci,
447 3212 569 3244 cum
620 3196 781 3246 iidem
834 3198 1025 3262 partim
1078 3199 1183 3247 iam
1235 3216 1305 3247 ex
1346 3198 1716 3263 Metaphysica
1757 3197 1964 3248 refutati

52 3283 456 3340 supponantur,
500 3279 694 3342 partim
734 3296 859 3328 vero
900 3279 1032 3328 infra
1073 3297 1168 3346 per
1208 3281 1492 3329 decursum
1534 3288 1790 3329 tractatus
1831 3280 1962 3329 refu-

60 3355 206 3404 tandi
246 3356 364 3407 sint.
