2182 3682
217 153 317 202 106
465 169 468 171 ’
613 162 728 191 PARS
763 162 791 192 Ι.
842 162 1163 191 PHILOSOPHIA
1199 161 1404 190 MORALIS
1439 161 1721 190 GENERALIS.

284 309 437 357 Resp.
493 300 624 346 Dist.
652 305 827 346 antea:
862 301 1016 346 Actus
1053 298 1266 346 exterior
1302 305 1374 343 est
1410 296 1693 354 formaliter,
1732 297 1760 344 i.
1789 313 1830 345 e.
1857 299 2116 356 intrinsece,

205 374 515 432 artificiosus,
566 374 706 435 quasi
751 372 801 418 τὸ
849 388 956 421 6556
1003 372 1318 419 artificiosum
1365 371 1497 418 dicat
1543 372 1731 434 aliquid
1775 372 2032 433 physicum
2066 372 2118 420 in

205 449 313 510 ipso
351 458 462 496 actu
500 449 756 506 exteriore,
794 464 924 508 nego,
962 455 1035 495 est
1072 446 1356 503 formaliter,
1394 446 1423 494 i.
1451 462 1492 493 e.
1520 461 1650 505 vere,
1689 447 1992 506 artificiosus,
2031 449 2119 495 sed

207 539 342 571 mere
379 526 631 571 extrinsece
666 539 752 571 seu
787 538 878 585 per
910 522 1370 569 denominationem
1407 521 1732 568 extrinsecam
1769 522 1831 568 ab
1869 530 1973 569 arte
2010 521 2120 568 diri-

206 608 368 659 gente,
411 615 527 646 eenc.
567 605 613 644 et
645 599 748 645 dist.
778 599 972 660 pariter
1006 613 1122 643 cens.
1195 596 1313 642 Non
1350 611 1588 657 negamus
1625 604 1789 644 actum
1825 597 2119 644 exteriorem

206 689 323 720 vere
370 689 475 720 esse
524 674 775 720 moraliter
820 674 1009 719 bonum
1046 673 1125 718 vel
1161 672 1370 728 malum,
1421 671 1509 718 sed
1545 686 1782 732 negamus
1817 672 1947 718 hane
1982 671 2122 718 boni-

206 756 357 795 tatem
403 749 481 795 vel
527 747 764 795 malitiam
813 762 919 794 esse
968 746 1087 807 quid
1136 745 1393 807 physicum
1442 754 1490 793 et
1536 745 1856 792 intrinsecum
1904 745 1956 791 in
1994 745 2117 807 ips0.

207 823 382 881 Unde,
421 831 472 869 ut
508 822 694 869 dictum
731 830 826 879 est,
869 821 1003 868 idem
1041 828 1176 867 actus
1214 820 1427 868 exterior
1463 820 1568 867 sine
1603 820 1874 867 mutatione
1912 820 1984 868 sui
2019 836 2121 868 suc-

207 898 392 944 cessive
429 898 588 944 bonus
614 898 692 944 vel
729 898 884 943 malus
921 896 1026 943 fieri
1063 903 1240 957 potest.
1295 897 1358 942 Et
1394 895 1482 942 sub
1518 896 1616 942 hoc
1653 903 1882 956 respectu
1918 903 1990 942 est
2015 910 2122 956 per-

205 973 334 1019 fecta
370 972 552 1033 paritas
588 971 716 1019 inter
752 969 801 1015 τὸ
840 986 947 1018 6556
983 971 1300 1017 artificiosum
1337 978 1385 1017 et
1419 968 1469 1014 τὸ
1509 985 1614 1017 6556
1640 970 1892 1017 moraliter
1915 971 2119 1019 bonum.

206 1047 336 1093 Nam
389 1047 456 1094 «si
503 1047 612 1108 quis
659 1046 932 1093 voluntarie
981 1055 1029 1092 et
1076 1061 1135 1092 ex
1183 1045 1457 1092 directione
1496 1045 1609 1092 artis
1646 1047 1798 1106 fingat
1832 1054 2120 1104 monstrum,

207 1122 336 1169 actio
374 1132 446 1169 est
482 1122 772 1181 artificiosa3
808 1121 846 1168 si
883 1136 1001 1168 vero
1033 1122 1205 1167 volens
1231 1119 1503 1181 depingere
1529 1119 1784 1167 hominem
1810 1135 1926 1166 casu
1949 1120 2123 1181 pingat

206 1206 493 1253 monstrum,
533 1197 661 1243 actio
698 1212 801 1243 non
828 1205 899 1243 est
924 1195 1201 1253 artificiosa,
1240 1195 1329 1242 sed
1355 1194 1592 1241 deficiens
1619 1195 1681 1241 ab
1707 1203 1826 1250 arte,
1864 1203 1913 1241 et
1936 1203 2119 1246 tamen,

207 1272 245 1318 si
294 1271 633 1319 consideretur
679 1271 881 1332 physice
930 1269 1058 1316 actio
1106 1269 1239 1330 ipsa,
1291 1269 1471 1316 eodem
1509 1284 1708 1330 prorsus
1744 1278 1881 1315 motu
1916 1269 2122 1331 physico

207 1347 483 1407 perficitur»
526 1343 746 1407 (Sltarez,
784 1347 863 1392 De
900 1345 1053 1392 bonit.
1095 1353 1142 1391 et
1177 1345 1327 1391 malit.
1367 1352 1459 1391 act.
1498 1345 1629 1391 hum.
1669 1344 1793 1406 disp.
1838 1360 1878 1403 1,
1917 1353 2034 1392 sect.
2076 1362 2118 1402 2,

208 1438 255 1469 n.
302 1417 393 1482 17).

286 1542 401 1579 Inst.
473 1535 626 1580 Actus
686 1532 898 1579 exterior
957 1532 1103 1579 etiam
1155 1531 1558 1593 independenter
1609 1533 1670 1578 ab
1723 1539 1826 1578 arte
1878 1531 2122 1593 dirigente

206 1617 370 1669 potest
417 1623 522 1655 esse
571 1607 886 1666 artificiosu53
936 1607 1004 1654 sic
1041 1624 1084 1654 v.
1123 1622 1167 1668 g.
1208 1606 1247 1652 si
1284 1606 1391 1668 quis
1439 1623 1556 1653 casu
1602 1606 1831 1668 pingeret
1866 1607 2124 1667 pulchram

206 1683 499 1744 imaginem,
539 1684 667 1729 actio
705 1682 944 1744 pingendi
982 1691 1029 1728 et
1065 1681 1172 1743 ipsa
1207 1681 1372 1742 imago
1411 1691 1539 1729 esset
1574 1681 1850 1729 artificiosa.
1921 1682 2060 1740 Ergo
2096 1698 2125 1728 a

206 1758 315 1821 pari
350 1758 749 1820 independenter
786 1773 814 1803 a
850 1758 1102 1804 voluntate
1139 1765 1303 1819 potest
1341 1772 1446 1804 esse
1483 1757 1645 1804 bonus
1681 1758 1758 1804 vel
1797 1757 1966 1804 malus.

285 1872 436 1920 Resp.
505 1863 634 1909 Dist.
676 1868 850 1908 antee:
892 1863 1046 1908 Actus
1083 1860 1297 1908 exterior
1333 1860 1735 1922 independenter
1772 1861 1834 1907 ab
1874 1869 1975 1907 arte
2014 1859 2125 1907 diri-

206 1948 354 1999 gente
403 1946 566 1999 potest
610 1952 714 1984 esse
754 1936 1039 1983 artificiosus
1076 1951 1211 1983 mere
1249 1935 1591 1993 materialiter,
1642 1951 1788 1992 cona,
1838 1934 2122 1993 formaliter,

207 2029 334 2073 nege.
407 2014 538 2059 Dist.
578 2027 727 2058 cons:
775 2012 1183 2073 independenter
1232 2027 1258 2056 a
1306 2012 1558 2057 voluntate
1607 2019 1770 2072 potest
1816 2026 1924 2057 esse
1964 2011 2124 2057 bonus

208 2089 285 2134 vel
322 2088 477 2134 malus
514 2102 649 2133 mere
689 2086 1006 2133 materialiter
1046 2095 1094 2132 et
1130 2085 1404 2142 obiective,
1455 2101 1600 2141 ceam,
1651 2084 1945 2142 formaliter,
1995 2100 2122 2144 vege.

208 2164 265 2208 In
310 2163 538 2224 exemplo
584 2162 732 2208 allato
770 2161 899 2208 actio
937 2159 1179 2222 pingendi
1216 2169 1264 2206 et
1299 2161 1405 2221 ipsa
1442 2159 1606 2221 imago
1643 2174 1746 2206 non
1784 2168 1912 2206 esset
1949 2159 2125 2206 forma-

206 2238 329 2295 liter,
370 2237 457 2284 sed
494 2252 629 2284 mere
668 2236 986 2283 materialiter
1022 2234 1299 2282 artificiosa.

989 2531 1217 2578 CAPUT
1252 2532 1337 2577 IV.

581 2667 698 2725 DE
744 2664 1259 2724 VlRTUTIssUS
1309 2665 1420 2722 ET
1471 2664 1734 2723 VITHS.

283 2825 543 2891 Principia
594 2832 744 2874 actus
796 2824 1010 2873 moralis
1061 2824 1112 2873 in
1166 2823 1352 2873 ordine
1392 2821 1616 2871 naturali
1657 2831 1781 2872 sunt
1821 2822 1904 2873 vel
1944 2823 2118 2873 intrin-

209 2924 333 2958 seca
361 2907 444 2957 vel
485 2908 800 2956 extrinseca.
868 2906 1189 2972 Principium
1231 2906 1592 2955 extrinsecum
1620 2913 1701 2954 est
1728 2904 1831 2964 lex,
1862 2905 2120 2971 principia

210 2990 492 3039 intrinseca
531 2998 655 3038 sunt
696 2988 1050 3049 conscientia,
1100 2988 1263 3038 virtus
1307 2987 1550 3051 (vitium),
1598 2988 1852 3052 potentia.
1935 2984 2117 3050 Quon-

210 3073 314 3122 iam
367 3072 434 3121 de
487 3071 728 3136 potentia
778 3072 830 3120 in
884 3070 1255 3136 metaphysica
1304 3070 1503 3135 agitur,
1563 3068 1647 3118 hic
1691 3068 1758 3118 de
1799 3068 1966 3118 tribus
2005 3067 2117 3118 aliis

212 3154 580 3204 disserendum
636 3162 730 3202 est.
813 3152 1061 3218 Agemus
1115 3153 1166 3201 in
1222 3152 1327 3202 hoc
1381 3152 1555 3217 capite
1608 3151 1676 3200 de
1731 3151 2010 3200 virtutibus
2065 3159 2118 3200 et

211 3236 361 3295 vitiis,
404 3236 454 3284 in
495 3234 844 3301 sequentibus
884 3235 952 3283 de
992 3233 1113 3299 lege
1153 3243 1207 3284 et
1248 3235 1316 3283 de
1359 3233 1696 3283 conscientia.
