2182 3682
220 169 326 229 418
619 178 733 207 PARS
768 179 816 209 ΙΙ.
866 180 1182 209 PHILOSOPHIA
1217 181 1421 210 MORALIS
1457 183 1709 213 SPECIALIS.

294 313 452 363 Pnob.
497 313 624 364 min.
667 315 804 365 subs.
860 315 939 365 Illi
967 333 1095 366 sane
1134 318 1378 368 societati
1412 319 1639 368 debetur
1678 319 1951 385 praelati0‚
1995 337 2134 387 quae

221 396 575 461 praestantior
614 406 667 446 et
707 397 937 448 nobilior
977 407 1070 449 est.
1130 398 1300 465 Atqui
1332 400 1573 450 Ecclesia
1614 409 1694 450 est
1736 402 1948 452 civitate
1987 420 2134 469 prae-

219 479 457 528 stantior.
551 477 834 529 Societatis
886 480 1026 529 enim
1077 482 1401 547 praestantia
1452 482 1726 549 dependet
1776 501 1807 533 a
1856 484 1986 546 fine,
2042 485 2133 551 qui

220 560 449 610 eandem
488 561 779 627 specificat.
861 561 1031 628 Atqui
1072 562 1189 613 finis
1229 563 1505 614 Ecclesiae
1557 577 1638 615 est
1688 567 2042 631 praestantior
2080 574 2134 617 et
2172 614 2182 625 .

220 642 463 694 nobilior.
545 643 728 693 Habet
769 645 910 693 enim
962 662 1060 710 pro
1114 645 1218 695 fine
1259 663 1366 695 non
1414 647 1767 713 temporalem
1809 647 2130 711 felicitatem,

220 725 316 774 sed
371 724 849 775 sanctificationem
901 727 1361 793 supernaturalem
1420 728 1700 779 hominum
1760 747 1854 796 per
1907 732 2133 797 gratiam

220 805 437 869 Christi,
497 816 556 857 ut
610 808 682 858 ita
736 810 1048 874 perveniant
1104 811 1172 859 ad
1232 811 1620 861 beatitudinem
1675 813 2133 878 supernaturalem

217 888 429 939 alterius
469 890 621 940 vitae.
691 890 831 940 Dein
872 891 1113 941 Ecclesia
1155 901 1235 942 est
1275 893 1504 943 societas
1546 894 1777 944 nobilior
1817 903 1870 945 et
1911 896 2129 961 origine,

217 971 342 1037 quia
392 972 699 1022 immediate
741 990 770 1022 a
811 972 1023 1024 Christo
1077 974 1297 1025 fundata
1349 984 1455 1037 est,
1511 985 1563 1026 et
1611 977 1952 1039 extensione,
2009 978 2133 1044 quia

217 1072 315 1120 pro
358 1055 608 1104 omnibus
660 1055 965 1106 hominibus
1007 1058 1245 1107 omnium
1286 1067 1594 1124 temporum
1635 1067 1688 1109 et
1728 1059 1970 1109 locorum
2011 1077 2132 1110 con-

217 1137 326 1186 dita
378 1146 472 1198 est,
529 1145 581 1187 et
633 1138 847 1199 mediis,
902 1139 993 1190 scl.
1039 1140 1280 1189 doctrina
1332 1149 1384 1189 et
1437 1141 1606 1205 gratia
1648 1139 1867 1202 Christi,
1923 1149 1976 1191 et
2027 1157 2133 1191 ma-

215 1219 359 1280 teria,
405 1220 542 1269 circa
583 1237 743 1286 quam
787 1230 1038 1283 versatur,
1084 1240 1221 1288 quae
1263 1239 1369 1271 non
1411 1232 1533 1271 sunt
1573 1223 1717 1272 bona
1757 1231 1993 1284 externa,
2034 1224 2131 1273 sed

215 1302 361 1367 ipsae
403 1302 623 1351 animae.
681 1303 930 1369 Denique
959 1321 1065 1354 non
1108 1305 1371 1369 potuisset
1398 1304 1642 1354 Ecclesia
1681 1304 1987 1355 universalis
2019 1306 2132 1356 sine

215 1384 369 1433 variis
408 1384 766 1434 incommodis
808 1393 860 1435 et
901 1385 1147 1451 periculis
1188 1404 1285 1452 pro
1326 1404 1423 1436 suo
1466 1386 1569 1436 fine
1602 1387 1770 1437 subici
1798 1388 1975 1452 regnis
2004 1395 2130 1438 tem-

213 1466 487 1532 poralibus
547 1467 684 1516 adeo
745 1469 1041 1517 numerosis
1102 1476 1154 1517 et
1212 1469 1365 1518 variis
1425 1468 1631 1535 sibique
1696 1477 1957 1535 perpetuo
2017 1487 2130 1520 suc-

216 1548 544 1598 cedentibus.

220 1707 366 1774 563.
449 1712 614 1759 Prob.
655 1726 697 1759 2.
775 1711 861 1761 Ex
903 1713 1146 1762 doctrina
1186 1712 1474 1762 Ecclesiae.
1531 1713 1641 1761 Iam
1678 1712 2012 1762 Innocentius
2037 1712 2139 1762 III

213 1792 264 1842 in
318 1792 569 1842 decretali
629 1793 910 1843 «Noverit»
960 1795 1194 1859 (Decret.
1253 1794 1282 1845 l.
1336 1809 1393 1855 2,
1454 1795 1530 1844 tit.
1582 1809 1634 1855 Ι,
1693 1811 1737 1844 c.
1801 1795 1884 1860 13)
1937 1794 2125 1844 docet:

222 1872 469 1936 «Nullus,
515 1876 605 1941 qui
644 1877 709 1925 sit
749 1893 909 1926 sanae
951 1878 1170 1936 mentis,
1216 1878 1441 1942 ignorat,
1486 1877 1610 1942 quin
1653 1877 1720 1926 ad
1762 1877 1997 1927 officium
2038 1893 2128 1926 no-

216 1963 383 2006 strum
424 1966 633 2022 spectet
662 1958 730 2008 de
759 1976 1105 2025 quocumque
1135 1959 1344 2008 mortali
1385 1968 1612 2024 peccato
1643 1959 1906 2025 corripere
1947 1976 2128 2025 quern-

212 2038 342 2088 libet
375 2039 733 2102 chrisfianum,
779 2049 832 2090 et
859 2042 900 2090 si
931 2042 1319 2091 correctionem
1353 2042 1751 2107 contempserit,
1795 2059 1890 2107 per
1931 2041 2128 2091 distric-

212 2121 413 2170 tionem
472 2121 889 2173 ecclesiasticam
950 2141 1252 2184 coercere»,
1320 2130 1373 2173 et
1436 2123 1687 2189 explicite
1748 2123 1960 2173 additur
2022 2123 2127 2172 hoc

213 2203 373 2253 etiam
412 2203 587 2254 valere
617 2205 798 2270 quoad
840 2222 993 2272 reges
1035 2206 1362 2255 christianos.
1421 2204 1621 2255 Sensus
1662 2206 1826 2254 totius
1848 2204 2127 2255 decretalis

212 2296 316 2335 est:
371 2285 669 2336 Ecclesiam
722 2305 830 2337 non
883 2288 1114 2337 iudicare
1156 2289 1355 2337 directe
1398 2288 1465 2336 de
1513 2288 1670 2337 rebus
1722 2287 2123 2353 temporalibus,

211 2368 306 2417 sed
348 2368 523 2417 solum
564 2369 632 2418 de
674 2386 754 2430 eo,
799 2379 973 2419 utrum
1006 2370 1057 2419 in
1098 2369 1485 2436 temporalibus
1525 2369 1614 2419 lex
1642 2369 1856 2419 moralis
1897 2370 2127 2435 graviter

210 2450 437 2500 violetur
495 2468 679 2501 necne.
778 2450 855 2501 Cf.
916 2453 1157 2502 eiusdem
1217 2451 1486 2502 Pontificis
1547 2452 1824 2502 decretum
1886 2450 2118 2501 «Solita»

212 2532 448 2596 (Decret.
492 2532 523 2583 l.
576 2548 627 2593 Ι,
684 2535 759 2582 tit.
806 2548 911 2598 33.
994 2534 1239 2584 Eandem
1289 2534 1588 2584 doctrinam
1641 2533 1924 2600 profitetur
1963 2532 2126 2582 Boni-

196 2615 381 2678 fatius
424 2614 569 2664 [⁷]ss
600 2616 651 2664 in
705 2615 848 2665 bulla
897 2616 1106 2667 «Unam
1148 2625 1441 2677 sanctam»,
1495 2617 1547 2665 in
1589 2632 1692 2681 qua
1733 2616 1871 2665 duos
1915 2614 2125 2680 gladios

212 2696 576 2761 (potestates),
621 2697 974 2762 temporalem
1015 2705 1068 2747 et
1108 2698 1450 2763 spiritualem,
1496 2698 1798 2763 distinguit:
1850 2696 2124 2763 «Uterque

211 2795 340 2845 ergo
398 2786 479 2828 est
533 2779 584 2827 in
640 2788 907 2844 potestate
959 2779 1260 2841 Ecclesiae,
1319 2779 1603 2846 spiritualis
1658 2779 1749 2829 scl.
1809 2778 2018 2844 gladius
2071 2786 2124 2828 et
2181 2835 2182 2845 ἶ

211 2860 506 2910 materialis.
565 2859 674 2910 Sed
715 2861 757 2910 is
798 2862 1015 2927 quidem
1055 2879 1152 2927 pro
1190 2861 1448 2922 Ecclesia,
1491 2861 1577 2911 ille
1617 2878 1743 2910 vero
1785 2861 1853 2910 ab
1881 2859 2124 2910 Ecclesia
2181 2882 2182 2904 ÷

211 2943 557 2992 exercendus
638 2941 731 2991 Ille
771 2943 1092 3002 sacerdotiS,
1135 2943 1177 2992 is
1219 2961 1379 2992 manu
1422 2960 1607 3009 regum
1649 2951 1701 2992 et
1741 2942 1983 3003 militum,
2025 2941 2122 2991 sed

211 3025 279 3074 ad
321 3033 506 3073 nutum
549 3034 601 3074 et
653 3025 962 3090 patientiam
1002 3025 1309 3074 sacerdotis.
1394 3023 1626 3090 Oportet
1666 3031 1845 3073 autem
1885 3022 2122 3089 gladium

209 3106 307 3155 sub
359 3105 540 3170 gladio
582 3115 634 3155 et
686 3105 1039 3172 temporalem
1092 3107 1462 3156 auctoritatem
1510 3105 1768 3172 spirituali
1807 3105 1977 3155 subici
2028 3121 2121 3170 po-

210 3189 436 3237 testati.»
521 3187 650 3236 Pius
689 3186 784 3236 IX
827 3187 963 3237 hanc
1004 3187 1276 3237 damnavit
1316 3186 1521 3253 Syllabi
1572 3204 1790 3253 propos.
1835 3200 1931 3248 24:
1992 3185 2122 3235 «Ec-

211 3268 370 3318 clesia
396 3269 474 3318 vis
513 3268 820 3318 inferendae
862 3276 1187 3335 potestatem
1228 3287 1333 3319 non
1376 3269 1540 3319 habet
1580 3286 1754 3335 neque
1793 3275 2120 3334 potestatem

212 3349 375 3400 ullam
416 3350 768 3416 temporalem
810 3352 1068 3400 directam
1107 3350 1190 3400 vel
1233 3351 1595 3400 indirectam.»
