2182 3682
217 178 326 240 426
625 187 738 221 EARS
773 187 821 216 11.
873 186 1188 216 PHILOSOPHIA
1221 185 1424 215 MORALIS
1460 185 1710 215 SPECIALIS.

215 324 432 374 easdem
473 324 524 373 in
564 325 839 390 indignam
866 341 897 374 a
937 323 1198 389 gubernio
1227 340 1321 373 seu
1362 324 1542 389 potius
1569 323 1637 373 ab
1679 322 1857 390 aliqua
1897 323 2126 374 factione

215 406 433 473 politica
474 407 890 474 dependentiam
933 406 1244 472 redigendo,
1300 406 1383 455 Eo
1424 406 1542 472 ipso
1576 406 1732 468 enim,
1777 407 1927 472 quod
1967 424 2127 457 nemo

219 490 415 539 docere
470 497 650 556 potest
701 490 797 539 nisi
848 489 916 539 ab
968 489 1287 538 auctoritate
1343 487 1558 554 publica
1608 489 1965 554 approbatuS‚
2023 488 2125 550 vel,

219 572 366 638 quod
417 573 568 638 peius
608 580 713 633 est,
766 572 926 621 etiam
965 572 1254 631 educatuS‚
1310 588 1525 631 omneS,
1580 571 1670 637 qui
1708 570 1939 638 aliquam
1980 571 2128 621 disci·
2171 620 2178 622 ,

218 653 417 720 plinam
457 655 695 720 profiteri
734 654 1032 714 intendunt,
1076 671 1133 703 se
1171 653 1329 703 etiam
1369 654 1422 702 in
1449 669 1544 702 sua
1585 653 1828 703 doctrina
1869 654 2128 719 gubernio

219 746 474 803 acceptos
515 737 741 787 reddere
783 736 999 787 debent.
1043 767 1114 773 ——
1156 735 1275 786 Hac
1304 736 1506 785 ratione
1535 737 1852 802 gubernium
1881 737 2129 786 nocivum

216 819 478 869 influxum
541 819 593 868 in
656 819 996 869 scientiarum
1060 818 1423 868 evolutionem
1487 835 1737 868 exercere
1800 827 2007 884 potest,
2076 826 2130 869 et

218 901 501 968 plurimum
541 901 827 968 impeditur
866 902 1118 951 scientiae
1164 900 1378 951 libertas
1420 909 1473 951 et
1513 900 1678 950 libera
1717 900 1852 951 inter
1892 901 2129 952 diversos

218 985 501 1050 magistros
542 983 828 1044 aemulatio
869 983 1135 1050 profectui
1175 983 1510 1033 scientiarum
1553 983 1690 1033 adeo
1731 982 1988 1034 salutaris.

293 1075 458 1122 Prob.
495 1087 540 1136 5.
618 1073 995 1140 Monopolium
1036 1072 1341 1123 scholarum
1383 1074 1542 1123 etiam
1592 1082 1856 1139 repugnat
1896 1074 1993 1123 iuri
2033 1073 2128 1125 Ec-

219 1156 424 1216 clesiae,
469 1157 537 1206 de
579 1174 686 1223 quo
727 1156 859 1206 infra
899 1174 1073 1206 sermo
1116 1157 1226 1206 erit.

222 1291 367 1355 580.
441 1308 542 1348 Obi.
594 1301 643 1348 Si
669 1301 897 1348 omnibus
923 1302 1072 1362 plena
1097 1300 1295 1348 libertas
1323 1302 1515 1348 scholas
1542 1301 1799 1362 aperiendi
1825 1301 2129 1360 conceditur,

217 1375 491 1437 periculum
530 1385 623 1434 est,
669 1393 706 1423 1.
747 1392 809 1423 ne
848 1376 1066 1437 magistri
1103 1375 1259 1437 inepti
1295 1392 1470 1422 munus
1507 1376 1723 1423 docendi
1761 1385 2033 1435 assumant,
2084 1385 2132 1424 et

221 1469 260 1498 2.
300 1466 363 1498 ne
400 1451 546 1498 nimis
583 1452 765 1498 multae
805 1460 850 1498 et
887 1452 1082 1498 inutiles
1120 1453 1319 1499 scholae
1358 1451 1590 1498 oriantur.

295 1549 446 1598 Resp.
506 1541 587 1588 Ad
630 1558 668 1587 1.
723 1540 849 1586 Illud
888 1541 1160 1601 periculum
1198 1556 1433 1601 magnum
1469 1556 1571 1587 non
1609 1549 1693 1588 est.
1747 1540 1947 1588 Etenim
1984 1541 2129 1588 etiam

216 1625 448 1678 parentes
473 1615 566 1677 ipsi
599 1617 793 1662 scholas
831 1631 890 1662 ex
917 1631 1085 1662 earum
1112 1616 1348 1662 fructibus
1375 1614 1645 1663 diiudicare
1671 1624 1889 1677 possunt.
1940 1617 2133 1677 Quodsi

219 1706 302 1737 eas
338 1692 491 1737 malas
529 1700 610 1738 aut
645 1690 996 1737 insufficientes
1033 1691 1118 1737 fini
1155 1707 1241 1737 suo
1280 1691 1728 1752 deprehenderint,
1778 1700 1915 1738 certo
1952 1691 2130 1739 certius

219 1765 431 1812 infantes
480 1781 592 1813 suos
627 1766 744 1813 inde
782 1767 1058 1826 retrahent3
1107 1766 1303 1827 peiores
1344 1767 1562 1828 magistri
1598 1783 1625 1813 a
1663 1764 1947 1814 melioribus
1987 1767 2130 1814 facile

219 1842 593 1902 superabuntur.
654 1842 916 1888 Praeterea
954 1841 1017 1888 ad
1054 1843 1150 1888 tale
1175 1842 1461 1903 periculum,
1501 1842 1540 1888 si
1577 1842 1714 1902 quod
1752 1850 1892 1899 esset,
1931 1857 2131 1904 praeca·

219 1916 436 1963 vendum
473 1917 744 1973 sufficeret,
795 1926 846 1963 ut
883 1918 1145 1964 auctoritas
1194 1932 1367 1963 omnes
1411 1917 1609 1978 publice
1647 1918 1830 1964 docere
1875 1917 2130 1978 cupientes

215 1992 349 2053 prius
387 1991 450 2038 ad
487 1992 797 2038 subeundum
844 2006 1052 2038 examen
1090 2000 1316 2053 cogeret,
1369 2007 1467 2052 quo
1505 1991 1831 2053 aptitudinem
1879 2008 2014 2039 suam
2052 1992 2134 2040 de-

221 2075 566 2113 monstrarent.

295 2148 377 2195 Ad
417 2166 457 2195 2.
519 2148 682 2195 Etiam
719 2149 815 2195 hoc
860 2148 1133 2210 periculum
1182 2164 1286 2195 non
1335 2156 1407 2195 est
1456 2164 1717 2210 magnum,
1769 2148 1885 2210 quia
1932 2148 2135 2196 scholae

220 2240 248 2270 a
284 2223 485 2284 privatis
529 2232 731 2285 apertae
779 2238 830 2270 se
880 2232 1151 2270 sustentare
1201 2233 1479 2284 nequeunt,
1530 2224 1623 2271 nisi
1669 2241 1696 2270 a
1740 2232 1875 2271 certo
1922 2238 2132 2271 numero

219 2298 515 2345 scholarium
550 2299 936 2359 frequententur.
991 2298 1136 2355 Dein,
1177 2298 1214 2345 si
1250 2299 1301 2344 in
1339 2299 1503 2358 aliquo
1541 2300 1653 2345 loco
1680 2299 1954 2359 periculum
1990 2308 2131 2357 esset,

219 2388 282 2420 ne
318 2389 550 2420 numerus
602 2375 880 2420 scholarum
929 2374 1134 2420 nimium
1173 2383 1507 2432 excresceret,
1558 2382 1724 2435 posset
1770 2374 2033 2421 auctoritas
2070 2373 2134 2421 ad

219 2464 462 2494 summum
489 2458 675 2495 certum
708 2464 967 2495 numerum
994 2448 1214 2505 definire,
1254 2450 1379 2495 ultra
1406 2464 1554 2509 quem
1587 2449 1780 2496 scholas
1807 2449 2000 2510 aperire
2032 2464 2134 2495 non

218 2522 403 2579 liceret,
443 2524 579 2570 nullo
617 2523 768 2570 modo
793 2539 912 2570 vero
951 2523 1042 2570 sibi
1079 2524 1168 2570 soli
1206 2539 1458 2570 reservare
1496 2523 1568 2570 ius
1606 2523 1799 2570 scholas
1833 2523 2132 2571 instituendi.

965 2678 1234 2727 THESIS
1270 2679 1382 2726 XC.

225 2778 370 2844 581.
453 2790 504 2835 A
555 2789 782 2837 fortiore
834 2790 1129 2850 publicum
1182 2791 1510 2838 scholarum
1573 2789 1967 2850 monopolium
2026 2789 2135 2851 legi

222 2863 460 2910 naturali
497 2871 788 2925 repugnat,
828 2865 873 2911 si
904 2872 1169 2925 parentes
1195 2865 1428 2925 insuper
1451 2864 1668 2925 legibus
1694 2863 2132 2925 adstringuntur,

222 2945 284 2985 ut
334 2938 541 2986 liberos
594 2953 697 2999 per
749 2946 968 2986 certum
1022 2946 1254 3001 tempus
1313 2939 1369 2986 in
1429 2939 1717 3000 publicam
1779 2938 2133 3000 disciplinam

223 3014 460 3060 tradant.

301 3119 390 3171 St.
437 3119 512 3188 Q.
595 3122 963 3189 Supponimus
1003 3125 1053 3173 in
1096 3124 1231 3173 thesi
1282 3124 1599 3190 gubernium
1639 3141 1747 3173 non
1788 3131 1996 3172 tantum
2036 3122 2136 3172 sibi

222 3203 321 3253 soli
374 3222 639 3255 reservare
690 3207 770 3255 ius
825 3205 1038 3255 scholas
1090 3207 1389 3271 aperiendi,
1445 3207 1541 3255 sed
1595 3206 1738 3255 idem
1785 3206 1999 3270 insuper
2048 3221 2136 3270 pa-

224 3294 400 3335 rentes
441 3286 561 3352 lege
602 3287 871 3353 obligare,
927 3296 983 3337 ut
1023 3287 1250 3337 infantes
1290 3305 1418 3337 suos
1458 3289 1509 3337 in
1551 3287 1765 3338 scholas
1806 3304 1836 3336 a
1877 3286 2139 3352 gubernio

225 3369 490 3418 institutas
530 3370 758 3420 mittant.
