2182 3682
848 710 1038 762 PARS
1079 710 1453 764 SECUNDA.

368 826 1018 892 PHILOSOPHIA
1069 827 1486 894 MORALIS
1536 828 1942 913 (ETHICA)

916 930 1394 999 SPECIALIS.

203 1204 349 1268 264.
432 1206 490 1255 In
530 1205 631 1255 hac
679 1206 917 1255 secunda
956 1214 1106 1272 parte
1157 1205 1424 1271 generalia
1474 1223 1683 1255 morum
1724 1206 2005 1273 principia,
2058 1207 2110 1257 in

201 1289 369 1355 prima
397 1295 548 1354 parte
588 1287 834 1348 stabilita,
879 1288 945 1337 ad
977 1288 1145 1337 varias
1185 1297 1237 1338 et
1278 1287 1537 1354 speciales
1566 1277 1794 1339 hominis
1828 1289 2110 1358 relationes

199 1370 600 1436 applicabimus.
664 1370 847 1420 Potest
874 1378 1053 1420 autem
1083 1370 1247 1420 homo
1290 1387 1518 1437 operans
1546 1371 1807 1437 spectari;
1854 1386 1895 1420 Ι.
1925 1358 2128 1435 secun-⁷⁷

200 1453 330 1502 dum
373 1452 654 1503 relationes
693 1470 817 1502 suas
856 1452 1249 1515 individuales,
1305 1461 1418 1503 tuni
1460 1453 1529 1502 ad
1569 1452 1749 1503 Deum
1791 1462 1904 1504 tum
1944 1453 2014 1503 ad
2053 1471 2116 1522 ser
2148 1506 2176 1509 ,μ

198 1537 373 1602 ipsum
403 1544 514 1585 tum
555 1536 622 1585 ad
664 1534 795 1585 alios
823 1535 1068 1585 homines
1097 1535 1358 1602 privatos3
1405 1549 1451 1586 2.
1488 1536 1789 1586 secundum
1829 1535 2110 1587 relationes

199 1618 453 1679 sociales,
511 1619 580 1668 ad
634 1618 948 1668 societatem
1003 1619 1113 1667 sive
1168 1618 1520 1668 domesticam
1577 1615 1686 1668 sive
1733 1616 1960 1688 ‘civil—efne-
1999 1619 2110 1669 sive

199 1700 674 1751 internationalem.
746 1700 890 1750 Prior
931 1701 1284 1750 consideratio
1327 1701 1555 1768 pertinet
1595 1701 1663 1750 ad
1704 1688 1951 1751 Ethicam
1992 1718 2135 1770 spe:a

200 1782 387 1833 cialem
428 1783 838 1843 individualem,
880 1783 947 1832 de
988 1800 1094 1850 qua
1133 1800 1356 1849 agemus
1397 1784 1448 1833 in
1476 1782 1610 1833 libro
1661 1798 1701 1845 Ι,
1744 1772 2007 1850 posterior
2037 1783 2106 1834 ad

199 1856 446 1916 Ethicam
475 1864 762 1931 specialem
799 1866 1052 1916 socialem
1083 1865 1453 1932 (sociologiam
1494 1865 1736 1916 nonnulli
1763 1866 1995 1930 vocant),
2039 1865 2107 1917 de

199 1966 304 2015 qua
343 1949 394 1998 in
435 1948 569 1999 libro
614 1962 643 1998 2
687 1949 1090 2015 disputabimus.

1002 2243 1221 2292 LIBER
1263 2244 1299 2293 Ι.

461 2352 767 2410 ETHICA
811 2352 1221 2410 SPECIALIS
1266 2352 1842 2409 INDIVIDUALIS.

1001 2497 1229 2544 CAPUT
1266 2497 1302 2543 Ι.

378 2607 492 2664 DE
554 2603 896 2664 OFFICHS
961 2601 1311 2661 HOMINIS
1368 2601 1604 2660 ERGA
1661 2602 1924 2660 DEUM.

202 2740 350 2805 265.
429 2740 646 2791 Latiore
686 2758 845 2791 sensu
894 2741 1073 2790 omnia
1113 2739 1342 2790 hominis
1383 2738 1558 2789 officia
1599 2746 1721 2788 sunt
1763 2738 1939 2789 officia
1979 2754 2120 2809 erga!

201 2825 395 2884 Deum,
439 2824 601 2889 idque
642 2840 749 2873 non
790 2823 966 2873 solum
1005 2830 1305 2889 propterea,
1351 2821 1472 2887 quia
1511 2838 1543 2871 a
1582 2820 1702 2870 Deo
1744 2820 2104 2887 imponuntur,

200 2907 296 2957 sed
338 2907 497 2956 etiam
539 2906 661 2971 quia
713 2923 810 2955 nos
851 2905 1028 2971 aliquo
1080 2904 1268 2954 saltem
1322 2903 1487 2953 modo
1538 2904 1589 2952 in
1631 2902 1792 2952 finem
1843 2901 2103 2962 ultimum,

202 2989 290 3054 qui
342 2987 490 3037 Deus
544 2997 650 3054 est,
710 2987 956 3036 ordinant
1011 3003 1109 3036 nec
1162 2985 1343 3036 violari
1395 2992 1646 3051 possunt,
1705 2985 1830 3050 quin
1881 2983 2107 3034 violetur

202 3070 438 3120 officium
479 3086 607 3135 erga
638 3069 882 3118 eundem.
943 3067 1216 3119 Strictiore
1250 3077 1428 3118 tamen
1461 3084 1619 3116 sensu
1660 3065 1746 3115 illa
1776 3065 1891 3116 sola
1931 3065 2105 3116 officia

204 3153 448 3202 dicuntur
480 3168 595 3201 esse
628 3167 756 3218 erga
783 3151 977 3211 Deum,
1022 3167 1157 3216 quae
1197 3167 1296 3200 nos
1324 3150 1522 3200 directe
1562 3149 1614 3198 in
1643 3148 1820 3198 Deum
1860 3148 2108 3198 ordinant

204 3250 433 3299 eumque
473 3233 674 3284 habent
720 3250 818 3299 pro
870 3232 1104 3283 materia.
1185 3231 1255 3282 Et
1295 3231 1399 3283 hoc
1450 3248 1606 3283 sensu
1648 3229 1733 3282 hic
1785 3230 1990 3298 agimus
2038 3229 2106 3280 de

205 3315 389 3367 officiis
430 3332 556 3384 erga
595 3315 786 3367 Deum.
