2182 3682
514 166 601 195 LIB.
638 166 686 195 ΙΙ.
732 166 831 195 CAP.
867 166 933 195 111.
983 166 1044 194 DE
1078 165 1334 194 SOCIETATE
1371 164 1527 193 CIVILI.
1848 155 1951 219 367

55 305 227 371 capita
268 302 500 352 recocari
540 309 745 367 potest:
790 301 1053 350 Homines
1093 301 1208 366 ipsa
1241 308 1426 349 natura
1455 300 1592 349 duce
1632 301 1783 350 variis
1821 301 1955 350 inter

53 404 110 437 se
150 391 501 435 conectuntur
541 381 886 432 relationibus
938 390 990 431 et
1031 381 1419 442 contractibus,
1474 382 1526 430 in
1567 382 1759 447 quibus
1799 399 1954 447 gene-

54 457 204 518 ratim
244 474 297 515 et
338 463 615 514 universali
655 463 775 529 lege
816 464 1160 530 potentiores,
1204 465 1234 513 i.
1272 481 1315 512 e.
1359 463 1590 528 ingenio,
1633 463 1840 523 virtute,
1885 463 1956 513 di-

52 548 187 599 vitiis
227 554 327 597 etc.
370 546 682 611 superiores,
727 545 1080 607 dominantur,
1126 544 1310 610 reliqui
1352 544 1685 594 famulantur.
1764 545 1874 594 Iam
1915 545 1956 594 si

53 632 103 680 in
143 629 224 678 his
264 627 605 678 relationibus
651 627 994 677 subiectionis
1035 635 1087 676 et
1126 627 1508 692 superioritatis
1548 627 1616 676 ab
1658 625 1849 675 infimis
1890 627 1956 675 ad

54 711 266 762 altiores
304 710 656 770 ascendimus,
703 710 1014 759 devenimus
1056 709 1275 758 tandem
1318 709 1385 757 ad
1427 707 1672 774 aliquem,
1717 709 1807 774 qui
1848 707 1958 757 aliis

54 794 356 843 dominatur
396 800 448 841 et
489 791 683 840 nemini
724 791 992 852 subicitur,
1036 799 1090 840 et
1128 808 1193 840 en
1233 791 1402 840 habes
1443 791 1752 856 principem.
1821 790 1958 839 Prin-

54 892 181 941 ceps
232 891 362 940 ergo
403 882 482 923 est
533 872 753 939 quilibet
806 873 970 923 homo
1022 872 1262 939 locuples
1314 873 1508 922 nemini
1557 872 1850 933 obnoxius,
1908 881 1959 921 et

54 957 280 1007 societas
321 954 484 1005 civilis
525 963 604 1004 est
646 972 791 1005 mera
832 955 1166 1005 coacervatio
1209 954 1392 1004 talium
1440 953 1754 1003 relationum
1795 955 1957 1020 priva-

55 1047 240 1098 tarum,
283 1038 334 1086 in
375 1037 567 1103 quibus
608 1035 795 1103 aliquis
834 1038 1112 1098 invenitur,
1158 1054 1187 1085 a
1228 1054 1335 1102 quo
1378 1035 1462 1085 alii
1503 1036 1827 1102 dependent,
1873 1036 1960 1101 qui

55 1137 180 1169 vero
221 1120 335 1185 ipse
374 1119 703 1184 superiorem
745 1136 850 1168 non
893 1119 1071 1168 habet.
1140 1119 1226 1168 Ex
1266 1118 1366 1168 hac
1409 1118 1651 1167 doctrina
1679 1117 1811 1168 haec
1853 1118 1959 1167 duo

55 1202 384 1252 consectaria
424 1201 668 1251 deducit:
724 1202 774 1264 a)
817 1208 1140 1267 potestatem
1182 1217 1482 1266 supremam
1527 1200 1799 1266 politicam
1841 1217 1961 1250 con-

53 1285 234 1333 sistere
287 1283 338 1332 in
378 1282 491 1332 sola
543 1283 984 1348 independenlicz;
1037 1283 1092 1346 b)
1135 1283 1444 1332 societatem
1500 1281 1703 1331 civilem
1757 1282 1960 1332 mallum

54 1365 254 1415 habere
278 1365 449 1431 finem
492 1365 591 1414 sibi
632 1365 906 1430 proprium
950 1374 1002 1415 et
1043 1382 1072 1414 a
1112 1364 1305 1414 finibus
1344 1366 1602 1414 variarum
1646 1363 1957 1414 relationum

53 1449 394 1514 privatarum,
439 1447 632 1512 quibus
675 1456 899 1508 constat,
946 1447 1229 1497 diversum.

726 1586 775 1634 T
780 1588 994 1635 HESIS
1033 1588 1283 1634 LXXVI.

57 1689 204 1741 491.
288 1684 534 1733 Theoria
570 1683 926 1731 successivae
963 1683 1368 1745 aggregationis
1405 1684 1542 1730 falsa
1580 1689 1679 1730 est.

134 1783 298 1830 Prob.
341 1797 380 1828 1.
447 1780 756 1831 Secundum
785 1780 922 1829 hanc
950 1779 1211 1829 theoriam
1240 1780 1467 1829 societas
1496 1779 1657 1829 civilis
1687 1797 1793 1829 non
1824 1788 1962 1829 esset

56 1864 284 1913 societas
313 1872 420 1929 per
458 1880 514 1911 se
553 1879 658 1912 mm
701 1871 752 1911 et
780 1878 811 1911 a
853 1861 1064 1928 reliquis
1093 1862 1436 1912 societatibus
1467 1863 1687 1912 diversa.
1745 1860 1959 1911 Nullum

57 1947 195 1996 enim
238 1954 377 1996 esset
416 1944 685 1995 vinculum
728 1961 1030 2005 commune,
1076 1962 1263 1994 omnes
1303 1944 1353 1993 in
1396 1944 1581 1993 ordine
1622 1945 1689 1994 ad
1732 1945 1961 1994 eundem

57 2027 216 2079 finem
270 2029 612 2093 coniungens.
695 2026 863 2092 Atqui
907 2027 959 2075 id
1014 2028 1282 2076 communi
1335 2026 1610 2076 hominum
1663 2027 1839 2077 sensui
1891 2044 1962 2076 re-

57 2119 280 2176 pugnat.
358 2110 512 2176 Ergo
545 2152 552 2160 .
588 2151 595 2158 .

133 2194 298 2241 Prob.
338 2207 380 2240 2.
458 2192 610 2241 Haec
663 2191 926 2240 sententia
980 2191 1182 2241 nullum
1224 2192 1457 2241 admittit
1497 2192 1580 2242 ius
1622 2191 1892 2257 publicum
1933 2208 1964 2242 a

58 2275 263 2340 privato
306 2275 594 2335 diversum,
639 2282 800 2339 negat
842 2273 1238 2323 distinctionem
1282 2274 1416 2323 inter
1455 2275 1870 2324 iurisdictionem
1913 2283 1964 2324 et

59 2357 378 2417 dominium,
439 2356 763 2422 superiorem
826 2364 878 2404 et
934 2356 1226 2406 dominum.
1324 2357 1574 2422 Princeps
1633 2367 1816 2423 posset
1870 2374 1965 2406 sua

58 2446 326 2504 potestate
367 2440 418 2488 in
458 2456 613 2488 suum
664 2438 927 2504 privatum
971 2439 1318 2488 commodum
1364 2440 1437 2488 uti
1477 2438 1623 2489 nullo
1665 2439 1849 2489 habito
1892 2457 1964 2488 re-

58 2528 245 2587 spectu
288 2521 416 2571 boni
457 2520 774 2570 communis.

134 2605 299 2652 Prob.
337 2619 381 2665 3.
472 2602 623 2653 Haec
665 2603 928 2652 sententia
968 2620 1074 2652 non
1128 2612 1308 2668 potest
1349 2603 1630 2654 admittere
1671 2605 1751 2653 ius
1803 2603 1963 2670 gladii

57 2685 109 2734 in
150 2687 386 2752 principe
427 2693 480 2735 et
519 2686 596 2735 ius
636 2684 761 2735 belli
802 2686 1023 2751 gerendi
1064 2694 1162 2735 etc.
1237 2685 1326 2735 Ad
1372 2686 1504 2736 haec
1545 2687 1684 2736 enim
1727 2696 1966 2753 potestas

59 2768 262 2833 privata
313 2785 421 2817 non
472 2767 681 2817 sufficit.
774 2767 1053 2817 Praeterea
1109 2785 1305 2833 negare
1359 2769 1522 2818 debet
1579 2769 1963 2834 obligationem

58 2849 285 2900 iustitiae
326 2848 511 2916 legalis
551 2850 601 2899 in
642 2849 886 2915 singulis,
941 2850 1167 2900 iustitiae
1210 2851 1603 2913 distributivae,
1662 2853 1783 2918 quia
1824 2851 1965 2901 nulla

59 2932 250 2982 adsunt
290 2933 433 2983 bona
474 2932 689 2998 proprio
729 2949 886 2981 sensu
928 2932 1142 2998 publica
1183 2942 1282 2983 etc.

485 3075 541 3113 11.
587 3074 828 3113 Sententia
859 3075 982 3124 pacti
1017 3074 1206 3114 socialis
1240 3075 1537 3114 Pufendorfii.

767 3153 1028 3207 (Moralphil.
1063 3156 1104 3193 Π
1137 3153 1258 3207 472.)

63 3260 209 3312 492.
290 3249 598 3301 Secundum
639 3251 1039 3301 Pufendorfium
1082 3252 1187 3316 (De
1238 3253 1346 3301 iure
1396 3260 1500 3301 nat.
1546 3259 1598 3300 et
1650 3258 1792 3315 gent.
1838 3249 1867 3300 l.
1914 3260 1962 3313 7,

61 3349 104 3381 C·
139 3345 184 3395 3,
228 3330 264 3401 ξ
295 3334 345 3398 7)
387 3334 542 3395 cives,
587 3335 677 3400 qui
719 3335 1090 3400 concipiuntur
1118 3333 1381 3400 aequales,
1435 3348 1473 3383 1.
1508 3341 1725 3398 pactum
1755 3331 1965 3381 unionis
