2182 3682
461 133 546 162 LIB.
582 133 609 161 Ι.
658 132 755 162 CAP.
791 132 852 161 IV.
900 133 961 161 DE
994 133 1105 161 IURE
1142 133 1487 162 PROPRHQTATIS.
1819 125 1924 187 289

34 266 328 318 ostenditur
368 266 613 317 voluntas
665 285 774 317 rem
820 275 876 316 ut
928 268 1191 332 propriam
1245 267 1491 317 habendi.
1573 268 1747 317 Actus
1787 270 1926 318 enim

35 365 183 398 meae
233 347 520 398 voluntatis
570 349 804 398 internus
856 348 987 398 alios
1034 347 1272 413 obligare
1314 366 1417 397 non
1461 357 1664 414 potest,
1722 358 1775 398 ut
1817 367 1924 399 rem

34 439 303 496 tamquam
334 447 507 480 meam
547 438 857 495 agnoscant.
915 430 990 480 Ut
1022 436 1201 479 autem
1230 438 1410 495 pateat
1450 431 1924 496 apprehensionem

33 528 146 562 esse
203 510 395 561 factam
446 512 513 561 ad
564 511 809 562 stabilem
869 512 1289 577 possessionem,
1350 512 1565 577 insuper
1623 513 1924 577 requiritur:

34 594 80 661 γ)
120 592 380 658 szgrnalz'o,
429 595 458 644 i.
503 611 546 644 e.
589 594 799 659 signum
841 592 1276 659 apprehensionis
1317 601 1502 642 notum
1545 601 1596 642 et
1636 593 1929 658 perdurans

33 675 131 741 ipsi
171 676 243 724 rei
283 683 577 741 occupatae
616 675 946 741 impressum.
1010 674 1160 724 Haec
1197 675 1350 741 signa
1377 675 1518 724 varia
1550 692 1664 724 esse
1705 682 1931 741 possunt

32 774 129 823 pro
168 757 322 806 variis
362 757 544 819 rebus,
600 765 653 806 et
692 774 799 823 qua
838 756 962 806 talia
1001 757 1340 806 innotescunt
1393 757 1580 822 partim
1636 774 1705 805 ex
1745 765 1930 806 natura

33 839 105 888 rei
145 838 337 904 partim
377 856 444 888 ex
486 839 872 888 consuetudine
925 846 976 888 et
1018 839 1388 888 conventione.
1470 837 1556 888 Sic
1599 855 1679 888 res
1720 838 1930 888 mobilis

32 920 351 970 sufficienter
389 921 598 986 signata
638 929 897 981 censetur,
941 920 983 970 si
1022 929 1319 970 asservatur
1358 921 1409 969 in
1451 921 1674 986 propriis
1708 920 1930 970 aedibus

32 1001 114 1052 vel
156 1001 338 1052 labore
379 1003 447 1051 ad
477 1020 628 1052 usum
672 1003 952 1065 formatum
997 1011 1165 1052 terrae
1204 1002 1423 1051 fundum
1464 1010 1787 1068 occupatum
1817 1019 1931 1052 esse

32 1091 256 1134 testatur
307 1083 511 1134 cultura
551 1084 633 1134 vel
675 1102 830 1151 sepes
878 1085 1239 1134 circumducta
1280 1093 1377 1134 etc.
1460 1084 1737 1134 Vocamus
1778 1102 1931 1134 occu-

31 1166 304 1232 pationem
357 1166 552 1216 facturn
594 1166 1019 1232 pm'ngem'zmz,
1073 1167 1194 1233 quia
1234 1166 1301 1215 ab
1344 1167 1592 1216 omnibus
1631 1165 1742 1215 aliis
1784 1165 1932 1215 factis

32 1249 411 1314 proprietatem
464 1249 938 1299 determinantibus
989 1257 1044 1297 ut
1097 1257 1338 1314 tempore
1391 1247 1471 1298 vel
1520 1248 1707 1298 saltem
1749 1256 1933 1297 natura

34 1331 176 1396 prius
215 1331 545 1397 supponitur.

37 1457 182 1512 375.
264 1458 430 1496 PARS
462 1459 494 1497 I.
558 1459 641 1496 Ius
676 1458 992 1507 acquirendi.
1031 1488 1038 1496 .
1075 1488 1083 1496 .
1121 1460 1201 1496 est
1231 1458 1464 1496 naturale.

109 1534 274 1581 Prob.
315 1549 355 1582 1.
429 1534 770 1599 Argumento
825 1532 1159 1583 exclusionis.
1242 1534 1351 1583 Res
1403 1534 1692 1583 exteriores
1733 1533 1934 1583 debent

35 1631 149 1664 esse
189 1622 279 1665 aut
319 1633 633 1666 communes
661 1616 897 1665 omnium
938 1616 1163 1682 positive
1204 1624 1294 1665 aut
1335 1633 1647 1665 communes
1688 1616 1934 1681 negative

34 1704 127 1746 aut
167 1697 399 1763 denique
439 1697 628 1748 saltem
670 1715 919 1764 magnam
963 1706 1168 1764 partem
1220 1698 1271 1747 in
1313 1698 1549 1747 dominio
1592 1698 1931 1763 privatorum.

34 1778 205 1844 Atqui
248 1780 474 1845 primum
515 1789 568 1830 et
608 1780 831 1830 alterum
872 1781 923 1829 in
965 1780 1227 1845 praesenti
1270 1780 1455 1829 ordine
1495 1788 1712 1829 naturae
1755 1778 1935 1845 lapsae

34 1870 322 1927 repugnat,
378 1871 435 1912 ut
474 1871 747 1912 ostensum
788 1871 882 1913 est.
963 1862 1116 1927 Ergo
1168 1862 1372 1928 privata
1413 1862 1649 1912 dominia
1689 1871 1811 1911 sunt
1851 1879 1935 1911 ne-

32 1943 269 2005 cessaria,
313 1943 544 2010 ideoque
574 1944 794 2011 quilibet
823 1944 986 1994 debet
1014 1944 1213 1993 habere
1247 1944 1325 1993 ius
1354 1961 1415 1993 ea
1444 1944 1768 2011 acquirendi,
1812 1944 1936 2009 quia

31 2023 136 2074 hoc
176 2025 254 2075 ius
295 2035 376 2076 est
427 2027 783 2077 necessarium
835 2026 1067 2076 medium
1110 2035 1162 2075 et
1201 2026 1286 2075 via
1330 2026 1399 2075 ad
1441 2027 1642 2092 privata
1684 2026 1932 2086 dominia,

31 2114 84 2156 et
122 2107 237 2173 ipsa
278 2106 365 2157 lex
405 2108 655 2158 naturalis
695 2109 989 2174 generatim
1030 2118 1188 2169 vetat,
1234 2126 1299 2157 ne
1335 2108 1526 2174 singuli
1556 2108 1937 2174 prohibeantur

33 2188 132 2238 sibi
173 2190 375 2255 privata
410 2191 643 2240 dominia
673 2190 920 2256 legitimis
949 2191 1136 2240 mediis
1165 2191 1449 2256 acquirere,
1495 2199 1546 2239 et
1575 2207 1640 2239 ne
1670 2190 1937 2256 acquisitis

30 2271 221 2321 iniuste
259 2271 572 2338 spolientur.

108 2354 272 2402 Prob.
311 2369 354 2403 2.
429 2354 514 2403 Ex
554 2355 853 2405 necessario
895 2355 963 2404 ad
1005 2354 1244 2404 laborem
1292 2353 1521 2404 stimulo.
1603 2354 1679 2405 Ut
1719 2354 1937 2404 homini-

31 2434 131 2484 bus
159 2445 373 2502 praesto
401 2437 518 2498 sint,
557 2454 692 2503 quae
721 2436 787 2486 ad
817 2437 980 2487 vitam
1016 2437 1420 2486 sustentandam
1455 2435 1732 2501 multoque
1769 2437 1938 2501 magis

33 2533 169 2582 quae
221 2518 290 2567 ad
330 2519 714 2585 perfectionem
767 2519 1148 2585 acquirendam
1191 2519 1549 2584 requiruntur,
1606 2518 1846 2584 diligenti
1887 2527 1938 2567 et

0 2599 244 2649 'assiduo
298 2618 484 2650 eorum
535 2600 719 2651 labore
774 2619 912 2667 opus
964 2610 1057 2651 est.
1140 2601 1310 2666 Atqui
1362 2600 1494 2650 haec
1550 2601 1829 2650 assiduitas
1885 2609 1937 2649 et

34 2679 306 2747 diligentia
355 2683 406 2732 in
458 2682 753 2733 laborando
807 2685 1101 2748 generatim
1153 2700 1262 2732 non
1318 2682 1556 2744 adesset,
1610 2683 1706 2732 nisi
1761 2690 1939 2732 essent

33 2763 236 2828 privata
288 2782 461 2814 rerum
513 2766 761 2815 dominia.
844 2766 998 2831 Ergo
1051 2765 1183 2815 haec
1237 2766 1530 2831 generatim
1586 2773 1709 2815 sunt
1761 2780 1936 2814 neces-

32 2845 179 2895 saria.
239 2846 500 2897 Homines
541 2839 681 2897 enim
722 2848 1017 2913 generatim
1059 2847 1334 2896 diuturnos
1363 2855 1416 2896 et
1445 2864 1701 2896 onerosos
1728 2846 1938 2896 labores

35 2941 142 2976 non
181 2929 477 2994 suscipiunt
529 2930 626 2979 nisi
678 2938 821 2979 certa
869 2946 966 2995 spe
1009 2928 1124 2978 freti
1171 2946 1228 2979 se
1268 2946 1428 2995 posse
1487 2936 1660 2979 totum
1711 2928 1939 2978 fructum

34 3004 276 3059 laborum
304 3010 450 3060 solos
478 3011 766 3077 percipere.
822 3011 973 3061 Haec
1003 3018 1182 3061 autem
1211 3011 1472 3061 certitudo
1501 3028 1608 3060 non
1636 3010 1935 3070 haberetur,

34 3089 77 3138 si
115 3094 223 3142 nOn
263 3091 443 3143 liceret
491 3092 751 3143 stabiliter
802 3101 855 3142 et
895 3092 1169 3143 exclusivo
1221 3093 1329 3142 iure
1381 3093 1594 3159 propria
1648 3093 1934 3158 acquirere.

39 3205 181 3269 376.
264 3211 429 3258 Prob.
467 3225 511 3272 3.
573 3210 660 3259 Ex
699 3210 807 3259 iure
848 3209 1047 3259 utendi.
1112 3209 1295 3260 Homo
1337 3211 1416 3259 ius
1444 3209 1608 3258 habet
1649 3216 1937 3258 connatum

36 3290 219 3340 utendi
270 3291 428 3341 rebus
479 3292 712 3341 externis
751 3292 803 3342 in
843 3308 994 3341 suam
1036 3291 1331 3341 utilitatem.
1413 3291 1581 3356 Asqm·
1619 3299 1674 3339 ut
1716 3290 1818 3339 hoc
1860 3290 1937 3339 ius

67 3427 69 3430 y
127 3381 366 3424 Cathrein,
395 3383 526 3417 Philos.
554 3384 708 3417 moralis.
750 3384 817 3417 Ed.
846 3395 876 3423 5.
1622 3390 1670 3428 19
