2182 3682
209 192 280 244 70
614 190 727 218 PARS
763 190 792 220 Ι.
842 188 1157 218 PHILOSOPHIA
1191 188 1394 217 MORALIS
1429 188 1709 217 GENERALIS.

208 327 502 376 honestatis
553 343 668 376 esse
725 327 1029 399 «ordinem
1084 325 1175 391 qui
1227 325 1468 395 exsurgit
1507 343 1578 375 ex
1631 325 2004 376 essentzalzbus
2043 344 2115 376 Γθ-

1680 382 1966 400 Μ

207 408 491 458 13ῖ1011111115
531 408 761 458 hominis
771 386 875 458 3(1
900 417 1077 470 θθῖθΓ3
1105 407 1297 471 entia»,
1341 404 1550 458 admitti
1576 398 1683 458 11011
1713 415 1908 474 potest.
1975 408 2116 458 Nam

207 490 484 556 quomodo
526 508 746 556 possum
787 508 856 540 ex
895 490 996 540 hac
1025 507 1213 539 norma
1241 470 1545 551 diiudicare,
1590 506 1852 556 quaenam
1881 491 2118 540 actiones

206 573 310 622 sint
350 573 526 622 bonae
568 573 783 633 homini,
827 591 874 622 v.
907 589 957 637 g.
991 581 1049 621 ut
1077 580 1157 621 est
1183 572 1435 636 superior
1475 571 1557 622 vel
1575 581 1742 637 paler
1769 572 1853 622 vel
1881 573 2119 623 maritus

208 654 290 704 vel
330 655 483 705 dives
523 654 661 705 etc?
726 654 1036 704 Relationes
1067 654 1224 714 enim,
1270 671 1408 719 quae
1448 654 1498 703 in
1541 655 1759 705 homine
1800 663 2113 721 exsurgunt,

208 746 471 803 quatenus
512 747 592 786 est
631 737 871 803 superior
925 736 1009 786 vel
1050 743 1227 802 pater,
1282 753 1391 786 non
1443 745 1669 802 possunt
1719 737 1899 787 vocari
1946 753 2119 786 essen-

208 819 371 880 tiales,
416 820 511 869 nisi
551 819 679 869 velis
720 819 869 869 abuti
908 819 1150 869 vocibus.

211 964 313 1017 74-
397 969 498 1009 Obi.
534 982 567 1008 I.
647 962 692 1008 S.
735 962 954 1008 Thomas
1006 962 1217 1008 affirmat
1268 962 1456 1008 bonum
1508 976 1641 1019 esse,
1696 960 1832 1022 quod
1886 969 1957 1008 est
2008 977 2123 1008 con-

209 1036 413 1084 veniens
460 1037 649 1083 homini
697 1037 969 1084 secundum
1019 1037 1286 1094 rationem,
1337 1036 1365 1083 i.
1406 1052 1446 1083 e.
1486 1037 1622 1097 quod
1670 1036 1793 1082 ratio
1837 1037 1984 1082 dictat
2016 1052 2122 1084 esse

208 1113 408 1158 bonum.
484 1112 638 1159 Sumit
685 1128 806 1173 ergo
854 1112 1125 1169 rationem,
1175 1120 1227 1158 ut
1274 1120 1345 1159 est
1394 1111 1641 1158 criterium
1678 1111 2000 1158 subiectivum
2037 1126 2123 1159 seu

209 1189 375 1234 lumen
428 1187 775 1244 manifestans,
830 1202 921 1249 pro
974 1202 1175 1244 norma,
1229 1202 1331 1233 non
1384 1202 1502 1234 vero
1555 1187 1713 1248 ipsam
1764 1195 1989 1233 naturam
2040 1187 2122 1233 hu-

210 1278 427 1309 1113113111.

287 1361 437 1409 Resp.
501 1353 546 1398 S.
585 1353 806 1399 Thomas
843 1368 992 1413 saepe
1030 1353 1186 1399 solam
1222 1352 1468 1398 rationem
1504 1361 1555 1398 ut
1591 1367 1817 1399 normam
1853 1351 2124 1398 honestatis

209 1436 569 1474 commemorat
605 1427 886 1488 ex·duplici
924 1427 1139 1473 ratione:
1195 1444 1233 1473 1.
1275 1427 1389 1487 quia
1426 1427 1549 1473 ratio
1588 1436 1659 1474 est
1696 1428 1863 1488 regula
1900 1425 2124 1488 proxima

209 1502 478 1549 subiectiva
525 1518 816 1563 proponens
863 1503 1103 1549 voluntati
1152 1502 1476 1548 honestatem.
1549 1503 1790 1550 Voluntas
1838 1501 1970 1548 enim
2021 1516 2124 1547 non

208 1577 462 1638 dependet
495 1579 556 1624 ab
595 1577 808 1635 obiecto,
848 1586 994 1639 prout
1030 1594 1057 1623 a
1095 1586 1234 1639 parte
1272 1578 1342 1624 rei
1381 1585 1467 1633 est,
1507 1577 1594 1624 sed
1631 1587 1776 1639 prout
1809 1578 1853 1624 ei
1880 1594 1909 1623 a
1933 1575 2124 1623 ratione

208 1661 617 1713 repraesentatur.
691 1653 811 1699 Ideo
860 1661 993 1699 recte
1036 1651 1382 1698 animadvertit
1417 1653 1606 1699 Lessius
1643 1649 1718 1713 (In
1761 1671 1811 1711 1,
1855 1669 1907 1708 2,
1958 1667 2004 1712 q.
2050 1668 2122 1712 19,

209 1744 251 1774 a.
293 1743 336 1787 3,
376 1727 527 1774 dubit.
574 1745 612 1785 1,
651 1744 697 1773 n.
743 1724 844 1787 11):
903 1727 1208 1774 «Bonitatem
1257 1726 1440 1774 obiecti
1476 1744 1578 1774 non
1616 1729 1885 1775 consistere
1922 1728 1972 1773 in
2010 1742 2124 1773 con-

209 1802 455 1849 formitate
494 1819 605 1849 011111
642 1812 777 1849 recta
814 1802 1031 1860 ratione,
1079 1802 1166 1849 sed
1204 1818 1316 1849 cum
1352 1812 1525 1849 natura
1563 1802 1816 1864 rationali3
1864 1803 2126 1850 honestum

211 1886 282 1924 est
329 1877 486 1934 enim,
538 1877 674 1938 quod
723 1878 866 1924 decet
914 1878 1219 1939 suppositum
1267 1887 1470 1925 naturae
1512 1878 1763 1943 ratipnalis
1791 1916 1798 1925 .
1831 1916 1838 1924 .
1869 1917 1904 1935 .,
1955 1893 2126 1925 verum

210 1951 324 2013 quia
364 1952 507 1999 nobis
555 1953 720 1999 notior
768 1962 840 1999 est
884 1963 1020 1999 recta
1057 1953 1179 1999 ratio
1218 1968 1302 2000 seu
1338 1953 1573 2000 iudicium
1609 1954 1812 2000 rationis
1862 1968 2011 2014 quam
2046 1968 2130 1999 na-

209 2035 315 2073 tura
352 2027 459 2089 ipsa
496 2027 760 2085 rationalis,
800 2028 915 2074 ideo
953 2028 1136 2074 obiecti
1173 2029 1482 2075 honestatem
1519 2029 1681 2090 potius
1714 2029 2015 2089 explicamus
2041 2042 2131 2089 per

211 2103 609 2150 conformitatem
647 2103 711 2149 ad
747 2111 933 2149 rectam
970 2102 1214 2150 rationem
1254 2119 1400 2164 quam
1438 2103 1503 2149 ad
1538 2112 1762 2150 naturam
1789 2103 2126 2150 rationalem.»

216 2194 255 2224 2.
295 2179 488 2224 Bonum
524 2177 738 2224 hominis
770 2178 985 2225 variatur
1020 2177 1355 2238 multipliciter
1390 2178 1440 2224 in
1479 2187 1715 2225 concreto
1753 2178 2027 2225 secundum
2063 2177 2131 2224 di-

210 2267 375 2299 versas
424 2252 747 2299 condiciones
784 2268 1109 2315 personarum
1146 2261 1194 2300 et
1229 2262 1508 2313 temporum
1547 2262 1595 2300 et
1630 2255 1881 2311 locorum,
1917 2256 1979 2300 'et
2015 2252 2129 2299 ideo

212 2336 408 2389 oportet
443 2336 494 2374 ut
530 2328 655 2374 ratio
692 2328 886 2375 diversa
922 2328 1050 2375 inter
1086 2343 1136 2375 se
1175 2328 1486 2375 conferendo
1529 2328 1776 2376 «inveniat
1811 2337 1860 2376 et
1895 2328 2132 2376 diiudicet

211 2402 466 2464 proprium
492 2403 680 2449 bonum
707 2403 979 2450 secundum
1005 2418 1179 2450 omnes
1206 2403 1530 2451 condiciones
1556 2403 1951 2460 determinatum,
1986 2398 2132 2465 prout

212 2485 284 2524 est
330 2476 411 2523 hic
459 2485 507 2523 et
542 2493 674 2524 nunc
712 2477 1081 2538 quaerendum»
1125 2473 1188 2538 (S.
1236 2478 1425 2533 Thomu,
1477 2479 1555 2524 De
1591 2478 1750 2524 virtut.
1789 2479 1840 2524 in
1877 2477 2130 2524 communi

212 2568 253 2598 3.
295 2548 356 2612 6).
428 2551 745 2612 Ubicumque
798 2562 961 2599 autem
1015 2553 1059 2599 S.
1114 2553 1307 2598 Doctor
1357 2552 1579 2598 ultimam
1630 2553 1875 2599 rationem
1926 2551 2128 2608 indicat,

213 2642 299 2673 cur
346 2626 540 2687 aliquae
585 2627 805 2674 actiones
841 2626 1106 2673 intrinsece
1145 2626 1239 2673 sint
1273 2627 1438 2673 bonae
1476 2627 1553 2673 vel
1589 2628 1775 2686 malae,
1826 2626 2031 2674 recurrit
2066 2627 2130 2673 ad

213 2710 437 2748 naturam
485 2702 765 2749 humanam.
841 2702 915 2749 Cf.
959 2701 1248 2763 praesertim
1298 2702 1353 2748 C.
1392 2710 1525 2762 gent.
1565 2703 1593 2749 l.
1633 2718 1687 2762 3,
1739 2718 1780 2748 c.
1825 2718 1915 2763 129
1966 2698 2131 2762 (supra

213 2792 260 2822 n.
302 2772 380 2835 70)
420 2784 467 2822 et
509 2793 546 2833 1,
590 2793 630 2832 2,
671 2792 717 2836 q.
759 2794 835 2838 94,
877 2793 916 2823 a.
960 2794 1001 2833 2,
1044 2776 1127 2822 11111
1164 2777 1375 2823 affirmat
1410 2791 1557 2837 super
1592 2785 1891 2838 praecepto:
1941 2778 2129 2824 bonum

214 2850 523 2908 faciendum,
561 2852 743 2897 malum
781 2851 1055 2909 vitandum,
1104 2851 1299 2897 fundari
1341 2851 1536 2897 «01111113
1572 2852 1668 2897 3113
1703 2860 1972 2913 praecepta
2008 2851 2130 2912 legis

214 2934 431 2983 naturae,
470 2933 521 2971 ut
557 2927 639 2971 scl.
668 2926 836 2972 onmia
872 2926 953 2972 illa
992 2925 1223 2973 facienda
1247 2926 1325 2972 vel
1350 2925 1549 2972 vitanda
1585 2926 1869 2987 pertineant
1905 2926 1968 2972 ad
1992 2941 2129 2987 prae-

215 3008 358 3060 cepta
405 3000 527 3060 legis
574 3008 803 3057 naturae,
854 3016 981 3060 quae
1029 3001 1153 3047 ratio
1202 3000 1422 3061 practica
1468 3000 1753 3047 naturaliter
1799 3000 2132 3062 apprehendit

215 3089 321 3121 esse
367 3075 502 3121 110113
547 3075 803 3121 humana».
876 3076 939 3120 Et
988 3089 1233 3135 quaenam
1274 3085 1385 3121 sunt
1420 3075 1501 3121 illa
1537 3076 1672 3122 110113
1706 3075 1948 3133 11111113113,
2001 3090 2128 3135 (1113θ

213 3148 337 3195 13ῖ10
374 3149 739 3210 apprehendit?
814 3149 987 3196 Omnia
1023 3151 1122 3204 illa,
1162 3150 1230 3195 ad
1265 3165 1383 3210 quae
1417 3150 1551 3196 Immo
1586 3150 1727 3196 habet
1758 3151 2025 3196 naturalem
2060 3151 2127 3195 in-

214 3225 520 3280 clinationem,
561 3262 569 3271 .
601 3261 608 3270 .
639 3261 646 3270 .
687 3223 788 3270 sive
825 3224 1097 3270 secundum
1134 3232 1380 3281 naturam,
1420 3223 1470 3269 in
1507 3240 1605 3284 qua
1642 3224 1977 3271 communicat
2013 3240 2124 3270 cum

216 3298 444 3345 omnibus
481 3297 773 3356 substantiis,
803 3337 811 3344 .
843 3337 850 3345 .
882 3337 889 3344 .
930 3297 1031 3344 sive
1067 3299 1340 3345 secundum
1376 3307 1601 3345 naturam
1628 3298 1844 3357 rationis,
1883 3314 2010 3359 quae
2037 3297 2129 3345 sibi

218 3381 289 3418 est
324 3372 539 3433 propria.
611 3372 740 3419 Vide
779 3371 926 3419 etiam
963 3373 1021 3418 In
1061 3389 1104 3430 2,
1142 3372 1251 3419 dist.
1290 3389 1367 3430 40,
1408 3389 1455 3433 q.
1500 3390 1538 3430 1,
1577 3389 1618 3420 a.
1661 3387 1702 3434 5.
