2182 3682
505 187 593 216 LIB.
628 185 676 214 11.
725 185 824 213 CAP.
860 184 926 212 ΙΙΙ.
976 183 1038 211 DE
1072 181 1330 210 SOCIETATE
1363 181 1522 210 ClVILI.
1836 181 1948 236 409

48 324 356 384 veracitate,
400 323 511 372 sine
551 321 771 380 iustitia,
815 318 1190 385 temperantia,
1236 317 1503 377 castitate,
1548 315 1758 383 reliquis
1797 315 1951 364 virtu-

49 406 202 456 tibus
283 404 456 470 Atqui
495 404 596 453 hae
635 404 853 452 virtutes
900 400 1191 467 generatim
1234 399 1519 448 subsistere
1571 415 1678 446 non
1729 405 1954 462 possunt

46 489 157 537 sine
208 485 460 551 religione
513 486 583 549 (n.
631 486 774 548 273).
854 484 994 532 Nam
1046 483 1157 531 sine
1212 481 1483 545 agnitione
1530 488 1582 529 et
1621 480 1810 528 timore
1851 479 1954 527 Dei

46 585 218 634 neque
269 568 495 617 habetur
546 584 668 616 vera
725 565 983 631 obligatio
1037 564 1087 613 in
1142 562 1465 613 conscientia
1519 578 1694 627 neque
1750 560 1952 609 sanctio

45 650 337 710 sufficiens,
393 657 446 699 et
486 658 760 714 tamquam
803 647 1018 696 unicum
1061 646 1296 695 medium
1350 643 1597 693 fulciendi
1639 642 1836 692 ordinis
1876 659 1955 691 so-

45 731 188 782 cialis
227 740 508 797 supersunt
549 747 756 796 poenae
797 727 1138 794 temporales,
1184 744 1322 793 quae
1364 727 1553 775 astutia
1590 724 1674 775 vel
1713 725 1762 774 vi
1803 723 1954 773 facile

45 815 380 879 effugiuntur.
456 814 595 862 Dein
637 803 822 861 ornnes
864 810 1109 860 homines
1154 809 1392 875 appetitu
1433 807 1655 857 naturali
1694 806 1954 856 felicitatis

46 896 312 962 perfectae
353 903 595 960 aguntur.
659 893 798 943 Hinc
841 893 952 942 fieri
992 909 1097 942 non
1141 900 1337 957 potest,
1386 899 1458 951 ut,
1503 891 1593 955 qui
1621 889 1797 938 Deum
1839 905 1955 938 esse

46 986 246 1042 negant
301 984 354 1026 et
393 994 544 1042 spem
596 974 1004 1025 immortalitatis
1059 974 1248 1023 beatae
1300 973 1559 1032 abiciunt,
1613 971 1752 1020 mala
1804 970 1956 1019 huius

45 1060 184 1109 vitae
234 1076 409 1124 aequo
463 1059 639 1107 animo
693 1057 862 1107 ferant
914 1074 1086 1122 neque
1127 1064 1242 1105 toto
1283 1056 1442 1105 animi
1484 1062 1677 1104 conatu
1720 1052 1958 1119 volupta-

45 1141 184 1191 tibus
224 1149 277 1190 et
317 1140 471 1190 bonis
512 1140 735 1189 terrenis
776 1139 977 1188 inhient
1018 1147 1069 1187 et
1111 1138 1298 1187 eadem
1342 1137 1441 1186 sibi
1482 1136 1669 1186 mediis
1710 1135 1957 1184 omnibus

44 1240 326 1288 procurare
361 1223 625 1272 studeant.
691 1221 842 1271 Haec
879 1221 1211 1286 experientia
1252 1219 1510 1268 hodierna
1541 1219 1646 1268 fere
1676 1219 1743 1268 ad
1773 1216 1958 1267 oculos

49 1305 492 1354 demonstrantur.

49 1470 194 1523 550.
276 1462 440 1509 Prob.
478 1476 521 1522 3.
584 1461 668 1510 Ex
706 1461 1021 1510 necessitate
1056 1459 1326 1524 religionis
1355 1477 1451 1525 pro
1480 1458 1721 1508 subditis.
1779 1455 1953 1507 Socie-

45 1543 166 1592 tatis
207 1543 369 1593 civilis
410 1543 525 1592 finis
567 1551 646 1592 est
687 1560 794 1592 non
834 1542 1006 1592 solum
1053 1543 1185 1591 tueri
1227 1542 1468 1591 ordinem
1509 1541 1813 1599 iuridicum,
1856 1540 1952 1589 sed

46 1625 203 1674 etiam
256 1643 539 1691 procurare
592 1626 935 1675 condiciones
989 1625 1332 1674 omnimodae
1385 1632 1438 1673 et
1488 1641 1643 1672 verae
1695 1622 1952 1688 prosperi-

47 1707 167 1756 tatis
209 1707 473 1767 omnium,
522 1725 613 1757 seu
655 1725 972 1773 promovere
1014 1725 1076 1756 ea
1117 1707 1275 1767 bona,
1320 1722 1458 1772 quae
1499 1706 1566 1755 ad
1610 1722 1949 1755 communem

50 1788 354 1839 felicitatem
398 1791 731 1856 requiruntur
771 1799 822 1839 et
864 1790 1131 1839 activitate
1160 1790 1364 1854 privata
1404 1788 1726 1837 sufficienter
1765 1788 1952 1852 attingi

46 1888 152 1920 non
208 1880 446 1936 possunt.
528 1872 699 1937 Alqm'
747 1872 815 1921 ad
872 1872 1005 1922 haec
1057 1873 1201 1921 bona
1254 1872 1412 1920 etiam
1469 1871 1697 1936 pertinet
1749 1870 1947 1935 religio.

46 1952 256 2018 Religio
299 1954 438 2002 enim
480 1963 558 2003 est
600 1971 763 2003 unum
806 1972 875 2003 ex
917 1955 1212 2020 praecipuis
1253 1954 1407 2002 bonis
1448 1953 1798 2013 subditorum,
1841 1953 1952 2001 sine

47 2053 155 2100 quo
209 2052 306 2085 nec
347 2036 398 2084 in
439 2036 539 2086 hac
579 2037 686 2086 vita
737 2054 835 2086 nec
877 2037 926 2085 in
970 2035 1132 2085 altera
1172 2053 1293 2085 vere
1335 2035 1512 2085 felices
1554 2053 1670 2085 esse
1711 2042 1950 2101 possunt.

48 2117 198 2166 Haec
249 2135 408 2183 porro
462 2118 645 2183 religio
698 2118 981 2184 plurimum
1028 2119 1308 2184 dependet
1348 2135 1378 2167 a
1417 2117 1598 2167 sociali
1646 2126 1697 2166 et
1737 2117 1953 2183 publico

49 2199 286 2248 eiusdem
329 2202 599 2251 exercitio.
660 2201 782 2249 Non
811 2200 983 2250 solum
1019 2218 1148 2266 ergo
1190 2201 1476 2250 auctoritas
1517 2200 1819 2265 permittere
1848 2216 1954 2247 non

48 2281 225 2342 debet,
269 2289 327 2331 ut
356 2281 537 2347 religio
578 2283 920 2348 impugnetur
949 2290 1001 2332 et
1031 2284 1331 2333 destruatur
1372 2282 1514 2332 libris
1547 2282 1787 2348 publicis,
1833 2299 1953 2331 con-

46 2364 279 2413 tionibus
327 2373 456 2426 etc.‚
511 2365 607 2414 sed
649 2366 805 2415 etiam
861 2366 1167 2431 providere,
1223 2374 1279 2414 ut
1321 2382 1507 2414 omnes
1560 2364 1710 2414 facile
1750 2365 1955 2430 possint

48 2462 165 2494 eam
217 2463 466 2496 exercere
518 2455 570 2497 et
622 2447 1047 2497 conformatione
1098 2447 1368 2497 societatis
1422 2448 1488 2496 ad
1541 2447 1644 2497 hoc
1697 2447 1952 2497 iuventur.

50 2527 289 2578 Deberet
329 2545 458 2594 ergo
499 2529 551 2578 in
594 2531 779 2579 ordine
821 2529 1043 2579 naturali
1085 2547 1265 2579 curare
1305 2530 1584 2590 sacrificia,
1641 2530 1752 2578 dies
1794 2529 1957 2579 festos

48 2609 307 2675 publicos,
351 2611 567 2677 templa,
611 2611 810 2662 similia.

53 2780 198 2834 551.
294 2771 433 2822 Hinc
488 2774 756 2839 sapienter
808 2773 917 2823 Leo
970 2773 1131 2822 Xll]
1176 2774 1227 2823 in
1284 2773 1557 2838 encyclica
1617 2772 1955 2823 «Immortale

49 2851 215 2903 Dei»:
265 2854 596 2917 «Civitates»,
640 2857 824 2921 inquit,
874 2873 1012 2905 «non
1054 2865 1278 2921 possunt
1319 2857 1446 2905 citra
1475 2855 1647 2905 scelus
1688 2873 1872 2922 gerere
1899 2873 1956 2905 se

50 2941 324 3001 tamquam
375 2938 417 2986 si
458 2937 607 2987 Deus
664 2939 883 2987 omnino
937 2955 1043 2986 non
1098 2948 1261 2999 esset,
1321 2946 1411 2988 aut
1452 2955 1633 2988 curam
1689 2938 1957 3003 religionis

50 3016 193 3066 velut
233 3018 459 3069 alienam
511 3019 746 3086 nihilque
787 3019 1119 3085 profuturam
1168 3021 1378 3070 abicere
1419 3028 1510 3070 aut
1550 3021 1846 3070 adsciscere
1888 3020 1955 3069 de

50 3097 288 3163 pluribus
327 3102 610 3166 generibus
657 3102 1041 3162 indifferenter,
1097 3103 1246 3168 quod
1287 3102 1463 3153 libeat.
1507 3143 1515 3151 .
1557 3144 1565 3151 .
1609 3145 1617 3153 .
1699 3102 1955 3152 Sanctum

50 3179 206 3244 igitur
245 3192 459 3249 oportet
498 3185 644 3250 apud
686 3185 950 3250 principes
979 3201 1094 3234 esse
1123 3185 1226 3234 Dei
1266 3202 1488 3247 nornen3
1534 3185 1955 3250 ponendumque

49 3261 100 3311 in
128 3266 425 3331 praecipuis
452 3265 661 3316 illorum
690 3266 877 3317 officiis
918 3266 1226 3331 religionem
1257 3268 1424 3333 gratia
1454 3266 1753 3332 complecti,
1798 3267 1953 3316 bene-

50 3343 281 3397 volentia
320 3349 467 3410 tueri,
513 3350 830 3400 auctoritate
871 3356 1112 3415 nutuque
1153 3349 1333 3416 legum
1374 3357 1605 3418 tegere.»
