2182 3682
224 154 290 215 78
628 161 741 190 PARS
777 161 804 190 I.
856 160 1169 189 PHILOSOPHIA
1204 160 1408 189 MORALIS
1443 161 1722 190 GENERALIS.

219 298 305 346 Er
301 315 374 363 go
415 297 710 347 secundum
753 297 1139 347 utilitarismum
1179 297 1441 363 privatum
1471 305 1648 346 essent
1677 297 1833 348 licita.
1904 311 1952 348 2.
1982 297 2156 366 Νἰ1111ἢ

218 387 398 445 potest
438 397 554 429 esse
594 396 781 429 norma
809 380 1134 440 moralitatis,
1180 378 1326 445 quod
1355 387 1435 428 est
1463 378 1771 429 inconstans
1798 387 1851 429 et
1878 379 2128 445 variabile

216 479 314 528 pro
356 463 659 512 diversitate
699 470 1005 527 temporum
1046 470 1098 511 et
1139 461 1528 511 adiunctorum
1584 461 1757 527 Atqui
1791 462 1845 511 id
1877 461 2019 512 valet
2059 463 2126 512 de

217 545 438 594 utilitate
457 545 674 610 privata.
704 558 748 608 3.
767 542 1035 610 Supponit
1053 543 1186 593 haec
1204 544 1466 593 sententia
1485 544 1853 609 gravissimum
1867 561 2124 595 errorem:

217 624 506 677 maximam
520 621 833 676 *fruitionem
862 626 1014 675 huius
1042 627 1180 675 vitae
1209 643 1325 675 esse
1352 643 1660 692 supremum
1689 626 1849 677 finem
1877 627 2123 678 hominis.

220 737 321 801 89.
401 747 567 785 PARS
599 748 652 785 II.
717 748 790 785 De
824 746 1056 785 felicitate
1092 747 1338 785 communi
1366 747 1511 785 Iulius
1547 747 1687 786 vitae.

291 830 457 876 Prob.
562 843 601 878 Ι.
665 827 720 878 Si
782 827 1003 878 felicitas
1064 828 1364 878 communis
1424 837 1504 878 est
1563 845 1752 878 norma
1810 828 2124 888 honestatis

216 927 444 976 quaero,
501 927 767 976 quaenam
706 896 880 960 *sit
920 911 1021 960 ista
1062 909 1313 961 felicitas?
1390 911 1575 961 Potest
1615 912 1755 961 enim
1795 912 1939 961 varia
1979 927 2122 961 esse:

215 1009 339 1043 vera
378 992 462 1043 vel
517 992 672 1054 falsa,
730 993 957 1043 honesta
996 992 1078 1042 vel
1127 993 1423 1055 inhonesta.
1506 994 1659 1045 Unus
1699 993 1931 1060 populus
1975 992 2127 1043 felici-

214 1084 379 1125 tatem
420 1076 473 1125 in
515 1076 616 1125 hac
658 1093 712 1125 re
753 1076 976 1142 quaerit,
1022 1075 1154 1126 alius
1194 1077 1245 1125 in
1286 1076 1401 1126 alia.
1470 1076 1613 1126 Num
1654 1076 1880 1126 sufficiet
1907 1075 2129 1126 felicitas

215 1159 530 1219 communis,
576 1158 744 1224 qualis
786 1158 882 1208 fuit
922 1156 1228 1208 Sodomae?
1296 1172 1342 1209 2.
1387 1157 1696 1227 Secundum
1738 1158 1877 1231 hanc
1917 1167 2127 1209 senten-

215 1241 342 1290 tiam
396 1241 657 1306 quidquid
710 1240 955 1290 homines
1007 1242 1202 1290 amoris
1249 1241 1334 1290 vel
1388 1223 1562 1291 cultus
1614 1226 1736 1291 Deo
1784 1229 2121 1302 exhiberent,

218 1323 271 1372 id
300 1322 383 1373 161
413 1341 520 1373 11011
550 1332 691 1373 65561
720 1324 1007 1373 1101165111111
1035 1323 1119 1373 vel
1147 1323 1337 1373 saltem
1367 1332 1588 1373 eatenus
1615 1322 1789 1373 solum
1819 1323 2123 1384 honestum,

212 1415 480 1471 quatenus
542 1406 608 1455 ad
667 1423 1009 1455 communem
1066 1405 1373 1455 felicitatem
1430 1405 1784 1472 temporalem
1842 1405 2120 1475 conferret.

212 1486 440 1537 Plurima
486 1497 676 1537 -autem
733 1488 1018 1554 obsequia,
1082 1505 1220 1554 quae
1278 1488 1397 1538 Deo
1452 1488 1802 1551 exhibentur,
1866 1488 1935 1538 ad
1988 1488 2126 1538 hanc

212 1569 519 1620 felicitatem
560 1588 746 1636 parum
786 1571 867 1620 vel
912 1570 1039 1620 nihil
1069 1570 1364 1620 conferunt.
1422 1570 1595 1620 Immo
1625 1564 2122 1632 eademsententia‚

210 1652 464 1719 implicite
491 1652 696 1714 saltem,
729 1654 1099 1719 gravissimum
1128 1671 1361 1703 errorem
1382 1654 1663 1719 supponit:
1694 1652 1940 1703 ultimum
1961 1653 2123 1703 finem

212 1735 442 1785 hominis
482 1753 590 1785 non
621 1753 736 1785 esse
766 1736 946 1785 Deum
986 1736 1036 1785 in
1065 1735 1229 1786 altera
1257 1737 1364 1785 vita
1392 1736 1550 1786 beata
1578 1735 1983 1802 possidendum,
2026 1736 2123 1786 sed

213 1817 519 1868 felicitatem
558 1818 711 1868 huius
750 1819 905 1868 vitae.
967 1832 1010 1882 3.
1056 1817 1111 1868 Si
1152 1817 1348 1868 utilitas
1376 1818 1445 1868 ad
1474 1819 1679 1868 bonum
1709 1836 1995 1869 commune
2027 1818 2124 1868 for-

211 1900 417 1951 maliter
444 1901 783 1950 honestatem
813 1901 1175 1961 constitueret,
1219 1900 1472 1950 honestas
1512 1918 1710 1966 magna
1743 1918 1813 1950 ex
1839 1909 1991 1967 parte
2019 1901 2125 1951 iam

210 2000 318 2033 non
361 1984 690 2049 dependeret
730 1999 760 2032 a
800 1982 1076 2033 voluntate
1116 1983 1360 2043 11011111115,
1405 1983 1500 2032 sed
1542 2000 1572 2032 a
1613 1983 1784 2033 causis
1812 1983 2126 2033 extrinsecis

209 2074 262 2115 et
302 2066 737 2127 accidentalibuS‚
782 2084 828 2115 V.
873 2082 923 2131 g.
963 2082 993 2115 a
1035 2065 1242 2126 divitiis,
1286 2065 1516 2131 ingeni0‚
1561 2065 1861 2116 nativitate:
1906 2083 2000 2115 rex
2039 2064 2123 2115 vel

208 2149 446 2198 minister
472 2148 734 2215 publicus,
766 2149 855 2214 qui
883 2147 1002 2214 plus
1032 2147 1272 2198 conferre
1295 2156 1477 2214 potest
1497 2148 1566 2198 ad
1589 2148 1794 2198 bonum
1817 2165 2121 2208 commune,

208 2239 347 2280 esset
388 2232 549 2281 etiam
589 2231 822 2281 sanctior
863 2247 1023 2296 quam
1064 2230 1251 2296 aliquis
1292 2229 1502 2296 opifex,
1555 2231 1760 2280 etiamsi
1800 2231 1851 2280 in
1893 2239 2123 2296 utroque

206 2323 541 2380 supponatur
581 2314 772 2363 eadem
813 2313 956 2362 bona
997 2312 1244 2363 voluntas
1286 2322 1532 2379 respectu
1572 2314 1701 2363 boni
1742 2313 2056 2363 communis.

211 2435 312 2486 90.
393 2434 559 2473 PARS
590 2435 666 2472 III.
731 2435 804 2472 De
840 2434 1038 2472 utilitate
1074 2434 1136 2472 ad
1169 2434 1380 2472 ultimum
1414 2434 1575 2472 finem.

618 2498 780 2552 (Frins,
815 2501 882 2539 De
916 2501 1079 2539 actibus
1113 2501 1225 2540 hum.
1258 2515 1299 2553 p.
1333 2501 1386 2549 Π,
1422 2515 1462 2539 11.
1502 2511 1577 2538 ΙΙΙ
1606 2498 1716 2552 sqq.)

284 2575 635 2622 praenotanda.
709 2576 825 2622 Non
863 2576 1126 2637 quaeritur,
1163 2591 1280 2622 num
1319 2574 1478 2621 omnis
1517 2582 1650 2621 actus
1686 2575 1919 2621 honestus
1955 2574 2122 2636 aliquo

206 2651 358 2696 modo
407 2650 457 2696 in
505 2650 727 2697 ultimum
774 2651 925 2697 finem
973 2650 1180 2698 tendere
1229 2650 1423 2697 debeat.
1495 2650 1554 2696 Id
1603 2648 1735 2696 enim
1781 2648 1909 2696 inter
1948 2663 2123 2695 omnes

207 2734 399 2772 constat
437 2721 515 2786 (cf.
553 2742 600 2771 11.
645 2740 699 2785 27
742 2734 790 2772 61
830 2721 937 2786 28);
989 2726 1077 2772 sed
1128 2724 1350 2789 quaestio
1387 2732 1482 2781 est,
1532 2740 1650 2770 num
1687 2722 1794 2769 finis
1829 2723 2025 2775 ultimus
2062 2722 2123 2770 sit

205 2816 407 2858 norma,
457 2815 517 2847 ex
564 2816 661 2861 qua
712 2800 874 2861 primo
923 2800 1293 2861 cognoscimus,
1348 2798 1467 2860 quid
1514 2799 1574 2846 sit
1619 2798 1882 2845 honestum
1927 2798 2007 2845 vel
2053 2798 2122 2861 in-

205 2876 493 2933 honestum,
544 2883 592 2922 et
638 2891 727 2936 per
775 2890 1106 2935 consequens,
1156 2891 1274 2921 num
1310 2874 1542 2920 honestas
1568 2872 1853 2933 formaliter
1887 2873 2122 2919 consistat

205 2949 258 2995 in
293 2950 496 2997 utilitate
523 2949 587 2996 ad
610 2949 832 2996 ultimum
858 2951 1023 2997 finem.
1075 2950 1226 3009 Quod
1251 2964 1501 3010 negamus.
1552 2949 1669 2994 Non
1694 2947 1827 2994 enim
1852 2955 2121 3009 propterea

206 3033 341 3071 actus
390 3033 462 3071 est
506 3025 766 3083 honestus,
817 3024 932 3085 quia
980 3023 1214 3071 conducit
1261 3023 1325 3071 ad
1363 3023 1586 3070 ultimum
1623 3023 1798 3079 finem,
1849 3021 1962 3081 sed,
1991 3021 2118 3085 jvice

205 3114 372 3155 versa,
424 3107 693 3167 propterea
740 3099 875 3146 ducit
921 3099 984 3145 ad
1034 3099 1257 3146 ultimum
1304 3099 1479 3155 finem,
1529 3098 1699 3144 saltem
1747 3096 2161 3158 interpretative„

208 3170 273 3235 (n.
314 3169 408 3234 72),
448 3174 564 3234 quia
598 3172 832 3220 honestus
870 3182 955 3220 est.

282 3262 448 3309 Prob.
512 3276 553 3308 1.
650 3261 863 3310 Bonum
928 3260 1217 3310 honestum
1272 3268 1502 3326 propler
1565 3278 1621 3309 se
1687 3261 1955 3326 appetitur
2023 3275 2116 3308 seu

209 3343 372 3392 habet
413 3343 674 3392 rationem
716 3341 832 3392 finis
874 3341 948 3406 (S.
1002 3341 1187 3392 leom.
1241 3356 1281 3403 1,
1326 3359 1375 3407 q.
1426 3352 1470 3404 5,
1513 3358 1558 3392 a.
1589 3342 1649 3403 6;
1693 3341 1752 3391 In
1782 3354 1830 3404 2,
1874 3342 1994 3391 dist.
2027 3353 2114 3400 21,
