2182 3682
216 167 323 229 264
613 177 726 205 PARS
762 177 808 206 ΙΙ.
859 175 1182 205 PHILOSOPHIA
1216 175 1419 204 MORALIS
1455 175 1704 205 SPECIALIS.

214 312 642 362 distributionem
701 312 966 362 bonorum
1027 311 1297 362 communi
1359 327 1524 377 opera
1589 311 1977 377 productorum
2042 329 2118 362 or-

214 394 432 444 dinabit.

288 474 443 541 Quae
483 476 762 542 hucusque
803 476 1049 536 diximus,
1094 474 1162 524 ab
1202 475 1329 541 ipsis
1368 474 1646 525 socialistis
1685 475 1883 541 passim
1922 475 1972 524 in
2013 475 2120 525 suis

212 559 624 625 programmatis
671 566 724 607 et
766 556 878 607 aliis
920 557 1256 606 documentis
1297 555 1523 623 publicis
1570 556 1908 607 affirmantur.
1989 556 2120 608 Inde
2160 613 2165 614 ⁷

212 640 376 690 multa
417 640 517 690 alia
557 640 732 705 logica
772 639 1088 689 necessitate
1129 647 1554 705 consequuntur,
1598 639 1841 705 quamvis
1882 640 2020 690 circa
2059 656 2122 689 ea

211 723 510 772 socialistae
550 739 711 788 saepe
751 721 1106 787 ignorantiam
1147 737 1300 770 suam
1341 720 1630 782 fateantur,
1674 739 1739 771 ne
1779 721 2122 771 absurditatis

213 805 457 854 convinci
510 805 731 870 possint.
812 803 905 853 Ad
958 804 1297 868 magistratus
1349 821 1395 854 v.
1441 820 1490 869 g.
1536 803 1822 869 pertinebit
1873 802 2012 854 facta
2051 804 2121 852 in·
2181 843 2182 857 2

212 887 495 953 quisitione
524 886 892 947 determinare,
937 886 1064 952 quid
1098 892 1152 935 et
1180 894 1439 951 quantum
1479 886 1530 935 in
1567 903 1898 951 unoquoque
1926 903 2122 952 genere

213 968 623 1034 producendum
664 969 756 1028 sit,
802 968 874 1017 ita
914 976 970 1017 ut
1011 984 1303 1033 numquam
1354 968 1860 1033 «superproductio»
1908 967 2118 1017 oriatur.

213 1050 511 1116 Unicuique
552 1050 902 1115 assignabunt
931 1050 1282 1115 quantitatem
1317 1058 1369 1099 et
1399 1048 1711 1115 qualitatem
1752 1048 1963 1099 laboris.
2020 1048 2120 1098 Ne-

211 1133 338 1182 mini
389 1132 568 1182 licebit
607 1150 664 1181 se
707 1132 1020 1181 subtrahere
1074 1132 1343 1181 communi
1398 1131 1581 1182 labori.
1663 1130 1912 1197 Aequale
1952 1132 2030 1181 ius
2069 1139 2123 1181 et

210 1214 435 1280 aequale
477 1214 712 1264 officium
754 1215 1002 1264 omnibus
1045 1215 1154 1263 erit.

287 1295 436 1346 Sicut
478 1296 778 1362 productio,
824 1297 895 1346 ita
935 1296 1093 1345 etiam
1137 1295 1409 1345 circulatio
1440 1302 1492 1345 et
1521 1295 1821 1345 distributio
1854 1295 2121 1345 bonorum

211 1380 308 1429 erit
360 1396 525 1445 penes
578 1379 942 1443 magistratus,
999 1378 1233 1443 ideoque
1274 1378 1377 1426 iam
1419 1376 1544 1426 nulli
1586 1386 1738 1427 erunt
1781 1386 2120 1427 mercatores.

211 1462 480 1511 Producta
521 1460 840 1526 colligentur
881 1461 931 1509 in
973 1460 1189 1520 horreis,
1241 1468 1293 1509 et
1334 1478 1402 1509 ex
1444 1460 1503 1509 iis
1545 1459 1887 1525 magistratus
1927 1459 2123 1509 unicui-

211 1562 313 1610 que
356 1543 673 1593 distribuent
713 1561 810 1608 pro
853 1559 1098 1591 mensura
1138 1541 1335 1591 laboris
1362 1542 1596 1608 praestiti
1639 1542 1957 1605 (secundum
1991 1540 2123 1591 alios

211 1644 309 1691 pro
351 1641 598 1674 mensura
638 1625 968 1674 necessitatis
1003 1623 1087 1673 vel
1129 1624 1489 1689 indigentiae),
1533 1623 1616 1673 vel
1646 1641 1831 1673 eorum
1871 1623 1993 1674 loco
2023 1624 2120 1673 sin-

210 1708 347 1772 gulis
388 1708 593 1757 dabunt
621 1708 670 1756 in
702 1707 1063 1757 testimonium
1105 1706 1302 1756 laboris
1342 1707 1579 1772 praestiti
1608 1706 1979 1773 chirographa,
2023 1723 2120 1772 pro

211 1790 405 1856 quibus
444 1807 542 1839 suo
597 1798 839 1855 tempore
882 1806 964 1838 res
1003 1789 1102 1838 sibi
1154 1789 1477 1838 necessarias
1529 1806 1599 1837 eX
1649 1788 1878 1854 publicis
1922 1788 2121 1838 horreis

211 1872 454 1938 accipere
483 1872 704 1938 possint.
761 1872 991 1920 Pecunia
1032 1870 1174 1920 nulla
1214 1871 1310 1920 erit
1351 1872 1583 1936 (praeter
1609 1870 1695 1921 illa
1725 1869 2116 1936 chirographa).

211 1955 295 2004 De
337 1954 493 2004 rebus
535 1952 1034 2019 consumptibilibus
1072 1954 1208 2002 iuste
1237 1953 1506 2018 acquisitis
1548 1952 1774 2019 quisque
1815 1952 2011 2019 poterit
2051 1951 2119 2001 ad

210 2036 419 2086 libitum
461 2036 758 2101 disponere.
840 2035 1130 2101 Propterea
1169 2034 1466 2084 socialistae
1518 2052 1625 2084 non
1667 2052 1855 2101 parum
1897 2033 2121 2100 glorian-

210 2127 295 2168 tur
335 2126 542 2168 tantum
584 2118 798 2178 abesse,
854 2124 909 2166 ut
950 2118 1332 2183 proprietatem
1386 2118 1644 2183 privatam
1686 2134 1784 2166 suo
1828 2124 2120 2182 systemate

210 2200 426 2250 abolere
454 2200 631 2260 velint,
677 2207 735 2249 ut
776 2199 1019 2260 eandem,
1064 2209 1117 2249 et
1146 2199 1362 2265 quidem
1390 2215 1551 2265 supra
1579 2198 1816 2249 laborem
1847 2198 2119 2265 proprium

211 2282 513 2343 fundatam,
570 2283 842 2331 restituere
883 2282 933 2330 in
976 2282 1153 2330 animo
1208 2281 1457 2331 habeant.
1510 2311 1582 2315 ——
1632 2281 1719 2331 Ex
1768 2280 1922 2330 dictis
1973 2288 2122 2346 patet

209 2364 585 2425 socialismum,
630 2365 875 2430 quamvis
914 2364 1224 2413 immediate
1255 2363 1361 2413 fere
1389 2362 1564 2412 solum
1607 2362 1848 2412 ordinem
1890 2378 2120 2412 oecono-

210 2448 406 2496 micum
460 2456 703 2512 spectare
758 2446 1026 2506 videatur,
1083 2455 1262 2495 tamen
1315 2454 1536 2511 propter
1588 2445 1870 2511 principia,
1929 2444 2121 2510 quibus

209 2530 459 2590 innititur,
503 2536 557 2578 et
598 2529 922 2578 necessarias
964 2528 1375 2593 consequentias
1416 2545 1485 2576 ex
1511 2545 1608 2577 suo
1645 2535 1937 2592 systemate
1966 2543 2120 2576 oeco-

210 2612 424 2660 nomico
479 2619 650 2660 totum
692 2611 934 2659 ordinem
987 2610 1260 2675 vigentem
1313 2608 1618 2675 politicum,
1676 2607 1955 2669 socialem,
2011 2607 2120 2657 reli-

212 2694 419 2758 giosum
462 2693 674 2758 penitus
714 2693 1039 2741 subvertere.
1122 2690 1249 2757 (Qui
1293 2691 1590 2741 uberiorem
1633 2691 2025 2756 expositionem
2068 2697 2142 2738 et>

211 2775 584 2825 refutationem
637 2773 922 2823 socialismi
980 2773 1272 2834 desiderat,
1333 2790 1451 2822 eam
1506 2773 1737 2822 inveniet
1787 2772 1839 2821 in
1889 2771 2120 2821 auctoris

212 2856 472 2923 opusculo
519 2857 663 2905 «Der
704 2855 1077 2906 Socialismus»
1130 2853 1191 2923 [8.
1237 2852 1368 2923 ed.]‚
1425 2855 1573 2920 quod
1621 2855 1779 2904 etiam
1820 2854 1870 2903 in
1913 2852 2119 2917 linguas

212 2938 491 3004 anglicam,
535 2938 795 3003 gallicam,
840 2938 1170 3003 hispanicam
1198 2944 1295 2986 etc.
1341 2954 1552 2986 versum
1580 2945 1686 2998 est,
1731 2944 1783 2985 et
1811 2936 1860 2984 in
1898 2932 2118 2984 «Moral-

213 3020 582 3087 philosophie»
629 3019 676 3068 Π
725 3033 826 3081 124
861 3021 1010 3085 sqq);
1056 3020 1120 3069 cf.
1161 3019 1320 3068 etiam
1365 3016 1661 3079 Castclein,
1703 3018 1782 3067 Le
1821 3016 2119 3067 socialisme

213 3112 266 3152 et
305 3102 352 3151 le
395 3102 534 3152 droit
575 3102 642 3150 de
683 3102 967 3167 propriete.
1049 3100 1121 3149 H.
1168 3101 1367 3161 Pescla,
1420 3099 1826 3160 Liberalismus,
1881 3097 2117 3148 Sozialis-

212 3202 330 3233 mus
358 3184 467 3233 und
491 3182 792 3233 christliche
812 3181 1461 3247 Gesellschaftsordnung.
1507 3180 1871 3242 Vermeersclz,
1897 3179 2114 3245 Quaest.

214 3265 281 3315 de
321 3265 530 3326 iustitia,
575 3265 657 3314 ed.
704 3278 751 3324 2,
795 3281 844 3314 n.
896 3276 992 3328 173
1033 3281 1149 3329 sqq.
1230 3264 1296 3314 B.
1341 3263 1535 3325 Brm'n,
1579 3261 1984 3327 Sociologische
2023 3261 2116 3310 Be-

208 3347 453 3412 ginselen
494 3346 562 3412 bij
606 3347 674 3396 de
714 3346 890 3396 studie
932 3346 1026 3395 der
1066 3345 1262 3394 sociale
1304 3346 1541 3411 quaestie
1584 3358 1692 3394 200
1718 3361 1836 3411 sqq.
