2182 3682
472 176 558 204 LIB.
594 176 621 203 I.
668 176 766 204 (ΖΑΓ.
803 174 863 203 IV.
910 174 972 202 DE
1006 174 1118 202 IURE
1154 173 1500 202 PROPRIETATIS.
1833 172 1933 227 273

119 311 167 374 c)
208 308 263 360 Si
292 309 597 374 praestatio
625 315 885 358 statuatur
925 324 1022 373 pro
1056 324 1243 356 norma
1271 306 1666 367 distributionis,
1711 323 1936 371 quaero:

45 391 320 458 quomodo
362 398 608 440 accurate
650 390 986 440 determinari
1037 395 1216 454 potest
1261 387 1591 453 singulorum
1633 387 1937 449 dexteritas,

46 473 242 541 peritia,
285 472 569 538 ingenium,
615 470 900 536 diligentia,
950 488 980 520 a
1020 470 1214 536 quibus
1254 470 1522 535 quantitas
1562 467 1756 518 laboris
1798 486 1941 534 prae-

44 554 148 605 stiti
206 552 437 620 pendet?
526 551 807 617 Quaenam
863 553 959 602 erit
1013 569 1200 601 norma
1258 552 1412 600 huius
1471 550 1939 610 determinationis,

46 653 111 687 ne
162 635 499 701 magistratus
549 634 665 684 solo
719 635 932 684 arbitrio
983 651 1079 683 suo
1133 642 1185 682 et
1235 634 1465 699 partium
1516 632 1691 681 studio
1742 632 1793 680 in
1846 631 1942 680 dis-

43 717 323 768 tribuendo
352 715 668 782 dirigantur?
714 714 877 780 Quod
905 725 960 765 ut
987 714 1173 764 melius
1200 714 1552 779 intellegatur,
1584 712 1944 778 distinguendi

43 807 163 850 sunt
203 798 427 864 duplicis
468 798 676 864 generis
704 798 936 847 labores:
980 797 1064 846 alii
1092 796 1289 862 aliquid
1319 802 1598 862 operatum
1629 794 1940 860 relinquunt,

43 899 89 931 v.
132 897 182 945 g.
226 879 377 930 labor
415 881 632 942 sutoris3
678 879 761 929 alii
800 897 926 929 vero
970 878 1094 928 nihil
1137 887 1414 945 operatum
1452 877 1767 942 relinquunt,
1810 894 1856 925 v.
1889 893 1938 941 g.

44 962 253 1012 labores
292 961 637 1022 famulorum,
692 961 1119 1021 infirmariorum,
1163 961 1508 1020 medicorum,
1552 958 1940 1023 magistrorum.

43 1044 152 1094 Iam
182 1044 360 1109 quoad
389 1045 710 1110 posteriores
739 1043 949 1093 labores
978 1042 1253 1109 quomodo
1277 1042 1471 1107 poterit
1496 1039 1783 1106 praestatio
1803 1056 1944 1088 men-

43 1125 235 1176 surari?
300 1124 497 1190 Quoad
539 1126 740 1191 priores
766 1142 893 1175 vero
935 1126 985 1174 in
1028 1123 1204 1174 multis
1247 1124 1453 1187 casibus
1486 1121 1774 1188 praestatio
1804 1137 1944 1170 men-

44 1209 206 1258 surari
256 1216 462 1274 potest,
517 1207 612 1257 sed
663 1208 710 1256 in
768 1207 1005 1273 plurimis
1056 1224 1164 1256 non
1216 1213 1422 1272 potest,
1465 1223 1511 1254 v.
1557 1221 1607 1269 g.
1660 1203 1944 1268 praestatio

45 1289 310 1356 agricolae
350 1307 457 1339 non
498 1289 673 1339 solum
714 1289 915 1355 pendet
955 1289 1022 1338 ab
1066 1289 1177 1338 eius
1217 1287 1417 1347 labore,
1461 1285 1555 1336 sed
1598 1286 1756 1335 etiam
1794 1301 1825 1333 a
1854 1284 1946 1333 fer-

46 1371 231 1421 tilitate
259 1389 523 1437 agrorum,
568 1389 597 1420 a
625 1380 945 1437 tempestate
974 1379 1073 1421 etc.
1105 1400 1177 1406 —
1218 1368 1363 1434 Quid
1394 1369 1624 1433 denique
1659 1366 1945 1416 dicendum

47 1453 114 1502 de
154 1452 267 1513 illis,
311 1453 399 1519 qui
440 1453 511 1502 ob
553 1453 820 1503 defectum
863 1454 1065 1513 virium,
1108 1453 1319 1518 ingenii,
1363 1452 1459 1500 etsi
1500 1449 1795 1515 diligentes,
1839 1465 1946 1497 non

44 1551 213 1601 aeque
254 1535 476 1585 multum
517 1544 607 1584 aut
648 1535 754 1585 fere
796 1535 921 1584 nihil
963 1535 1158 1584 laboris
1199 1542 1467 1600 praestare
1508 1529 1757 1598 possunt?

119 1625 174 1687 d)
215 1625 303 1673 Ex
343 1642 449 1690 quo
492 1633 639 1691 patet
682 1641 856 1690 neque
897 1624 1243 1688 dz‘lzgentz‘am
1272 1624 1322 1671 in
1365 1621 1661 1671 laborando
1704 1636 1945 1670 normam

46 1705 430 1756 distributionis
493 1724 608 1757 esse
671 1724 844 1772 posse.
942 1706 1034 1755 Ad
1095 1705 1423 1771 diligentiam
1487 1703 1945 1752 determinandam

45 1789 181 1837 enim
233 1806 451 1839 necesse
492 1797 631 1839 esset
672 1789 951 1839 custodem
994 1789 1142 1837 iuxta
1182 1803 1621 1852 unumquemque
1663 1783 1945 1844 collocare,

45 1871 133 1935 qui
184 1887 306 1920 eum
358 1880 618 1937 perpetuo
671 1872 992 1921 observaret.
1077 1869 1209 1936 Quis
1261 1877 1438 1919 autem
1491 1867 1831 1933 magistratus
1873 1883 1947 1915 se-

46 1969 200 2002 curos
237 1953 427 2002 reddet
454 1953 571 2002 illos
612 1953 910 2019 praefectos
939 1953 1006 2002 ab
1037 1953 1287 2017 operariis
1316 1951 1517 2000 electos
1546 1966 1666 1999 cum
1697 1949 1948 2014 operariis

45 2033 262 2083 consilia
302 2036 786 2085 communicaturos
826 2052 933 2085 non
976 2034 1123 2084 esse?

118 2124 167 2187 e)
209 2124 399 2190 Neque
450 2124 754 2189 indzjgentia
805 2133 1078 2190 tamquam
1132 2140 1378 2173 mensura
1431 2120 1811 2171 distributionis
1861 2119 1949 2168 ad-

43 2204 211 2255 hiberi
262 2214 455 2271 potest.
538 2204 672 2270 Quis
713 2207 854 2256 enim
895 2207 991 2256 erit
1031 2207 1338 2255 aestimator
1389 2204 1543 2253 huius
1597 2201 1949 2267 indigentiae?

44 2286 195 2338 Haec
236 2296 378 2337 certe
419 2289 716 2338 aestimatio
758 2289 950 2338 iudicio
1004 2289 1412 2353 uniuscuiusque
1464 2285 1697 2352 permitti
1748 2284 1946 2350 nequit,

45 2385 165 2418 cum
205 2387 364 2420 nemo
392 2370 458 2419 sit
486 2387 687 2436 aequus
727 2371 890 2420 iudex
918 2371 968 2420 in
1011 2371 1169 2420 rebus
1196 2371 1319 2420 suis.
1376 2369 1521 2434 Ergo
1564 2366 1949 2416 committenda

44 2451 138 2500 erit
189 2452 385 2501 iudicio
438 2451 657 2502 alicuius
709 2453 941 2514 concilii,
1003 2453 1084 2503 cui
1136 2453 1466 2502 incumberet
1516 2450 1567 2499 in
1618 2447 1946 2513 singulorum

43 2533 390 2600 indigentiam
430 2535 689 2601 inquirere
731 2553 957 2601 eamque
999 2535 1235 2595 definire,
1265 2553 1311 2584 v.
1346 2551 1395 2600 g.
1428 2531 1796 2592 determinare,
1841 2547 1947 2596 quo

45 2615 181 2676 cibo,
228 2633 334 2682 qua
372 2623 522 2665 veste
562 2617 784 2683 quisque
825 2618 1077 2683 indigeat.
1159 2615 1269 2666 Sed
1309 2616 1414 2666 hoc
1456 2614 1545 2681 qui
1585 2612 1696 2662 fieri
1735 2613 1945 2678 poterit,

44 2697 167 2761 quin
208 2698 508 2747 excitentur
548 2698 802 2764 plurimae
844 2699 1104 2765 querelae,
1159 2699 1471 2758 discordiae,
1523 2695 1766 2755 invidiae,
1812 2711 1947 2760 quae

45 2777 190 2827 brevi
230 2786 398 2829 totam
440 2781 827 2846 rempublicam
868 2780 1197 2831 everterent?

47 2915 192 2980 348.
274 2929 321 2982 7.
367 2919 531 2970 Aliud
584 2922 954 2986 gravissimum
994 2922 1398 2971 incommodum
1440 2924 1746 2987 systematis
1785 2923 1947 2973 socia-

45 2996 195 3049 listici
235 3009 340 3061 est,
395 3003 541 3067 quod
584 3020 796 3053 omnem
840 3004 907 3053 ad
950 3003 1277 3069 diligentiam
1328 3005 1380 3053 in
1433 3003 1729 3055 laborando
1770 3005 1945 3054 stimu-

45 3077 153 3129 lum
212 3081 431 3133 auferat.
527 3083 819 3150 Supposita
882 3086 1085 3151 privata
1149 3086 1501 3151 proprietate,
1568 3086 1790 3152 quilibet
1851 3103 1947 3137 sua

44 3160 206 3226 ipsius
256 3163 478 3215 utilitate
518 3166 600 3215 vel
654 3168 995 3228 necessitate,
1051 3168 1360 3233 praesertim
1402 3168 1444 3217 si
1496 3167 1721 3218 familiae
1768 3185 1947 3217 curam

45 3240 222 3304 habet,
265 3246 333 3294 ad
375 3248 682 3297 continuum
724 3257 776 3298 et
816 3249 1141 3299 indefessum
1184 3249 1423 3299 laborem
1463 3248 1761 3316 impellitur.
1823 3250 1947 3300 Hoc

46 3325 209 3375 modo
261 3329 555 3392 generatim
595 3331 737 3380 varia
783 3331 959 3382 officia
1009 3332 1060 3380 in
1111 3332 1368 3381 societate
1421 3331 1653 3380 humana
1691 3331 1803 3380 sine
1844 3331 1948 3381 ulla

136 3417 377 3461 oannem,
406 3421 539 3454 Philos.
569 3423 725 3455 moralis.
768 3423 832 3455 Ed.
862 3435 892 3462 5.
1630 3421 1679 3459 18
