2182 3682
223 170 331 223 450
621 172 735 200 PARS
769 172 817 202 ΙΙ.
869 172 1189 201 PHILOSOPHIA
1221 173 1424 202 MORALIS
1459 173 1708 203 SPECIALIS.

291 306 595 357 Difficultas
647 316 752 370 est,
812 309 935 375 quia
986 309 1333 375 praescriptio
1386 309 1685 377 (usucapio)
1738 328 1807 360 ex
1857 310 1974 362 solo
2017 311 2128 362 iure

217 397 436 440 naturae
476 407 585 440 non
626 398 706 441 est
745 389 945 452 valida,
996 408 1117 441 cum
1166 408 1235 441 ex
1273 390 1391 441 solo
1431 392 1543 442 iure
1583 400 1802 443 naturae
1842 410 1949 444 non
1991 394 2129 444 adsit

218 472 589 522 determinatio
617 473 888 539 temporis.
938 472 1216 523 Praeterea
1238 473 1454 539 requirit
1476 474 1674 524 bonam
1697 474 1860 525 fidem
1885 475 1954 540 (n.
1981 476 2125 541 394),

218 571 353 621 quae
393 554 443 604 in
485 561 669 606 nostro
711 571 837 605 casu
879 555 1043 606 deest.
1087 588 1161 592 —
1201 556 1645 622 Respondemus:

931 746 1200 796 THESIS
1237 748 1406 796 XCII.

221 854 368 906 610.
455 865 715 912 Potestas
750 864 978 925 politica
1014 866 1181 927 longo
1218 866 1496 927 temporis
1524 867 1687 928 lapsu
1712 866 1767 914 vi
1792 867 1968 915 solius
1992 867 2129 915 iuris

218 938 487 986 naturalis
524 939 823 1001 aliquando
862 939 1020 1001 quasi
1056 940 1363 1001 praescribi
1398 947 1602 1002 potest.

292 1057 472 1108 Ama:
531 1058 611 1108 Ita
667 1059 847 1124 quoad
909 1076 1020 1108 rem
1077 1063 1398 1110 recentiores
1456 1060 1634 1121 multi,
1697 1061 1940 1127 quamvis
1994 1062 2132 1111 circa

216 1140 439 1190 modum
479 1140 744 1206 probandi
785 1159 980 1207 magna
1021 1142 1087 1191 sit
1116 1142 1404 1192 diversitas.
1463 1141 1541 1192 Cf.
1574 1143 1724 1208 epist.
1755 1142 1952 1193 Leonis
1977 1142 2138 1192 XII]

217 1223 285 1272 ad
338 1223 624 1289 episcopos
677 1222 908 1285 Galliae,
966 1224 1015 1274 d.
1061 1225 1112 1274 d.
1164 1225 1227 1274 16
1269 1224 1425 1275 Febr.
1478 1226 1612 1288 1892
1665 1224 1830 1289 (Acta
1878 1224 1931 1276 S.
1975 1224 2131 1276 Sedis

217 1304 408 1355 XXIV
454 1306 603 1370 525),
659 1306 711 1355 in
754 1323 859 1372 qua
901 1305 952 1356 S.
998 1306 1247 1357 Pontifex
1299 1307 1425 1357 satis
1473 1315 1656 1373 aperte
1710 1307 2010 1358 doctrinam
2059 1308 2130 1357 in-

216 1388 341 1449 nuit,
386 1404 548 1453 quam
588 1387 673 1438 hic
715 1388 1067 1439 defendimus

292 1493 457 1541 Prob.
499 1507 539 1539 1.
622 1493 795 1543 Recta
847 1494 979 1543 ratio
1038 1494 1202 1543 dictat
1259 1494 1448 1543 adesse
1505 1494 1704 1544 debere
1760 1493 2128 1544 auctoritatem

219 1591 525 1640 supremam
555 1592 783 1641 eamque
824 1593 919 1641 per
946 1593 1004 1625 se
1044 1575 1399 1637 habitualiter,
1444 1594 1553 1626 non
1580 1575 1754 1626 solum
1782 1593 1878 1642 per
1905 1576 2130 1626 modum

216 1664 392 1718 actus,
449 1658 682 1724 ideoque
735 1675 856 1708 eum
911 1658 1109 1708 debere
1162 1667 1436 1725 tamquam
1488 1658 1783 1725 legitimum
1833 1658 2129 1725 principem

216 1740 463 1806 agnosci,
526 1741 613 1806 qui
674 1741 811 1790 datis
871 1740 1276 1791 circumstantiis
1330 1740 1588 1791 stabiliter
1646 1741 1801 1791 unice
1859 1741 1929 1791 ad
1986 1739 2129 1790 illam

216 1823 589 1872 auctoritatem
643 1824 935 1889 gerendam
989 1834 1145 1889 aptus
1197 1832 1468 1889 appareat.
1550 1823 1720 1889 Atqui
1767 1823 1879 1873 fieri
1930 1831 2125 1889 potest,

215 1913 272 1954 ut
299 1905 520 1955 mutatio
562 1905 813 1971 principis
843 1906 1177 1971 (dynastiae),
1222 1906 1464 1971 quamvis
1504 1905 1590 1955 hic
1617 1905 1763 1955 initio
1803 1913 2129 1971 potestatem

215 1986 406 2036 iniuste
446 1988 801 2054 usurpaverit,
846 1987 939 2038 fiat
980 1987 1248 2038 moraliter
1288 1987 1644 2053 impossibilis,
1690 1997 1741 2037 et
1783 1987 2000 2054 quidem
2039 1987 2126 2046 ita,

217 2077 275 2118 ut
326 2086 500 2135 neque
549 2071 615 2120 ab
659 2070 768 2119 aliis
811 2071 1010 2136 deponi
1063 2087 1238 2136 neque
1290 2071 1403 2136 ipse
1455 2078 1781 2136 potestatem
1821 2071 1934 2120 sine
1981 2069 2129 2135 gravi

217 2151 451 2217 periculo
480 2152 802 2218 reipublicae
831 2153 1080 2202 abdicare
1118 2153 1301 2218 possit.
1359 2152 1513 2217 Ergo
1543 2161 1686 2202 recta
1714 2152 1845 2202 ratio
1874 2151 2126 2218 postulat,

217 2241 275 2282 ut
314 2234 427 2300 ipse
469 2243 745 2301 tamquam
787 2234 1054 2300 legitimus
1096 2235 1344 2300 princeps
1386 2242 1724 2300 agnoscatur.

291 2331 389 2381 Ad
422 2332 550 2381 mai.
632 2331 874 2382 Societas
915 2333 1054 2382 enim
1102 2349 1210 2381 non
1263 2341 1442 2398 potest
1493 2341 1757 2399 perpetuo
1811 2349 2025 2382 manere
2076 2332 2126 2381 in

216 2422 358 2463 statu
400 2415 639 2480 quodam
680 2413 916 2464 violento
960 2423 1012 2464 et
1052 2415 1164 2464 sine
1206 2413 1445 2481 legitimo
1489 2415 1677 2481 capite.

293 2510 391 2560 Ad
424 2511 551 2560 min.
631 2510 913 2561 Eiusmodi
955 2511 1380 2561 circumstantiae
1433 2510 1656 2560 fortasse
1698 2527 1815 2561 raro
1854 2508 1938 2560 vel
1979 2527 2126 2559 num-

219 2609 380 2658 quam
430 2594 481 2642 in
534 2594 705 2659 primo
759 2602 1073 2659 usurpatore
1130 2593 1372 2643 accidere
1424 2601 1662 2659 possunt.
1743 2591 2030 2653 Attamen,
2084 2592 2128 2642 si

216 2692 312 2741 per
361 2674 539 2741 plures
591 2676 965 2740 generationes
1006 2675 1182 2741 aliqua
1223 2676 1469 2741 dynastia
1510 2675 1732 2742 pacifice
1772 2674 1994 2741 imperio
2036 2691 2126 2740 po-

217 2757 377 2806 tiatur
417 2765 470 2806 et
509 2756 643 2806 altas
683 2758 734 2806 in
775 2756 981 2823 populo
1023 2758 1229 2807 radices
1271 2757 1459 2818 fixerit,
1503 2758 1546 2806 si
1586 2764 1863 2823 praeterea
1895 2773 1964 2805 ex
2004 2755 2127 2822 legi-

217 2840 348 2889 timo
399 2839 637 2905 principe
677 2856 785 2888 non
828 2840 923 2889 nisi
976 2839 1201 2889 heredes
1241 2840 1412 2889 minus
1452 2840 1630 2889 idonei
1671 2839 1872 2899 adsint,
1929 2847 2020 2888 aut
2059 2838 2127 2888 de

218 2938 400 2971 eorum
449 2921 781 2987 legitimitate
822 2920 905 2970 vel
947 2922 1015 2971 de
1056 2921 1242 2971 ordine
1282 2921 1633 2971 successionis
1673 2921 1835 2971 dubia
1876 2920 2124 2981 oriantur,

218 3003 329 3052 fieri
380 3010 585 3069 potest,
641 3012 699 3052 ut
740 3003 962 3052 mutatio
1005 3003 1282 3069 dynastiae
1323 3020 1546 3069 regnum
1594 3002 1844 3069 gravibus
1883 3001 2128 3068 periculis

219 3085 456 3134 obiceret
495 3102 588 3135 seu
629 3084 898 3134 moraliter
939 3084 1031 3134 fiat
1070 3084 1428 3150 impossibilis.

295 3189 460 3237 Prob.
499 3203 542 3237 2.
624 3187 891 3239 Securitas
942 3188 1159 3254 publica
1198 3206 1360 3255 saepe
1400 3190 1450 3238 in
1492 3187 1787 3254 periculum
1827 3195 2123 3248 vocaretur,

210 3270 262 3321 si
301 3278 540 3336 potestas
581 3270 799 3336 politica
830 3271 976 3320 initio
1004 3270 1194 3320 iniuste
1222 3271 1478 3336 acquisita
1505 3286 1797 3336 numquam
1838 3268 2126 3335 praescribi
2181 3325 2182 3342 ἢ

219 3360 416 3416 posset.
497 3351 651 3417 Ergo
693 3352 826 3401 haec
867 3352 1212 3418 praescriptio
1255 3362 1334 3401 est
1373 3351 1722 3412 admittenda.
