2182 3682
199 154 304 217 356
594 165 709 194 PARS
745 165 792 196 ΙΙ.
844 165 1160 195 PHILOSOPHIA
1194 166 1404 195 MORALIS
1441 167 1691 198 SPECIALIS.

195 301 488 368 coniugalis
529 311 610 352 est
638 320 733 369 per
759 320 831 364 se,
876 312 1131 370 quantum
1175 303 1285 353 fieri
1326 312 1522 370 potest,
1568 305 1834 372 aequalis,
1873 305 1928 355 id
1957 305 2106 372 quod

193 384 277 434 vel
319 402 388 434 ex
429 402 494 434 eo
535 384 732 447 elucet,
787 386 934 451 quod
977 386 1250 452 proprium
1294 385 1702 438 fundamentum
1755 388 1987 453 coniugii
2027 396 2107 438 est

193 467 437 518 amicitia.
518 467 808 518 Attamen:

192 618 340 672 474.
422 618 589 657 PARS
620 619 675 657 II.
738 619 1006 658 Potestatis
1037 620 1276 669 primatus
1311 621 1441 670 apud
1473 621 1623 660 virum
1657 621 1856 660 residet.

267 714 432 761 Prob.
474 728 515 761 1.
589 713 747 763 Nulla
787 715 1017 765 societas
1057 716 1170 765 sine
1209 717 1527 766 auctoritate
1569 717 1860 767 consistere
1901 723 2099 783 potest.

189 794 249 844 Id
292 812 421 861 ergo
464 796 623 845 etiam
666 797 733 846 de
774 798 1041 847 societate·
1074 798 1340 865 coniugali
1371 799 1523 849 valet.
1589 799 1736 866 Ergo
1778 808 1870 849 aut
1896 800 1974 848 vir
2011 807 2104 849 aut

190 895 328 927 uxor
361 879 649 944 primatum
684 881 965 945 potestatis
1001 880 1199 931 habeat
1235 889 1464 948 oportet.
1522 883 1687 932 Porro
1724 881 1809 932 hic
1845 882 2104 948 primatus

187 959 259 1009 illi
294 961 609 1011 tribuendus
645 971 740 1024 est,
785 963 875 1028 qui
910 963 1046 1013 inter
1081 965 1341 1030 coniuges
1368 982 1398 1014 a
1427 974 1611 1015 natura
1645 965 1761 1031 ipsa
1797 963 2103 1014 melioribus

188 1044 479 1108 generatim
521 1045 590 1095 ad
632 1044 736 1095 hoc
778 1045 1014 1095 officium
1059 1047 1276 1097 dotibus
1316 1048 1604 1098 instructus
1645 1056 1739 1098 est.
1803 1046 1976 1113 Atqui
2015 1046 2102 1096 hic

187 1133 268 1176 est
318 1127 407 1177 vir.
490 1126 588 1177 Vir
639 1128 777 1178 enim
834 1128 1008 1178 minus
1059 1138 1139 1179 est
1192 1129 1346 1179 alieni
1402 1130 1582 1180 auxilii
1638 1131 1884 1196 indigens
1940 1145 2100 1196 quam

188 1208 372 1259 mulier
412 1210 750 1276 eandemque
791 1212 1103 1277 prudentia,
1155 1211 1490 1274 fortitudine,
1536 1213 1756 1273 robore,
1801 1212 2101 1263 constantia

186 1291 481 1357 generatim
522 1302 754 1359 superat,
800 1295 972 1360 aptior
1013 1312 1232 1361 quoque
1266 1304 1345 1345 est
1379 1295 1447 1345 ad
1491 1294 1742 1346 familiam
1785 1302 1972 1345 contra
2012 1312 2100 1345 ex-

185 1383 398 1424 traneos
433 1376 826 1441 protegendam
856 1377 1077 1443 eiusque
1106 1379 1323 1442 negotia
1357 1379 1610 1443 gerenda.
1668 1377 1950 1428 Consentit
1977 1376 2098 1427 huic

186 1457 515 1507 conclusioni
565 1458 673 1508 fere
725 1470 1017 1525 perpetuus
1071 1461 1310 1510 omnium
1365 1460 1689 1527 populorum
1747 1478 1888 1511 usus.
1969 1460 2097 1510 Dixi

183 1540 233 1589 in
269 1541 467 1590 maiore
499 1542 824 1605 generatam.
883 1540 1024 1607 Quia
1052 1543 1103 1592 in
1138 1544 1480 1593 diiudicanda
1520 1543 1847 1594 institutione
1876 1542 2099 1593 naturali

184 1640 290 1673 non
331 1624 719 1674 attendendum
761 1634 841 1674 est
882 1627 950 1675 ad
993 1626 1072 1686 id,
1130 1626 1277 1692 quod
1322 1644 1416 1692 per
1455 1627 1732 1687 accidens,
1777 1626 1873 1676 sed
1915 1625 1983 1675 ad
2025 1625 2096 1686 id,

183 1706 333 1772 quod
375 1724 470 1772 per
509 1723 565 1756 se
606 1716 659 1757 et
700 1710 996 1773 generatim
1039 1710 1228 1759 evenit.

258 1805 424 1852 Prob.
463 1819 506 1852 2.
568 1804 832 1870 Regimen
863 1804 1089 1855 familiae
1119 1806 1227 1855 eius
1258 1805 1525 1856 fundatori
1566 1805 1967 1856 attribuendum
1997 1813 2092 1854 est.

182 1885 286 1936 Hic
337 1894 516 1936 autem
569 1895 650 1937 est
702 1887 1103 1953 paterfamilias,
1159 1889 1227 1938 ad
1277 1906 1436 1955 quem
1490 1906 1585 1954 per
1624 1906 1682 1938 se
1734 1895 1943 1954 spectat
1995 1887 2094 1936 sibi

181 1968 377 2034 eligere
419 1986 659 2020 uxorem.

182 2131 329 2186 475.
411 2121 587 2172 Sclml.
634 2138 682 2172 J.
763 2122 954 2173 Mulier
1004 2132 1183 2173 tamen
1237 2141 1344 2174 non
1397 2133 1476 2173 θεῖ
1528 2122 1743 2184 ancilla,
1798 2122 1894 2172 sed
1945 2122 2092 2172 socia

178 2204 295 2254 viri
333 2205 488 2271 eique
529 2205 711 2255 intime
741 2216 793 2255 et
822 2214 1085 2272 perpetuo
1127 2207 1306 2256 iuncta
1346 2215 1623 2272 tamquam
1652 2204 1818 2255 altera
1847 2221 1968 2271 pars
1994 2205 2089 2255 sui.

180 2286 310 2336 Ideo
339 2288 431 2337 viri
473 2289 761 2338 auctoritas
790 2288 1165 2338 benevolentia
1194 2289 1544 2355 temperanda
1574 2297 1669 2350 est,
1713 2288 1786 2338 ita
1813 2295 1885 2349 ut,
1930 2304 2092 2353 quan-

180 2380 292 2419 tum
333 2369 444 2419 fieri
484 2379 692 2436 potest,
745 2372 923 2421 omnia
965 2372 1236 2421 communi
1289 2371 1510 2422 consilio
1553 2377 1878 2438 peragantur
1929 2378 1983 2419 et
2022 2370 2092 2418 in-

179 2453 338 2502 terior
379 2453 573 2503 domus
614 2454 1000 2504 administratio
1042 2455 1335 2520 generatim
1378 2455 1532 2504 uxori
1574 2453 1913 2520 relinquatur.

180 2605 327 2671 476.
411 2606 587 2658 Schol.
631 2623 678 2657 2.
748 2608 919 2659 Patria
961 2616 1202 2675 potestas
1242 2609 1530 2659 illimimta
1572 2627 1675 2659 72072
1715 2616 1810 2669 est,
1850 2608 1945 2658 sed
1981 2615 2090 2658 tan—

178 2700 293 2740 tum
333 2699 509 2756 patet,
565 2699 820 2757 quantum
863 2693 974 2741 eius
1016 2691 1159 2753 finis,
1215 2692 1458 2741 nimirum
1511 2691 1790 2741 infantium
1838 2691 2089 2741 educatio

178 2782 231 2823 et
272 2773 407 2823 ordo
449 2774 790 2835 domesticus,
835 2773 1096 2840 postulat;
1148 2790 1286 2841 quae
1327 2774 1395 2823 ad
1437 2774 1582 2823 hunc
1623 2774 1785 2823 finem
1826 2790 1934 2824 non
1975 2790 2086 2839 per-

177 2856 360 2916 tinent,
405 2864 458 2904 et
498 2873 528 2905 a
570 2855 784 2905 fortiore
826 2873 962 2922 quae
1003 2857 1178 2906 eidem
1220 2865 1580 2923 opponuntur,
1623 2865 1900 2922 paternam
1941 2863 2090 2921 pote-

176 2946 370 2988 statem
411 2938 886 3003 transgrediuntur.
963 2939 1049 2988 Ex
1091 2957 1199 3005 quo
1242 2946 1392 3005 patet
1431 2938 1741 3005 parentibus
1781 2937 1937 2987 licere
1978 2937 2088 3003 qui-

179 3021 303 3070 dem
345 3020 496 3081 filios,
541 3020 699 3069 etiam
741 3021 982 3070 adhibita
1021 3022 1183 3086 virga,
1228 3022 1429 3087 punire,
1474 3038 1581 3070 non
1623 3030 1801 3070 tamen
1844 3018 2088 3069 mutilare

178 3112 269 3152 aut
310 3103 485 3168 capite
524 3101 759 3168 plectere
800 3102 878 3166 (S.
919 3103 1103 3153 Thone.
1151 3117 1197 3165 2,
1245 3117 1291 3164 2,
1337 3121 1387 3169 q.
1431 3104 1518 3166 65,
1561 3120 1606 3153 a.
1640 3116 1669 3151 2
1700 3102 1769 3151 ad
1800 3102 1867 3165 2).
1933 3100 2086 3150 Haec

178 3185 318 3234 enim
359 3202 535 3250 neque
563 3185 631 3234 ad
661 3185 1037 3235 educationem
1079 3185 1360 3235 conferunt
1401 3203 1574 3251 neque
1614 3185 1683 3235 ad
1713 3184 1955 3234 ordinem
1996 3183 2086 3232 do-

178 3267 458 3317 mesticum
500 3268 797 3317 necessaria
835 3274 975 3327 sunt,
1019 3285 1139 3317 cum
1181 3269 1231 3317 in
1274 3285 1399 3317 casu
1442 3267 1770 3317 necessitatis
1810 3265 1893 3316 vel
1922 3264 2085 3314 filium

179 3358 484 3415 protervum
540 3367 568 3399 e
610 3350 775 3399 domo
829 3349 1100 3415 expellere
1152 3349 1234 3399 vel
1289 3350 1659 3399 auctoritatem
1713 3347 1978 3414 publicam
2033 3347 2084 3395 in
