2182 3682
244 183 309 236 50
646 184 759 212 PARS
794 185 823 213 Ι.
874 184 1188 213 PHILOSOPHIA
1222 184 1425 213 MORALIS
1461 184 1741 213 GENERALIS.

309 329 460 378 Resp.
518 319 564 367 S.
611 321 816 368 leemas
850 323 879 369 1.
920 338 960 368 c.
999 330 1050 367 ut
1087 336 1235 382 saepe
1281 320 1400 367 alias
1449 320 1631 382 accipit
1677 320 2005 368 voluntarium
2052 336 2144 381 pro

231 396 392 443 libero
443 397 521 443 vel
573 405 719 458 prout
769 397 976 443 includit
1027 396 1249 443 liberum.
1322 395 1381 442 Id
1431 405 1566 457 patet
1618 411 1678 442 ex
1728 395 1836 457 ipso
1897 403 2144 443 contextu.

228 470 523 518 Immediate
561 479 707 518 antea
744 472 935 518 dixerat
960 472 987 518 l.
1017 484 1082 517 c.:
1127 470 1206 517 «Si
1242 471 1482 532 accipitur
1518 470 1682 531 passio
1709 469 1982 518 secundum
2008 470 2144 531 quod

227 545 483 608 praecedit
520 557 682 593 actum
721 545 928 607 peccati,
970 545 1038 593 sic
1076 560 1282 592 necesse
1320 554 1392 592 est
1424 546 1560 606 quod
1587 544 1827 592 diminuat
1851 553 2141 606 peccatum3

227 628 362 667 actus
401 620 532 666 enim
571 621 619 666 in
657 629 846 667 tantum
885 629 956 667 est
993 629 1281 681 peccatum,
1320 620 1370 666 in
1409 628 1646 680 quantum
1683 629 1756 667 est
1790 619 2137 667 voluntarius.»

226 695 374 742 Ratio
413 711 499 742 cur
535 696 698 757 passio
735 696 1040 742 antecedens
1077 695 1317 743 diminuat
1349 703 1625 756 peccatum,
1665 704 1738 742 est
1774 695 1890 756 quia
1915 694 2142 741 diminuit

226 770 519 817 libertatem.
593 770 708 829 Quo
746 770 935 818 maiore
973 769 1179 817 libidine
1219 766 1585 831 (antecedente)
1624 769 1800 831 aliquis
1836 778 2041 831 peccat,
2080 785 2140 816 eo

224 844 385 892 minus
422 854 613 906 peccat.

960 931 987 986 g
1022 945 1058 985 3.
1110 933 1190 972 DE
1225 934 1400 974 METU.

508 1027 671 1081 (Ar-ist„
707 1031 803 1070 Eth.
839 1031 863 1070 l.
902 1042 939 1081 3,
977 1045 1011 1071 c.
1052 1042 1085 1071 Ι.
1153 1032 1193 1069 S.
1236 1032 1378 1070 leom.
1420 1041 1452 1078 I,
1490 1041 1527 1078 2,
1564 1045 1603 1083 q.
1639 1031 1677 1079 6,
1713 1045 1749 1070 a.
1785 1028 1848 1082 6.)

227 1131 330 1195 48.
410 1132 592 1183 sllez‘us
626 1142 705 1183 est
733 1134 1027 1199 trepidatio
1055 1134 1232 1183 animi
1259 1134 1319 1183 ab
1348 1133 1553 1183 malum
1570 1132 1938 1198 probabiliter
1965 1133 2138 1185 immi-

219 1233 363 1265 nens.
426 1215 692 1265 Dividitur
741 1230 781 1266 Ι.
825 1216 877 1265 in
919 1216 1264 1265 2'722‘1‘2‘7zsc’cum
1307 1224 1360 1265 et
1401 1215 1773 1266 extrinsecmn.
1842 1215 1990 1266 Prior
2037 1224 2132 1279 est,

221 1298 309 1363 qui
361 1314 390 1347 a
431 1315 592 1348 causa
632 1298 935 1348 necessario
977 1306 1167 1363 agcm‘e
1207 1298 1317 1347 sive
1359 1298 1659 1348 extrinseca
1699 1297 1809 1347 sive
1849 1297 2135 1350 intrinseca

220 1381 495 1446 procedit;
540 1381 819 1447 posterior,
864 1380 952 1446 qui
993 1397 1021 1430 a
1065 1397 1225 1430 causa
1265 1380 1442 1430 libera
1482 1381 1765 1443 incutitur;

298 1476 343 1512 2.
388 1463 440 1512 in
474 1480 710 1528 gravem
752 1471 805 1512 et
845 1463 1031 1512 levem.
1115 1461 1304 1513 Gravis
1345 1471 1440 1524 est,
1485 1463 1575 1528 qui
1615 1463 1778 1513 oritur
1819 1463 1890 1513 ob
1931 1462 2130 1514 malum

223 1545 504 1595 imminens
557 1563 745 1612 grave,
801 1546 830 1596 i.
876 1563 919 1595 e.
965 1544 1097 1607 tale,
1152 1545 1298 1612 quod
1342 1546 1503 1596 etiam
1543 1546 1713 1595 virum
1756 1544 1949 1596 fortem
1991 1563 2134 1596 com-

218 1644 435 1677 movere
475 1628 672 1689 soleat,
715 1646 763 1679 v.
808 1645 857 1693 g.
903 1637 1078 1678 metus
1119 1628 1331 1689 mortiS‚
1374 1629 1607 1678 iacturae
1647 1627 1893 1690 honoris3
1936 1628 2132 1694 quodsi

219 1709 416 1759 malum
458 1710 714 1776 exiguum
756 1718 837 1761 est
876 1719 967 1760 aut
1009 1727 1172 1776 grave
1213 1711 1457 1776 quidem,
1501 1710 1597 1760 sed
1638 1727 1747 1760 non
1787 1711 1885 1760 nisi
1926 1719 2131 1760 remote

217 1792 515 1854 imminens,
559 1802 733 1842 metus
759 1802 982 1843 vocatur
1022 1793 1174 1854 levis,
1219 1794 1309 1859 qui
1349 1792 1525 1843 solum
1554 1792 1829 1842 hominem
1859 1792 2130 1843 meticulo-

220 1891 337 1924 sum
379 1892 597 1925 movere
638 1876 822 1942 possit.
1449 1892 1451 1894 ’

291 1957 471 2007 Metus
537 1966 718 2024 potest
784 1975 901 2008 esse
960 1958 1135 2023 gravis
1197 1958 1458 2019 relall've,
1526 1956 1618 2008 scl.
1682 1956 1866 2008 habita
1924 1959 2128 2009 ratione

217 2040 422 2101 aetatis,
462 2057 638 2102 sexus,
683 2040 1075 2107 complexionis
1115 2057 1479 2107 personarum.
1548 2039 1641 2090 Ad
1677 2049 1880 2091 metum
1909 2058 2128 2107 gravem

216 2131 497 2172 revocatur
553 2132 753 2184 metus,
809 2124 901 2189 qui
953 2124 1143 2173 dicitur
1198 2121 1579 2183 reverentialis,
1639 2139 1748 2188 quo
1805 2123 1921 2189 quis
1976 2124 2128 2174 timet

217 2222 434 2271 gravem
488 2211 541 2255 et
582 2206 885 2255 diuturnam
927 2205 1158 2255 hominis
1198 2205 1515 2256 auctoritate
1554 2203 1807 2271 pollentis
1847 2205 2124 2266 offensam,

217 2295 275 2336 ut
315 2288 479 2353 patris
520 2296 767 2354 respectu
808 2286 1110 2338 liberorum.

289 2369 463 2420 Probe
513 2369 951 2435 distinguendum
995 2378 1075 2420 est
1117 2371 1173 2421 τὸ
1214 2386 1376 2435 agere
1416 2386 1486 2419 ex
1524 2377 1670 2418 metu
1712 2377 1766 2419 et
1805 2386 1920 2420 cum
1959 2378 2123 2420 metu.

214 2451 323 2501 Fur
375 2452 574 2502 furatur
625 2470 746 2502 curn
799 2461 973 2514 metu,
1029 2470 1136 2502 non
1189 2469 1258 2501 ex
1309 2460 1483 2512 metu,
1538 2451 1635 2500 nisi
1686 2450 1822 2501 forte
1862 2451 2017 2501 minis
2055 2451 2125 2501 ad

217 2533 498 2584 furandum
540 2534 859 2601 impellatur.

943 2674 1212 2723 THESIS
1249 2675 1397 2721 V111.

217 2783 319 2835 49·
404 2780 567 2828 Actio
595 2795 660 2827 ex
685 2780 805 2828 solo
834 2786 991 2827 metu
1017 2779 1202 2841 posita
1228 2786 1314 2827 est
1337 2778 1653 2826 voluntaria
1678 2777 2010 2838 simpliciter
2026 2772 2121 2836 (1);

216 2861 271 2901 et
296 2854 574 2902 ordinarie
600 2854 840 2915 positive
866 2854 1242 2902 involuntaria
1267 2855 1586 2901 secundum
1613 2852 1746 2914 quid
1772 2848 1894 2912 (11);
1934 2858 2122 2899 metus

214 2943 384 2989 porro
422 2929 788 2990 quantumvis
825 2929 1037 2990 gravis,
1077 2928 1349 2990 quamdiu
1387 2928 1618 2976 rationis
1655 2940 1826 2974 usum
1865 2940 1980 2974 non
2016 2925 2119 2973 im-

213 3002 383 3063 pedit,
424 3018 537 3051 non
575 3004 719 3051 tollit
755 3003 1000 3051 liberum
1039 3001 1179 3062 (111).

289 3115 455 3162 Prob.
533 3113 679 3163 Pars
718 3114 761 3163 J.
828 3113 1205 3164 Voluntarium
1245 3112 1553 3179 simpliciter
1593 3111 1662 3175 (n.
1705 3125 1788 3175 33,
1833 3112 1886 3174 6>
1928 3117 2009 3161 est
2047 3110 2117 3170 id,

214 3196 362 3261 quod
390 3195 638 3245 voluntas
679 3196 928 3245 omnibus
970 3195 1316 3245 consideratis
1356 3195 1441 3244 hic
1483 3203 1536 3244 et
1575 3210 1716 3243 nunc
1746 3194 1814 3243 de
1842 3192 1984 3243 facto
2013 3208 2118 3241 am-
2181 3212 2182 3215 ¹

212 3277 477 3343 plectitur.
557 3277 729 3343 Atqui
765 3277 870 3327 hoc
910 3276 1052 3327 valet
1104 3277 1172 3327 de
1223 3278 1434 3327 actione
1480 3292 1511 3326 a
1549 3275 1825 3326 voluntate
1865 3292 1933 3324 ex
1974 3280 2118 3323 metu

214 3360 405 3424 posita.
485 3359 640 3425 Ergo
686 3401 693 3409 .
741 3401 748 3409 .
