2182 3682
215 169 314 219 168
544 180 547 181 ⁷
615 179 729 208 PARS
764 179 793 210 1.
843 180 1161 210 PHILOSOPHIA
1196 181 1400 211 MORALIS
1435 182 1714 213 GENERALIS.

279 314 437 364 Proh.
482 315 611 365 min.
680 315 947 367 Voluntas
989 326 1178 383 utpote
1219 317 1441 368 facultas
1482 335 1643 370 caeca
1680 319 1858 370 solum
1897 329 2119 372 eatenus

204 403 386 462 potest
427 396 630 447 bonum
660 397 833 448 facere
862 407 915 449 et
941 398 1143 449 malum
1170 400 1350 461 vitare,
1394 409 1655 467 quantum
1682 418 1713 452 a
1738 418 1797 452 se
1825 402 2113 469 dependet,

2173 0 2182 236 1

2177 269 2182 498 l

206 487 467 544 quatenus
507 497 565 530 se
606 479 909 530 conformat
950 482 1222 531 dictamini
1274 483 1491 532 rationis
1532 492 1679 534 certo
1719 483 1920 550 aliquid
1970 502 2117 552 prae·
2181 499 2182 519 ³

205 560 449 627 cipientis
488 561 572 612 vel
625 561 974 628 prohibentis.
1055 563 1275 613 Bonitas
1316 565 1457 614 enim
1499 572 1552 615 et
1591 565 1790 616 malitia
1829 565 2117 618 voluntatis

202 643 405 709 pendet
444 644 512 693 ab
555 644 785 705 obiecto,
829 662 937 694 non
978 653 1139 711 prout
1178 644 1308 696 illud
1348 647 1398 696 in
1428 664 1485 697 se
1519 654 1615 709 est,
1664 649 1759 698 sed
1802 657 1960 714 prout
1999 650 2047 699 ei
2087 667 2118 699 a

203 726 406 775 ratione
459 726 790 791 proponitur.
874 725 929 777 Si
971 744 1100 793 ergo
1139 727 1389 778 voluntas
1441 728 1780 796 amplectitur
1827 731 2113 793 obiectum,

202 807 349 873 quod
402 807 533 857 ratio
588 808 635 857 ei
675 816 822 858 certo
878 810 1134 875 proponit
1185 818 1243 859 ut
1295 809 1518 873 malum,
1577 811 1637 862 fit
1686 811 1853 874 mala,
1909 812 2116 863 etiamsi

201 889 455 940 iudicium
495 891 561 940 sit
602 896 911 954 erroneum;
956 900 1009 941 et
1048 891 1193 941 idem
1235 891 1520 943 dicendum
1564 894 1633 944 de
1674 894 1838 946 bon0.

281 986 483 1039 Ceroll.
564 989 705 1056 Quia
760 991 983 1057 quisque
1039 993 1396 1043 conscientiae
1452 993 1674 1043 ductum
1728 995 1880 1060 sequi
1936 994 2114 1056 debet,

200 1079 408 1122 tenetur
448 1072 608 1121 etiarn
649 1073 956 1139 prospicere
998 1074 1309 1124 rectitudini
1347 1076 1723 1138 conscientiae,
1768 1085 2026 1143 quantum
2065 1077 2118 1126 in

198 1171 256 1203 se
297 1162 391 1215 est,
434 1154 666 1220 ideoque
707 1155 756 1219 a)
799 1155 975 1206 officia
1003 1173 1099 1206 sua
1140 1165 1252 1206 tum
1281 1158 1586 1208 communia
1625 1165 1740 1208 tum
1780 1158 2117 1225 particularia

198 1253 322 1286 cum
373 1253 436 1286 ea
484 1235 719 1287 sollertia
769 1238 1115 1304 investigare,
1171 1256 1311 1305 quae
1363 1240 1551 1301 aetati,
1605 1242 1765 1291 statui
1817 1242 2114 1308 ceterisque

197 1319 337 1369 vitae
377 1318 785 1369 condicionibus
827 1320 1178 1386 respondeat3
1223 1322 1279 1386 b)
1321 1321 1598 1388 speciatim
1634 1323 1812 1385 debet,
1857 1340 1979 1374 cum
2008 1324 2113 1374 ani-

200 1418 348 1450 mum
400 1401 665 1451 dubitatio
708 1402 776 1451 de
819 1403 1042 1452 actionis
1094 1402 1376 1453 honestate
1416 1405 1586 1466 subit,
1641 1405 1693 1455 in
1745 1404 1866 1472 lege
1904 1406 2109 1456 investi·

199 1484 379 1548 ganda
431 1492 484 1532 et
535 1482 858 1550 applicanda
910 1502 1028 1534 eam
1081 1485 1411 1551 diligentiam
1464 1486 1747 1550 adhibere,
1803 1504 1964 1554 quam
2015 1505 2113 1551 res,

202 1574 430 1632 tempus,
474 1566 625 1626 vireS‚
670 1575 845 1617 cetera
887 1567 1137 1617 adiuncta
1178 1569 1462 1634 requirunt.

199 1717 346 1769 203·
409 1722 510 1763 Obi.
545 1736 578 1762 ι.
625 1716 946 1764 Conscientia
977 1731 1080 1763 non
1106 1717 1308 1778 obligat,
1346 1716 1439 1764 nisi
1467 1727 1707 1779 quatenus
1732 1717 1926 1766 intimat
1949 1720 2112 1781 legem

194 1806 378 1838 veram.
449 1790 603 1851 Atqui
636 1791 940 1839 conscientia
978 1806 1189 1839 erronea
1224 1808 1327 1839 non
1362 1791 1556 1839 intimat
1591 1793 1754 1855 legem
1790 1809 1986 1854 veram,
2025 1795 2113 1843 sed

196 1867 354 1912 solum
391 1863 727 1913 existimatam.
800 1866 939 1926 Ergo
975 1882 1079 1913 non
1116 1866 1315 1928 obligat.

274 1971 425 2018 Resp.
494 1963 625 2010 Dz‘st.
664 1964 805 2010 masss:
852 1962 1173 2010 Conscientia
1220 1978 1323 2010 non
1372 1963 1582 2025 obligat,
1632 1964 1727 2012 nisi
1767 1973 2008 2026 quatenus
2042 1966 2112 2012 in-

195 2036 334 2084 timat
369 2039 533 2100 legem
568 2053 737 2085 veram
772 2038 849 2084 vel
886 2039 1220 2084 antecedentem
1268 2048 1315 2085 et
1350 2046 1446 2101 per
1477 2055 1525 2085 se
1560 2039 1864 2100 obligantem
1900 2041 1980 2088 vel
2013 2055 2113 2088 con-

194 2119 452 2173 sequentem
499 2122 546 2161 et
584 2121 677 2175 per
710 2113 915 2159 accidens
955 2113 1285 2174 obligantem,
1336 2129 1452 2161 conc.
1471 2152 1483 2170 ,
1533 2116 1691 2161 solum
1728 2115 2110 2162 antecedentem

196 2196 244 2234 et
290 2203 380 2249 per
427 2203 479 2236 se
527 2189 856 2249 obligantem‚
906 2203 1034 2247 nege.
1113 2188 1399 2235 Contradz'st.
1438 2190 1548 2235 min.
1588 2195 1634 2235 et
1669 2205 1783 2249 nege
1817 2205 1935 2236 cens.
2006 2191 2112 2237 Lex

197 2262 498 2310 antecedens
536 2272 583 2310 et
618 2261 796 2324 perse
834 2262 1060 2323 obligans
1098 2271 1194 2310 est:
1234 2263 1350 2309 Non
1385 2263 1665 2324 mentieri53
1702 2263 1790 2311 sed
1827 2264 1867 2310 si
1900 2263 2007 2325 quis
2042 2263 2112 2311 in-

194 2336 491 2385 vincibiliter
526 2338 575 2384 in
613 2337 779 2399 aliquo
818 2353 934 2384 casu
969 2337 1211 2385 iudicaret
1235 2337 1327 2384 sibi
1351 2337 1708 2396 mentiendum,
1747 2346 2112 2400 consequenter

195 2411 259 2458 ad
295 2413 426 2459 hunc
464 2428 683 2460 errorem
722 2421 850 2459 esset
886 2412 1130 2473 obligatus
1165 2413 1212 2459 vi
1249 2412 1396 2474 legis:
1445 2413 1602 2460 devita
1636 2414 1839 2470 malum,
1883 2419 2111 2475 quantum

195 2488 245 2532 in
280 2492 323 2533 te
358 2494 436 2535 est.

277 2590 378 2631 Obi.
413 2603 456 2630 2.
526 2584 575 2630 Si
627 2583 822 2644 obligor
873 2599 952 2630 me
1005 2583 1321 2630 conformare
1375 2583 1709 2632 conscientiae
1762 2584 2111 2633 invincibiliter

196 2672 463 2715 erroneae,
514 2657 732 2719 sequitur
768 2659 931 2706 Deum
980 2673 1059 2705 me
1108 2657 1329 2718 obligare
1379 2659 1442 2705 ad
1481 2667 1757 2720 peccatum.
1828 2659 1983 2720 Atqui
2013 2659 2111 2706 hoc

196 2742 451 2793 repugnat.
523 2733 661 2792 Ergo
690 2770 698 2779 .
730 2771 737 2779 .
769 2772 776 2780 .

272 2838 423 2887 Resp.
491 2830 623 2876 Dist.
662 2831 804 2876 mai.:
850 2828 1078 2890 Sequitur
1126 2830 1289 2876 Deum
1338 2844 1418 2876 me
1468 2829 1689 2891 obligare
1737 2831 1802 2877 ad
1848 2838 2109 2893 peccatum

183 2904 415 2964 formale,
454 2919 582 2964 nege,
622 2905 685 2951 ad
710 2913 971 2966 peccatum
997 2905 1256 2960 illateriale,
1294 2905 1481 2952 subdist.
1500 2922 1514 2951 .·
1548 2905 1799 2952 voluntate
1825 2905 2113 2952 antecedente

196 2974 433 3039 (errorem
470 2975 676 3040 meum),
715 2994 844 3039 nege,
883 2985 1201 3039 consequente,
1239 2979 1268 3026 i.
1307 2994 1349 3026 e.
1389 2988 1753 3040 consequenter
1789 2979 1854 3026 ad
1890 2994 2110 3027 errorem

199 3067 364 3099 meum
402 3070 430 3100 a
466 3054 578 3100 Deo
615 3053 923 3114 permissum,
963 3069 1079 3099 cene.

274 3134 468 3181 Eadem
505 3134 821 3181 distinctione
857 3134 985 3181 inter
1020 3136 1324 3182 voluntatem
1360 3135 1458 3183 Dei
1494 3136 1875 3183 antecedentem
1912 3143 1961 3184 et
1996 3151 2110 3183 con-

195 3218 487 3269 sequentem
535 3209 680 3256 facile
729 3209 875 3255 etiam
924 3210 1084 3256 solves
1124 3209 1462 3257 difficultatem
1499 3225 1558 3257 ex
1595 3225 1656 3257 eo
1693 3210 1924 3271 petitam,
1974 3210 2110 3272 quod

195 3282 450 3344 supposita
500 3283 804 3344 obligatione
856 3283 1099 3344 sequendi
1150 3283 1507 3331 conscientiam
1555 3299 1817 3332 erroneam
1865 3286 2000 3332 Deus
2046 3284 2110 3331 vi-

196 3356 369 3403 deatur
405 3357 546 3404 simul
582 3358 708 3404 velle
747 3366 795 3404 et
830 3358 978 3415 nolle,
1016 3365 1067 3404 ut
1103 3358 1265 3418 legem
1303 3358 1578 3405 observem.
