2182 3682
207 161 307 214 174
595 159 710 189 PARS
746 160 773 189 1.
824 159 1142 188 PHILOSOPHIA
1178 158 1380 187 MORALIS
1416 158 1695 188 GENERALIS.

196 295 567 362 probabilioris
621 296 944 346 intellexisse
1000 295 1333 362 opinionem,
1398 311 1535 361 quae
1583 295 1651 346 sit
1690 303 1830 345 cerlo
1870 303 1923 344 et
1957 303 2100 345 nota-

195 378 378 428 biliter
393 377 756 443 probabilior,
787 387 840 428 et
868 378 1137 445 putavisse
1164 378 1216 426 in
1245 376 1496 427 conflictu
1519 377 1846 443 opinionum,
1878 393 2101 442 quarum

196 477 301 509 una
340 461 407 510 sit
447 468 593 510 certo
635 468 688 510 et
727 459 1033 510 notabiliter
1085 458 1439 526 probabilior,
1494 459 1635 509 hanc
1675 476 1791 509 esse
1832 457 2102 508 moraliter

197 550 423 604 certam,
479 543 799 593 contrariam
838 559 964 592 vero
1016 542 1121 591 iam
1172 558 1281 591 non
1332 540 1504 591 solide
1544 540 1897 608 probabilem.
1978 540 2102 590 Hoc

195 641 354 674 sensu
409 623 679 674 intellecta
731 624 974 674 doctrina
1025 621 1077 673 S.
1128 622 1402 689 Alphonsi
1452 640 1561 672 non
1613 623 1854 673 continet
1903 639 2103 672 novum

195 715 432 772 systema
490 724 520 756 a
579 705 965 773 probabilismo
1022 704 1370 755 essentialiter
1425 705 1721 766 diversum,
1777 705 1875 755 sed
1930 703 2105 754 solum

196 787 468 855 quandam
509 789 927 838 coarctationem
969 788 1236 849 eiusdem,
1289 804 1395 854 qua
1436 787 1639 837 facilius
1679 787 1958 853 opiniones
1998 803 2106 837 non

195 869 365 921 solide
416 869 726 937 probabiles
767 870 835 920 ab
876 870 1072 920 eodem
1114 879 1372 920 arcentur.
1442 869 1512 919 Et
1552 878 1610 919 ut
1649 868 1833 936 regula
1872 869 2109 935 practica

198 970 294 1019 pro
336 970 434 1002 usu
475 951 842 1019 probabilismi
881 951 1015 1002 haec
1057 952 1299 1002 doctrina
1340 951 1547 1001 admitti
1582 959 1779 1018 potest.
1847 949 2108 1016 Quamvis

199 1034 340 1085 enim
380 1052 488 1084 non
528 1051 598 1084 eX
639 1043 909 1100 conceptu
951 1042 1242 1101 repugnet,
1301 1043 1360 1084 ut
1400 1051 1504 1084 una
1544 1034 1725 1100 opinio
1766 1034 1832 1083 sit
1873 1041 2018 1083 certe
2058 1040 2111 1082 et

200 1117 474 1167 evidenter
523 1116 853 1183 probabilior
905 1125 958 1166 et
1009 1115 1351 1167 nihilominus
1402 1116 1654 1182 opposita
1706 1115 1886 1182 opinio
1936 1114 2111 1164 adhuc

203 1206 416 1249 maneat
453 1216 577 1248 vere
629 1198 949 1265 probabiliS,
1004 1208 1183 1248 tamen
1226 1198 1294 1248 de
1336 1198 1478 1248 facto
1520 1197 1624 1248 hoc
1665 1198 1791 1247 satis
1832 1214 1949 1247 raro
1991 1213 2111 1247 con·

202 1282 387 1347 tinget,
431 1282 504 1331 ita
543 1288 600 1331 ut
639 1298 737 1347 pro
779 1281 931 1347 praxi
972 1282 1107 1330 inter
1147 1280 1284 1330 hanc
1327 1280 1626 1330 doctrinam
1667 1278 1720 1330 S.
1751 1278 2023 1346 Alphonsi
2061 1287 2114 1329 et

208 1380 397 1413 sanum
445 1362 887 1429 probabilismum
926 1363 1017 1412 vix
1070 1362 1175 1412 ulla
1226 1363 1291 1412 sit
1343 1362 1638 1412 differentia
1677 1361 1765 1426 (cf.
1810 1361 1878 1411 de
1919 1362 2019 1411 hac
2059 1378 2114 1411 re

207 1444 295 1494 Dc
328 1444 537 1510 Caigny
571 1443 635 1495 O.
681 1444 732 1495 S.
765 1445 842 1506 B.‚
886 1445 971 1494 De
1013 1445 1229 1511 gemino
1271 1443 1656 1510 probabilismo
1699 1443 1856 1494 licito.
1925 1442 2116 1509 Brugis
2181 1494 2182 1497 ,

215 1528 389 1591 1901).
414 1557 485 1562 —-
506 1525 705 1592 Quoad
740 1527 1039 1577 doctrinam
1062 1525 1114 1577 S.
1137 1525 1408 1592 Alphonsi
1437 1526 1505 1576 de
1528 1526 1682 1576 dubio
1703 1526 1885 1576 stricto
1907 1534 2118 1592 praeter
2181 1509 2182 1528 l

206 1626 290 1670 ea,
334 1626 472 1675 quae
510 1610 614 1658 iam
654 1626 815 1675 supra
856 1610 925 1673 (n.
972 1609 1097 1672 206)
1141 1608 1387 1670 diximuS‚
1431 1607 1565 1658 haec
1606 1615 1749 1658 nota.
1817 1606 2009 1672 Agens
2050 1607 2118 1656 de

205 1709 361 1742 sensu
402 1692 670 1758 principii:
731 1690 819 1741 lex
861 1691 1025 1741 dubia
1065 1708 1173 1741 non
1215 1691 1446 1757 obligat,
1506 1690 1721 1740 nomine
1765 1689 1912 1740 dubii
1952 1689 2119 1740 stricti

205 1791 312 1824 non
353 1772 613 1839 intellegit
640 1772 816 1823 solum
863 1782 1091 1823 «statum
1134 1774 1325 1823 mentis
1366 1772 1513 1822 nullo
1553 1772 1721 1823 modo
1762 1771 2112 1833 assentientis‚

203 1856 300 1906 sed
352 1855 643 1922 aequaliter
694 1873 750 1906 se
802 1855 1048 1905 habentis
1102 1856 1170 1905 ad
1224 1856 1537 1922 opposita»,
1593 1862 1651 1905 ut
1700 1854 1832 1905 falso
1875 1860 2116 1904 asserunt

203 1937 758 2005 aequiprobabilistae,
802 1938 897 1988 sed
940 1939 1099 1988 etiam
1142 1938 1467 2004 opinionem,
1512 1954 1647 2003 quae
1688 1954 1796 1987 non
1832 1937 1898 1986 sit
1923 1935 2111 1986 saltem

209 2019 318 2070 lato
360 2020 600 2086 quodam
640 2037 799 2070 sensu
837 2019 1106 2069 moraliter
1134 2028 1292 2070 certa.
1361 2019 1507 2085 Erga
1535 2018 1716 2085 opinio
1744 2019 1924 2069 stricte
1953 2018 2118 2068 dubia

213 2120 283 2152 ex
333 2103 444 2152 eius
496 2111 675 2152 mente
727 2103 1016 2168 opponitur
1068 2120 1137 2152 ex
1188 2118 1293 2151 una
1345 2108 1494 2168 parte
1546 2101 1782 2167 opinioni
1831 2100 2120 2150 moraliter

212 2192 414 2245 certae,
458 2201 526 2234 ex
566 2183 732 2234 altera
773 2184 1010 2250 opinioni
1049 2184 1277 2234 [maniter
1316 2192 1411 2233 alst
1447 2183 1602 2233 dubie
1629 2182 1926 2249 probabili.
2007 2181 2117 2232 Au-

213 2266 423 2316 diantur
473 2267 588 2332 ipsa
628 2266 740 2316 eius
768 2266 958 2316 verba:
1021 2266 1196 2315 «Dum
1239 2266 1419 2332 opinio
1460 2283 1558 2332 pro
1600 2265 1721 2332 lege
1762 2273 1842 2317 est
1883 2274 2026 2316 certe
2066 2272 2119 2314 et

211 2348 322 2398 sine
351 2347 455 2398 ulla
495 2349 846 2398 haesitatione
887 2348 1230 2415 probabilior,
1275 2357 1402 2398 tunc
1444 2348 1624 2414 opinio
1665 2346 1753 2398 illa
1791 2365 1900 2397 non
1940 2355 2119 2414 potest

213 2447 329 2480 esse
381 2431 478 2480 nisi
529 2430 835 2480 notabiliter
885 2430 1229 2497 probabilior.
1310 2430 1379 2480 Et
1434 2447 1498 2479 eo
1552 2447 1676 2480 casu
1729 2430 1910 2496 opinio
1958 2430 2121 2479 tutior

213 2529 320 2562 non
361 2513 457 2562 erit
497 2513 601 2562 iam
643 2513 807 2562 dubia
847 2512 1120 2578 (intellege
1161 2512 1229 2562 de
1271 2512 1425 2562 dubio
1465 2512 1647 2562 stricte
1686 2520 1918 2577 smmpto,
1972 2520 2030 2561 ut
2068 2512 2120 2561 in

213 2593 376 2644 altera
417 2595 731 2661 quaestione
773 2595 1059 2658 dicemus),
1102 2594 1199 2644 sed
1241 2603 1321 2644 est
1363 2595 1651 2644 llloralz'ler
1691 2603 1785 2644 ant
1823 2594 1983 2660 quasi
2018 2611 2120 2644 mo-

216 2676 413 2726 raliter
453 2685 625 2738 certa,
678 2677 872 2727 sallem
912 2677 1095 2742 nequit
1131 2676 1241 2726 diez·
1278 2676 1515 2742 amplius
1559 2677 1740 2726 stricte
1780 2676 1964 2738 dubia,
2007 2693 2121 2726 cum

202 2767 311 2823 pro
351 2776 407 2808 se
447 2768 645 2809 certum
687 2759 887 2809 babeat
908 2759 1346 2824 fimdamenz‘mlt,
1388 2759 1532 2824 quod
1566 2758 1685 2824 zpsa
1725 2759 1800 2809 sit
1835 2776 1984 2809 vera.
2053 2758 2122 2808 Et

214 2850 342 2890 tunc
394 2840 479 2902 fit,
538 2841 685 2907 quod
738 2842 919 2907 opinio
973 2842 1145 2890 minus
1197 2849 1335 2901 tuta,
1391 2858 1529 2907 quae
1582 2848 1729 2891 certo
1771 2840 2121 2891 fundamento

215 2931 384 2983 caret,
439 2930 710 2973 remaneat
757 2932 849 2973 aut
889 2922 1118 2973 tenuiter
1157 2931 1252 2972 ant
1287 2922 1481 2972 sallem
1521 2922 1675 2972 dubie
1701 2923 2012 2989 probabilis
2050 2938 2123 2972 re-

213 3013 403 3070 spectu
446 3005 675 3066 tutioris;
728 3005 976 3071 adeoque
1017 3022 1124 3054 non
1166 3012 1246 3055 est
1285 3004 1585 3071 prudentia,
1628 3005 1724 3054 sed
1765 2995 2122 3071 imprudentia

214 3085 350 3135 velle
392 3103 510 3136 eam
552 3086 834 3152 amplecti»
883 3085 1109 3151 (Morale
1149 3094 1385 3152 systema
1413 3104 1461 3136 n.
1511 3087 1593 3150 56.
1664 3086 1742 3137 Cf.
1773 3086 2044 3137 Arendtl.
2076 3102 2118 3136 c.

217 3186 267 3233 p.
313 3181 411 3231 29;
455 3167 534 3217 Le
572 3168 849 3230 Baclcelet,
892 3168 974 3217 La
1015 3169 1262 3234 question
1303 3169 1665 3234 Liguorienne
1706 3187 1757 3235 p.
1803 3169 1945 3234 202).

222 3255 368 3308 208·
452 3273 553 3313 Obi.
588 3286 622 3312 1.
688 3267 763 3314 Ex
802 3264 1107 3327 praemissis,
1159 3280 1366 3326 quarum
1402 3280 1500 3311 una
1537 3274 1609 3312 est
1645 3266 1803 3313 solum
1838 3263 2123 3327 probabilis,

219 3338 438 3399 sequitur
471 3348 658 3386 tantum
697 3339 950 3386 conclusio
987 3339 1273 3400 probabilis.
1328 3339 1482 3401 Atqui
1513 3340 1716 3400 quando
1751 3340 1830 3387 lex
1866 3347 1938 3387 est
1961 3337 2124 3396 dubia,
