2182 3682
469 183 558 212 Lm.
591 183 619 212 1.
666 183 765 212 CAP.
801 183 861 212 IV.
908 183 970 211 DE
1005 182 1115 210 IURE
1151 182 1500 212 PROPRIETATIS.
1831 184 1933 237 307

43 318 184 368 bona
222 333 316 366 sua
353 318 642 367 succedere
680 316 819 367 velit.
901 315 957 366 Si
997 315 1149 365 heres
1200 316 1251 364 in
1292 323 1611 367 testamento
1640 316 1935 383 obligatur,

41 406 99 449 ut
136 398 367 464 aliquam
407 407 613 464 partem
654 397 959 448 hereditatis
1007 396 1091 446 alii
1131 397 1332 458 tradat,
1386 398 1518 448 haec
1558 415 1681 464 pars
1720 407 1939 449 vocatur

41 481 277 546 legatum
292 500 310 543 ,·
358 481 416 547 β)
458 480 673 530 donatio
726 479 915 529 merlis
965 496 1157 540 causa,
1210 495 1347 544 quae
1399 488 1452 529 et
1499 497 1528 529 a
1580 479 1757 544 legato
1810 488 1863 530 et
1910 498 1940 530 a

42 563 330 613 donatione
379 562 514 611 inter
555 562 701 611 vivos
751 561 1102 626 distinguitur.
1183 560 1421 610 Donatio
1463 561 1603 611 inter
1639 562 1793 611 vivos
1842 569 1937 622 est,

41 646 83 695 si
123 644 239 710 quis
273 660 383 693 rern
422 645 498 694 sic
538 643 719 704 donat,
763 644 871 692 sive
911 644 962 692 in
996 651 1316 692 testamento
1356 644 1465 692 sive
1506 651 1657 692 extra
1697 642 1841 703 illud,
1884 652 1941 692 ut

41 726 166 777 velit
206 725 450 775 absolute
490 742 608 775 eam
649 742 765 775 esse
805 726 856 774 in
899 725 1136 774 dominio
1179 723 1404 774 alterius.
1473 724 1711 774 Donatz'o
1752 725 1943 774 77207‘2‘2'5

43 825 204 860 causa
253 807 501 868 habetur,
556 824 678 857 cum
720 807 836 873 quis
887 807 960 857 sic
1013 807 1205 867 donat,
1262 815 1319 856 ut
1371 823 1479 856 rem
1533 823 1638 856 non
1679 806 1804 856 velit
1856 807 1942 856 ab-

41 890 214 941 solute
254 896 308 939 et
346 888 756 939 irrevocabiliter
796 906 911 939 esse
951 888 1164 938 alterius
1216 889 1312 938 nisi
1352 896 1476 954 post
1517 896 1744 938 mortem
1794 905 1942 938 suam

43 972 370 1036 (donatoris).
453 970 507 1022 Si
558 972 713 1036 igitur
764 972 1068 1021 donatarius
1123 970 1377 1020 moriatur
1431 978 1553 1020 ante
1610 971 1941 1031 donatorem,

44 1054 261 1104 donatio
309 1054 556 1104 effectum
609 1071 716 1103 non
757 1053 934 1104 habet.
1017 1052 1347 1119 Supponitur
1387 1061 1565 1102 autem
1605 1053 1743 1102 hanc
1784 1053 1944 1103 dona-

41 1137 244 1186 tionem
284 1153 314 1185 a
355 1136 631 1186 donatario
684 1136 950 1202 acceptari
992 1153 1085 1201 per
1125 1152 1181 1185 se
1227 1134 1310 1184 vel
1358 1152 1453 1200 per
1493 1134 1666 1185 alium.
1747 1134 1945 1184 Nihilo-

45 1218 216 1267 minus
275 1226 455 1267 manet
510 1218 821 1268 revocabilis
877 1225 930 1267 et
984 1218 1034 1266 in
1090 1217 1194 1266 hoc
1255 1217 1503 1266 convenit
1558 1233 1679 1266 curn
1735 1215 1942 1283 legato;

43 1317 150 1350 non
190 1307 370 1349 tamen
412 1301 523 1350 eius
562 1300 710 1350 valor
750 1301 949 1367 pendet
991 1317 1020 1350 a
1060 1297 1240 1349 valore
1281 1299 1607 1360 testamenti,
1658 1307 1710 1348 et
1749 1299 1801 1348 in
1841 1298 1946 1348 hoc

44 1383 218 1432 differt
246 1399 275 1432 a
303 1381 498 1447 legato,
544 1383 689 1449 quod
719 1391 993 1449 tamquam
1026 1382 1382 1432 accessorium
1412 1399 1441 1431 a
1469 1380 1744 1447 principali
1771 1381 1945 1445 (testa-

44 1464 247 1528 mento)
289 1464 586 1530 dependet,

118 1547 174 1610 b)
215 1546 282 1596 ab
323 1547 581 1596 intestato.
659 1544 938 1597 Successio
980 1547 1048 1596 ab
1090 1547 1341 1596 intestato
1382 1546 1623 1606 habetur,
1668 1563 1790 1595 cum
1832 1546 1948 1611 quis

43 1629 154 1679 sine
188 1637 508 1679 testamento
550 1630 784 1689 moritur,
829 1638 881 1679 et
914 1629 1025 1678 eius
1066 1628 1213 1678 liberi
1241 1627 1323 1678 vel
1359 1628 1645 1694 propinqui
1686 1628 1802 1693 ipso
1839 1627 1948 1676 iure

48 1712 158 1761 eius
197 1710 422 1761 heredes
462 1710 609 1761 fiunt.

51 1827 195 1891 396.
279 1843 325 1894 3.
376 1829 579 1879 Primus
618 1829 998 1895 Rtfendorfius
1047 1829 1151 1893 (De
1203 1829 1312 1878 iure
1364 1836 1468 1878 nat.
1525 1837 1576 1878 et
1629 1837 1771 1893 gent.
1823 1825 1853 1877 l.
1897 1841 1948 1889 4,

48 1928 91 1961 c.
137 1913 188 1976 3)
239 1912 290 1961 in
339 1912 562 1962 dubium
602 1912 838 1972 vocavit,
893 1929 1021 1961 num
1072 1912 1393 1961 successioni
1445 1911 1792 1960 hereditariae
1843 1909 1950 1974 (ex-

49 2002 205 2059 cepta
254 1995 590 2045 successione
641 1994 709 2044 ab
750 1995 1020 2058 intestato>
1069 2011 1137 2043 ex
1188 1994 1298 2043 iure
1350 1992 1569 2043 naturali
1609 1993 1686 2042 vis
1738 1992 1952 2041 iuridica

49 2084 404 2143 competeret;
448 2086 571 2142 post
611 2078 783 2143 ipsum
824 2077 983 2127 etiam
1025 2076 1202 2142 plures
1237 2077 1487 2126 doctores
1529 2074 1775 2125 catholici
1815 2073 1952 2124 hanc

47 2159 155 2208 vim
206 2158 500 2209 naturalem
551 2159 847 2224 negabant3
906 2158 1068 2208 hodie
1109 2157 1346 2225 plerique
1398 2158 1674 2224 iurisperiti
1726 2156 1952 2206 eandem

49 2240 366 2290 sententiam
407 2248 635 2291 tuentur.

122 2337 172 2385 4.
215 2323 456 2372 Dicimus
495 2323 888 2373 successionem
928 2322 1301 2373 hereditariam
1342 2339 1436 2388 per
1475 2339 1532 2371 se
1580 2322 1690 2370 iure
1738 2329 1954 2371 naturae

49 2403 279 2454 validam
319 2422 450 2455 esse.
510 2405 633 2455 Non
675 2422 935 2471 negamus
967 2405 1105 2456 hanc
1144 2405 1540 2455 successionem
1574 2421 1667 2470 per
1707 2403 1954 2453 accidens

51 2504 210 2553 posse
261 2504 377 2537 esse
427 2487 739 2548 invalidam,
794 2506 840 2537 v.
884 2505 934 2554 g.
979 2488 1050 2538 ob
1093 2487 1424 2538 collisionem
1477 2503 1600 2536 cum
1652 2484 1754 2535 alio
1808 2493 1954 2536 certo

51 2569 158 2619 iure
197 2568 281 2619 vel
323 2569 394 2620 ob
435 2570 626 2619 iustam
668 2570 1074 2635 dispositionem
1115 2570 1248 2636 legis
1289 2568 1465 2620 civilis.

57 2698 201 2752 397.
269 2697 435 2736 PARS
466 2698 498 2735 I.
562 2698 645 2735 Ius
680 2698 977 2747 disponendi
1003 2710 1096 2747 per
1128 2698 1340 2736 ultimam
1377 2698 1702 2736 voluntatem.
1733 2726 1775 2734 ..

131 2778 294 2825 Prob.
374 2778 460 2827 Ius
511 2778 765 2828 heredem
817 2779 1174 2829 constituendi
1227 2778 1527 2829 continetur
1576 2777 1627 2825 in
1678 2776 1794 2841 ipso
1846 2775 1955 2823 iure

55 2859 403 2924 proprietatis.
483 2860 653 2926 Ergo,
695 2861 830 2911 sicut
869 2861 989 2922 hoc,
1033 2878 1063 2910 a
1103 2861 1223 2926 lege
1263 2859 1484 2910 naturali
1526 2858 1805 2908 derivatur.

127 2941 284 2991 Proh.
330 2949 493 2992 antec.
562 2942 861 3008 Proprietas
901 2943 1105 3009 privata
1146 2942 1442 2992 necessaria
1482 2957 1596 2990 esse
1636 2939 1957 3004 intellegitur

63 3035 102 3071 Ι.
128 3031 346 3089 propter
367 3024 643 3074 dominum
671 3025 860 3091 ipsum,
892 3036 950 3074 ut
978 3034 1057 3074 est
1085 3040 1313 3091 persona
1341 3023 1634 3083 individua;
1668 3035 1713 3071 2.
1740 3029 1958 3087 propter

57 3103 328 3168 familiam;
387 3119 431 3169 3.
476 3114 696 3172 propter
735 3107 938 3156 bonum
977 3107 1246 3157 societatis
1297 3105 1595 3155 universim.
1676 3103 1845 3168 Atqui
1881 3119 1955 3152 se-

58 3187 290 3236 cundum
330 3205 516 3237 omnes
556 3187 656 3238 hos
707 3196 981 3255 respectus
1020 3190 1318 3256 proprietas
1357 3188 1562 3254 privata
1601 3185 1762 3234 finem
1801 3201 1956 3234 suum

56 3267 376 3319 sufficienter
415 3271 670 3336 consequi
710 3288 817 3320 non
851 3280 1046 3337 potest,
1090 3271 1185 3321 nisi
1227 3270 1496 3321 contineat
1534 3269 1613 3317 ius
1642 3266 1957 3332 designandi

58 3348 324 3401 heredem.
404 3352 559 3417 Ergo
598 3351 727 3402 illud
768 3353 848 3402 ius
886 3353 938 3402 in
978 3354 1088 3402 iure
1128 3352 1465 3419 proprietatis
1506 3349 1820 3399 continetur.

1602 3449 1656 3476 20
1674 3437 1695 3456 “
