<?xml version="1.0" encoding="UTF-8"?>
<!DOCTYPE html PUBLIC "-//W3C//DTD XHTML 1.0 Transitional//EN"
    "http://www.w3.org/TR/xhtml1/DTD/xhtml1-transitional.dtd">
<html xmlns="http://www.w3.org/1999/xhtml" xml:lang="en" lang="en">
 <head>
  <title>
</title>
<meta http-equiv="Content-Type" content="text/html;charset=utf-8" />
  <meta name='ocr-system' content='tesseract 3.04.00' />
  <meta name='ocr-capabilities' content='ocr_page ocr_carea ocr_par ocr_line ocrx_word'/>
</head>
<body>
  <div class='ocr_page' id='page_1' title='image "./philosophiamoral00cath_0245.png"; bbox 0 0 2182 3682; ppageno 0'>
   <div class='ocr_carea' id='block_1_1' title="bbox 367 165 1944 207">
    <p class='ocr_par' dir='ltr' id='par_1_1' title="bbox 367 165 1944 207">
     <span class='ocr_line' id='line_1_1' title="bbox 367 165 1944 207; baseline 0.001 -12"><span class='ocrx_word' id='word_1_1' title='bbox 367 167 453 196; x_wconf 78' lang='lat' dir='ltr'>LIR.</span> <span class='ocrx_word' id='word_1_2' title='bbox 487 166 515 195; x_wconf 87' lang='lat'>1.</span> <span class='ocrx_word' id='word_1_3' title='bbox 562 166 661 194; x_wconf 78' lang='lat' dir='ltr'>CAP.</span> <span class='ocrx_word' id='word_1_4' title='bbox 697 165 724 195; x_wconf 83' lang='lat'>1.</span> <span class='ocrx_word' id='word_1_5' title='bbox 771 165 833 194; x_wconf 81' lang='lat' dir='ltr'>DE</span> <span class='ocrx_word' id='word_1_6' title='bbox 867 165 1065 194; x_wconf 79' lang='lat' dir='ltr'>OFFICIIS</span> <span class='ocrx_word' id='word_1_7' title='bbox 1099 166 1299 195; x_wconf 89' lang='lat' dir='ltr'>HOMINIS</span> <span class='ocrx_word' id='word_1_8' title='bbox 1333 167 1456 195; x_wconf 77' lang='lat' dir='ltr'>ERGA</span> <span class='ocrx_word' id='word_1_9' title='bbox 1491 167 1638 197; x_wconf 77' lang='lat' dir='ltr'>DEUM.</span> <span class='ocrx_word' id='word_1_10' title='bbox 1847 170 1944 207; x_wconf 84' lang='lat'>221</span> 
     </span>
    </p>
   </div>
   <div class='ocr_carea' id='block_1_2' title="bbox 55 301 1952 610">
    <p class='ocr_par' dir='ltr' id='par_1_2' title="bbox 55 301 1952 610">
     <span class='ocr_line' id='line_1_2' title="bbox 59 301 1948 368; baseline 0.001 -16"><span class='ocrx_word' id='word_1_11' title='bbox 59 302 256 354; x_wconf 91' lang='lat' dir='ltr'>cultum</span> <span class='ocrx_word' id='word_1_12' title='bbox 298 311 578 351; x_wconf 84' lang='lat' dir='ltr'>externum</span> <span class='ocrx_word' id='word_1_13' title='bbox 624 310 735 351; x_wconf 91' lang='lat' dir='ltr'>tum</span> <span class='ocrx_word' id='word_1_14' title='bbox 787 303 1048 368; x_wconf 88' lang='lat' dir='ltr'>privatum</span> <span class='ocrx_word' id='word_1_15' title='bbox 1100 309 1214 351; x_wconf 91' lang='lat' dir='ltr'>tum</span> <span class='ocrx_word' id='word_1_16' title='bbox 1267 301 1538 367; x_wconf 85' lang='lat' dir='ltr'>publicum</span> <span class='ocrx_word' id='word_1_17' title='bbox 1579 302 1948 353; x_wconf 78' lang='lat' dir='ltr'>exhibuerunt.</span> 
     </span>
     <span class='ocr_line' id='line_1_3' title="bbox 58 381 1951 449; baseline 0 -16"><span class='ocrx_word' id='word_1_18' title='bbox 58 383 181 433; x_wconf 92' lang='lat' dir='ltr'>Hoc</span> <span class='ocrx_word' id='word_1_19' title='bbox 222 382 416 432; x_wconf 90' lang='lat' dir='ltr'>factum</span> <span class='ocrx_word' id='word_1_20' title='bbox 459 391 567 432; x_wconf 91' lang='lat' dir='ltr'>tam</span> <span class='ocrx_word' id='word_1_21' title='bbox 609 390 858 432; x_wconf 78' lang='lat' dir='ltr'>constans</span> <span class='ocrx_word' id='word_1_22' title='bbox 899 391 950 432; x_wconf 93' lang='lat' dir='ltr'>et</span> <span class='ocrx_word' id='word_1_23' title='bbox 990 381 1282 432; x_wconf 86' lang='lat' dir='ltr'>universale</span> <span class='ocrx_word' id='word_1_24' title='bbox 1322 399 1429 431; x_wconf 92' lang='lat' dir='ltr'>non</span> <span class='ocrx_word' id='word_1_25' title='bbox 1482 391 1660 448; x_wconf 90' lang='lat' dir='ltr'>potest</span> <span class='ocrx_word' id='word_1_26' title='bbox 1701 383 1951 449; x_wconf 79' lang='lat' dir='ltr'>explicari</span> 
     </span>
     <span class='ocr_line' id='line_1_4' title="bbox 55 463 1950 529; baseline -0.001 -14"><span class='ocrx_word' id='word_1_27' title='bbox 55 463 472 516; x_wconf 89' lang='lat' dir='ltr'>accidentalibus</span> <span class='ocrx_word' id='word_1_28' title='bbox 528 464 725 525; x_wconf 87' lang='lat' dir='ltr'>causis,</span> <span class='ocrx_word' id='word_1_29' title='bbox 787 465 882 514; x_wconf 92' lang='lat' dir='ltr'>sed</span> <span class='ocrx_word' id='word_1_30' title='bbox 939 464 1103 514; x_wconf 90' lang='lat' dir='ltr'>debet</span> <span class='ocrx_word' id='word_1_31' title='bbox 1157 464 1338 529; x_wconf 92' lang='lat' dir='ltr'>quoad</span> <span class='ocrx_word' id='word_1_32' title='bbox 1396 479 1544 513; x_wconf 88' lang='lat' dir='ltr'>suam</span> <span class='ocrx_word' id='word_1_33' title='bbox 1605 464 1950 515; x_wconf 79' lang='lat' dir='ltr'>substantiam</span> 
     </span>
     <span class='ocr_line' id='line_1_5' title="bbox 55 544 1952 610; baseline 0 -14"><span class='ocrx_word' id='word_1_34' title='bbox 55 546 252 596; x_wconf 88' lang='lat' dir='ltr'>habere</span> <span class='ocrx_word' id='word_1_35' title='bbox 303 554 555 596; x_wconf 80' lang='lat' dir='ltr'>constans</span> <span class='ocrx_word' id='word_1_36' title='bbox 607 552 660 596; x_wconf 89' lang='lat' dir='ltr'>et</span> <span class='ocrx_word' id='word_1_37' title='bbox 710 545 1004 596; x_wconf 86' lang='lat' dir='ltr'>universale</span> <span class='ocrx_word' id='word_1_38' title='bbox 1058 544 1463 595; x_wconf 87' lang='lat' dir='ltr'>fundamentum</span> <span class='ocrx_word' id='word_1_39' title='bbox 1503 546 1553 594; x_wconf 92' lang='lat' dir='ltr'>in</span> <span class='ocrx_word' id='word_1_40' title='bbox 1604 545 1717 610; x_wconf 90' lang='lat' dir='ltr'>ipsa</span> <span class='ocrx_word' id='word_1_41' title='bbox 1768 555 1952 596; x_wconf 91' lang='lat' dir='ltr'>natura</span> 
     </span>
    </p>
   </div>
   <div class='ocr_carea' id='block_1_3' title="bbox 56 626 308 678">
    <p class='ocr_par' dir='ltr' id='par_1_3' title="bbox 56 626 308 678">
     <span class='ocr_line' id='line_1_6' title="bbox 56 626 308 678; baseline 0 0"><span class='ocrx_word' id='word_1_42' title='bbox 56 626 308 678; x_wconf 86' lang='lat' dir='ltr'>rationali.</span> 
     </span>
    </p>
   </div>
   <div class='ocr_carea' id='block_1_4' title="bbox 45 743 1952 3031">
    <p class='ocr_par' dir='ltr' id='par_1_4' title="bbox 46 743 1952 1618">
     <span class='ocr_line' id='line_1_7' title="bbox 57 743 1949 812; baseline -0.002 -15"><span class='ocrx_word' id='word_1_43' title='bbox 57 754 202 808; x_wconf 88' lang='lat'><strong>272.</strong></span> <span class='ocrx_word' id='word_1_44' title='bbox 262 743 461 796; x_wconf 66' lang='lat' dir='ltr'>Coreli.</span> <span class='ocrx_word' id='word_1_45' title='bbox 507 761 554 796; x_wconf 83' lang='lat' dir='ltr'>J.</span> <span class='ocrx_word' id='word_1_46' title='bbox 611 746 756 812; x_wconf 86' lang='lat' dir='ltr'>Ergo</span> <span class='ocrx_word' id='word_1_47' title='bbox 799 745 982 812; x_wconf 88' lang='lat' dir='ltr'>religio</span> <span class='ocrx_word' id='word_1_48' title='bbox 1025 762 1130 811; x_wconf 92' lang='lat' dir='ltr'>qua</span> <span class='ocrx_word' id='word_1_49' title='bbox 1170 743 1486 811; x_wconf 75' lang='lat' dir='ltr'>complexus</span> <span class='ocrx_word' id='word_1_50' title='bbox 1525 743 1818 794; x_wconf 87' lang='lat' dir='ltr'>officiorum</span> <span class='ocrx_word' id='word_1_51' title='bbox 1860 744 1949 794; x_wconf 92' lang='lat' dir='ltr'>ho-</span> 
     </span>
     <span class='ocr_line' id='line_1_8' title="bbox 54 826 1950 893; baseline 0.001 -17"><span class='ocrx_word' id='word_1_52' title='bbox 54 827 204 876; x_wconf 91' lang='lat' dir='ltr'>minis</span> <span class='ocrx_word' id='word_1_53' title='bbox 244 844 371 892; x_wconf 88' lang='lat' dir='ltr'>erga</span> <span class='ocrx_word' id='word_1_54' title='bbox 412 827 590 877; x_wconf 89' lang='lat' dir='ltr'>Deum</span> <span class='ocrx_word' id='word_1_55' title='bbox 630 845 738 877; x_wconf 90' lang='lat' dir='ltr'>non</span> <span class='ocrx_word' id='word_1_56' title='bbox 790 827 1042 877; x_wconf 87' lang='lat' dir='ltr'>fundatur</span> <span class='ocrx_word' id='word_1_57' title='bbox 1080 828 1132 876; x_wconf 88' lang='lat' dir='ltr'>in</span> <span class='ocrx_word' id='word_1_58' title='bbox 1183 827 1271 892; x_wconf 89' lang='lat' dir='ltr'>pia</span> <span class='ocrx_word' id='word_1_59' title='bbox 1311 826 1541 893; x_wconf 89' lang='lat' dir='ltr'>quadam</span> <span class='ocrx_word' id='word_1_60' title='bbox 1594 826 1752 875; x_wconf 88' lang='lat' dir='ltr'>animi</span> <span class='ocrx_word' id='word_1_61' title='bbox 1791 828 1950 877; x_wconf 81' lang='lat' dir='ltr'>sensi-</span> 
     </span>
     <span class='ocr_line' id='line_1_9' title="bbox 52 908 1952 976; baseline 0 -17"><span class='ocrx_word' id='word_1_62' title='bbox 52 909 258 959; x_wconf 78' lang='lat' dir='ltr'>bz‘lz&#39;tate</span> <span class='ocrx_word' id='word_1_63' title='bbox 299 908 841 974; x_wconf 48' lang='lat' dir='ltr'>(Schkzfflmaclzer),</span> <span class='ocrx_word' id='word_1_64' title='bbox 893 927 1065 976; x_wconf 89' lang='lat' dir='ltr'>neque</span> <span class='ocrx_word' id='word_1_65' title='bbox 1104 910 1155 958; x_wconf 91' lang='lat' dir='ltr'>in</span> <span class='ocrx_word' id='word_1_66' title='bbox 1196 909 1455 970; x_wconf 71' lang='lat' dir='ltr'>utililale,</span> <span class='ocrx_word' id='word_1_67' title='bbox 1510 926 1670 975; x_wconf 90' lang='lat' dir='ltr'>quam</span> <span class='ocrx_word' id='word_1_68' title='bbox 1710 908 1952 959; x_wconf 83' lang='lat' dir='ltr'>societati</span> 
     </span>
     <span class='ocr_line' id='line_1_10' title="bbox 52 990 1952 1057; baseline 0 -17"><span class='ocrx_word' id='word_1_69' title='bbox 52 991 315 1042; x_wconf 80' lang='lat' dir='ltr'>humanae</span> <span class='ocrx_word' id='word_1_70' title='bbox 354 991 507 1042; x_wconf 86' lang='lat' dir='ltr'>affert</span> <span class='ocrx_word' id='word_1_71' title='bbox 549 991 999 1057; x_wconf 71' lang='lat' dir='ltr'>(chsenderfins)‚</span> <span class='ocrx_word' id='word_1_72' title='bbox 1054 992 1148 1041; x_wconf 91' lang='lat' dir='ltr'>sed</span> <span class='ocrx_word' id='word_1_73' title='bbox 1189 992 1240 1040; x_wconf 91' lang='lat' dir='ltr'>in</span> <span class='ocrx_word' id='word_1_74' title='bbox 1282 990 1598 1040; x_wconf 67' lang='lat' dir='ltr'>certissimis</span> <span class='ocrx_word' id='word_1_75' title='bbox 1637 990 1952 1041; x_wconf 67' lang='lat' dir='ltr'>veritatibus</span> 
     </span>
     <span class='ocr_line' id='line_1_11' title="bbox 53 1072 1951 1140; baseline 0 -17"><span class='ocrx_word' id='word_1_76' title='bbox 53 1073 355 1138; x_wconf 62' lang='lat' dir='ltr'>religiosis,</span> <span class='ocrx_word' id='word_1_77' title='bbox 418 1091 554 1140; x_wconf 89' lang='lat' dir='ltr'>quae</span> <span class='ocrx_word' id='word_1_78' title='bbox 609 1073 915 1124; x_wconf 76' lang='lat' dir='ltr'>essentiales</span> <span class='ocrx_word' id='word_1_79' title='bbox 969 1073 1197 1122; x_wconf 89' lang='lat' dir='ltr'>hominis</span> <span class='ocrx_word' id='word_1_80' title='bbox 1252 1090 1378 1139; x_wconf 86' lang='lat' dir='ltr'>erga</span> <span class='ocrx_word' id='word_1_81' title='bbox 1432 1072 1608 1122; x_wconf 92' lang='lat' dir='ltr'>Deum</span> <span class='ocrx_word' id='word_1_82' title='bbox 1671 1072 1951 1123; x_wconf 85' lang='lat' dir='ltr'>relationes</span> 
     </span>
     <span class='ocr_line' id='line_1_12' title="bbox 51 1154 1950 1222; baseline 0 -17"><span class='ocrx_word' id='word_1_83' title='bbox 51 1156 338 1206; x_wconf 88' lang='lat' dir='ltr'>enuntiant.</span> <span class='ocrx_word' id='word_1_84' title='bbox 432 1156 574 1206; x_wconf 90' lang='lat' dir='ltr'>Hinc</span> <span class='ocrx_word' id='word_1_85' title='bbox 627 1155 811 1222; x_wconf 91' lang='lat' dir='ltr'>religio</span> <span class='ocrx_word' id='word_1_86' title='bbox 866 1173 986 1205; x_wconf 91' lang='lat' dir='ltr'>cum</span> <span class='ocrx_word' id='word_1_87' title='bbox 1039 1155 1347 1205; x_wconf 83' lang='lat' dir='ltr'>veritatibus</span> <span class='ocrx_word' id='word_1_88' title='bbox 1404 1154 1660 1220; x_wconf 80' lang='lat' dir='ltr'>religiosis</span> <span class='ocrx_word' id='word_1_89' title='bbox 1711 1155 1950 1220; x_wconf 83' lang='lat' dir='ltr'>(dogma-</span> 
     </span>
     <span class='ocr_line' id='line_1_13' title="bbox 49 1236 1951 1302; baseline 0 -15"><span class='ocrx_word' id='word_1_90' title='bbox 49 1237 210 1302; x_wconf 88' lang='lat' dir='ltr'>tibus)</span> <span class='ocrx_word' id='word_1_91' title='bbox 267 1239 339 1288; x_wconf 91' lang='lat' dir='ltr'>ita</span> <span class='ocrx_word' id='word_1_92' title='bbox 395 1238 646 1288; x_wconf 87' lang='lat' dir='ltr'>cohaeret</span> <span class='ocrx_word' id='word_1_93' title='bbox 701 1247 758 1288; x_wconf 88' lang='lat' dir='ltr'>ut</span> <span class='ocrx_word' id='word_1_94' title='bbox 814 1238 1007 1288; x_wconf 89' lang='lat' dir='ltr'>domus</span> <span class='ocrx_word' id='word_1_95' title='bbox 1063 1254 1185 1287; x_wconf 90' lang='lat' dir='ltr'>cum</span> <span class='ocrx_word' id='word_1_96' title='bbox 1240 1236 1603 1287; x_wconf 79' lang='lat' dir='ltr'>fundamento,</span> <span class='ocrx_word' id='word_1_97' title='bbox 1695 1237 1764 1286; x_wconf 88' lang='lat' dir='ltr'>Et</span> <span class='ocrx_word' id='word_1_98' title='bbox 1818 1237 1951 1287; x_wconf 90' lang='lat' dir='ltr'>haec</span> 
     </span>
     <span class='ocr_line' id='line_1_14' title="bbox 48 1318 1947 1386; baseline -0.001 -17"><span class='ocrx_word' id='word_1_99' title='bbox 48 1318 224 1369; x_wconf 90' lang='lat' dir='ltr'>valent</span> <span class='ocrx_word' id='word_1_100' title='bbox 276 1320 343 1370; x_wconf 90' lang='lat' dir='ltr'>de</span> <span class='ocrx_word' id='word_1_101' title='bbox 397 1320 652 1386; x_wconf 80' lang='lat' dir='ltr'>religione</span> <span class='ocrx_word' id='word_1_102' title='bbox 705 1338 810 1370; x_wconf 89' lang='lat' dir='ltr'>non</span> <span class='ocrx_word' id='word_1_103' title='bbox 853 1319 1026 1369; x_wconf 91' lang='lat' dir='ltr'>solum</span> <span class='ocrx_word' id='word_1_104' title='bbox 1068 1318 1315 1379; x_wconf 66' lang='lat' dir='ltr'>naturali,</span> <span class='ocrx_word' id='word_1_105' title='bbox 1369 1320 1397 1369; x_wconf 92' lang='lat' dir='ltr'>i.</span> <span class='ocrx_word' id='word_1_106' title='bbox 1443 1337 1487 1369; x_wconf 90' lang='lat' dir='ltr'>e.</span> <span class='ocrx_word' id='word_1_107' title='bbox 1533 1320 1600 1368; x_wconf 88' lang='lat' dir='ltr'>de</span> <span class='ocrx_word' id='word_1_108' title='bbox 1641 1336 1728 1380; x_wconf 90' lang='lat' dir='ltr'>ea,</span> <span class='ocrx_word' id='word_1_109' title='bbox 1787 1336 1947 1385; x_wconf 86' lang='lat' dir='ltr'>quam</span> 
     </span>
     <span class='ocr_line' id='line_1_15' title="bbox 48 1401 1948 1467; baseline 0 -16"><span class='ocrx_word' id='word_1_110' title='bbox 48 1402 177 1452; x_wconf 91' lang='lat' dir='ltr'>ratio</span> <span class='ocrx_word' id='word_1_111' title='bbox 219 1402 469 1452; x_wconf 90' lang='lat' dir='ltr'>naturalis</span> <span class='ocrx_word' id='word_1_112' title='bbox 510 1403 700 1464; x_wconf 89' lang='lat' dir='ltr'>dictat,</span> <span class='ocrx_word' id='word_1_113' title='bbox 754 1403 848 1452; x_wconf 92' lang='lat' dir='ltr'>sed</span> <span class='ocrx_word' id='word_1_114' title='bbox 891 1403 1049 1452; x_wconf 88' lang='lat' dir='ltr'>etiarn</span> <span class='ocrx_word' id='word_1_115' title='bbox 1100 1403 1167 1451; x_wconf 93' lang='lat' dir='ltr'>de</span> <span class='ocrx_word' id='word_1_116' title='bbox 1219 1401 1471 1467; x_wconf 80' lang='lat' dir='ltr'>religione</span> <span class='ocrx_word' id='word_1_117' title='bbox 1523 1401 1767 1452; x_wconf 75' lang='lat' dir='ltr'>revelata.</span> <span class='ocrx_word' id='word_1_118' title='bbox 1849 1402 1948 1451; x_wconf 88' lang='lat' dir='ltr'>Re—</span> 
     </span>
     <span class='ocr_line' id='line_1_16' title="bbox 46 1482 1948 1550; baseline -0.001 -17"><span class='ocrx_word' id='word_1_119' title='bbox 46 1482 170 1550; x_wconf 85' lang='lat' dir='ltr'>ligio</span> <span class='ocrx_word' id='word_1_120' title='bbox 213 1484 352 1534; x_wconf 89' lang='lat' dir='ltr'>enim</span> <span class='ocrx_word' id='word_1_121' title='bbox 404 1484 816 1550; x_wconf 90' lang='lat' dir='ltr'>supernaturalis</span> <span class='ocrx_word' id='word_1_122' title='bbox 868 1483 1160 1534; x_wconf 88' lang='lat' dir='ltr'>naturalem</span> <span class='ocrx_word' id='word_1_123' title='bbox 1211 1483 1470 1550; x_wconf 87' lang='lat' dir='ltr'>supponit</span> <span class='ocrx_word' id='word_1_124' title='bbox 1510 1500 1736 1550; x_wconf 91' lang='lat' dir='ltr'>eamque</span> <span class='ocrx_word' id='word_1_125' title='bbox 1777 1484 1948 1549; x_wconf 91' lang='lat' dir='ltr'>magis</span> 
     </span>
     <span class='ocr_line' id='line_1_17' title="bbox 46 1567 377 1618; baseline 0.006 -2"><span class='ocrx_word' id='word_1_126' title='bbox 46 1567 377 1618; x_wconf 89' lang='lat' dir='ltr'>determinat.</span> 
     </span>
    </p>

    <p class='ocr_par' dir='ltr' id='par_1_5' title="bbox 46 1646 1948 1962">
     <span class='ocr_line' id='line_1_18' title="bbox 124 1646 1943 1715; baseline 0 -18"><span class='ocrx_word' id='word_1_127' title='bbox 124 1646 325 1699; x_wconf 71' lang='lat' dir='ltr'>Caroli.</span> <span class='ocrx_word' id='word_1_128' title='bbox 370 1664 418 1699; x_wconf 82' lang='lat'>2.</span> <span class='ocrx_word' id='word_1_129' title='bbox 500 1649 684 1699; x_wconf 91' lang='lat' dir='ltr'>Homo</span> <span class='ocrx_word' id='word_1_130' title='bbox 736 1648 1055 1715; x_wconf 90' lang='lat' dir='ltr'>irreligiosus</span> <span class='ocrx_word' id='word_1_131' title='bbox 1095 1648 1277 1714; x_wconf 90' lang='lat' dir='ltr'>nequit</span> <span class='ocrx_word' id='word_1_132' title='bbox 1329 1648 1511 1698; x_wconf 89' lang='lat' dir='ltr'>haberi</span> <span class='ocrx_word' id='word_1_133' title='bbox 1552 1665 1675 1698; x_wconf 82' lang='lat' dir='ltr'>vere</span> <span class='ocrx_word' id='word_1_134' title='bbox 1726 1648 1943 1714; x_wconf 88' lang='lat' dir='ltr'>probus,</span> 
     </span>
     <span class='ocr_line' id='line_1_19' title="bbox 46 1730 1948 1798; baseline 0.001 -19"><span class='ocrx_word' id='word_1_135' title='bbox 46 1731 169 1796; x_wconf 91' lang='lat' dir='ltr'>quia</span> <span class='ocrx_word' id='word_1_136' title='bbox 195 1730 369 1797; x_wconf 90' lang='lat' dir='ltr'>legem</span> <span class='ocrx_word' id='word_1_137' title='bbox 395 1730 687 1781; x_wconf 83' lang='lat' dir='ltr'>naturalem</span> <span class='ocrx_word' id='word_1_138' title='bbox 710 1731 889 1798; x_wconf 93' lang='lat' dir='ltr'>quoad</span> <span class='ocrx_word' id='word_1_139' title='bbox 913 1731 1086 1781; x_wconf 87' lang='lat' dir='ltr'>officia</span> <span class='ocrx_word' id='word_1_140' title='bbox 1115 1730 1423 1796; x_wconf 76' lang='lat' dir='ltr'>gravissima</span> <span class='ocrx_word' id='word_1_141' title='bbox 1443 1730 1620 1780; x_wconf 78' lang='lat' dir='ltr'>violat.</span> <span class='ocrx_word' id='word_1_142' title='bbox 1671 1730 1948 1780; x_wconf 87' lang='lat' dir='ltr'>Praeterea</span> 
     </span>
     <span class='ocr_line' id='line_1_20' title="bbox 47 1812 1947 1879; baseline 0 -17"><span class='ocrx_word' id='word_1_143' title='bbox 47 1813 137 1879; x_wconf 91' lang='lat' dir='ltr'>qui</span> <span class='ocrx_word' id='word_1_144' title='bbox 175 1814 374 1879; x_wconf 91' lang='lat' dir='ltr'>spernit</span> <span class='ocrx_word' id='word_1_145' title='bbox 415 1813 591 1864; x_wconf 84' lang='lat' dir='ltr'>officia</span> <span class='ocrx_word' id='word_1_146' title='bbox 631 1831 757 1879; x_wconf 89' lang='lat' dir='ltr'>erga</span> <span class='ocrx_word' id='word_1_147' title='bbox 785 1815 978 1875; x_wconf 88' lang='lat' dir='ltr'>Deum,</span> <span class='ocrx_word' id='word_1_148' title='bbox 1024 1812 1173 1863; x_wconf 88' lang='lat' dir='ltr'>facile</span> <span class='ocrx_word' id='word_1_149' title='bbox 1216 1813 1374 1862; x_wconf 89' lang='lat' dir='ltr'>etiam</span> <span class='ocrx_word' id='word_1_150' title='bbox 1402 1812 1565 1862; x_wconf 79' lang='lat' dir='ltr'>violat</span> <span class='ocrx_word' id='word_1_151' title='bbox 1606 1813 1781 1863; x_wconf 86' lang='lat' dir='ltr'>officia</span> <span class='ocrx_word' id='word_1_152' title='bbox 1821 1829 1947 1879; x_wconf 90' lang='lat' dir='ltr'>erga</span> 
     </span>
     <span class='ocr_line' id='line_1_21' title="bbox 46 1894 1942 1962; baseline 0 -18"><span class='ocrx_word' id='word_1_153' title='bbox 46 1894 304 1957; x_wconf 89' lang='lat' dir='ltr'>homines,</span> <span class='ocrx_word' id='word_1_154' title='bbox 346 1896 387 1945; x_wconf 89' lang='lat' dir='ltr'>si</span> <span class='ocrx_word' id='word_1_155' title='bbox 417 1913 537 1946; x_wconf 92' lang='lat' dir='ltr'>cum</span> <span class='ocrx_word' id='word_1_156' title='bbox 568 1896 714 1961; x_wconf 80' lang='lat' dir='ltr'>gravi</span> <span class='ocrx_word' id='word_1_157' title='bbox 742 1895 976 1962; x_wconf 92' lang='lat' dir='ltr'>periculo</span> <span class='ocrx_word' id='word_1_158' title='bbox 1005 1895 1087 1945; x_wconf 74' lang='lat' dir='ltr'>vel</span> <span class='ocrx_word' id='word_1_159' title='bbox 1117 1896 1465 1945; x_wconf 90' lang='lat' dir='ltr'>incommodo</span> <span class='ocrx_word' id='word_1_160' title='bbox 1493 1904 1616 1945; x_wconf 91' lang='lat' dir='ltr'>sunt</span> <span class='ocrx_word' id='word_1_161' title='bbox 1646 1896 1942 1945; x_wconf 88' lang='lat' dir='ltr'>coniuncta.</span> 
     </span>
    </p>

    <p class='ocr_par' dir='ltr' id='par_1_6' title="bbox 45 1975 1946 2292">
     <span class='ocr_line' id='line_1_22' title="bbox 125 1975 1944 2044; baseline 0.001 -18"><span class='ocrx_word' id='word_1_162' title='bbox 125 1975 323 2027; x_wconf 70' lang='lat' dir='ltr'>Coreli.</span> <span class='ocrx_word' id='word_1_163' title='bbox 360 1994 415 2042; x_wconf 74' lang='lat'>3.</span> <span class='ocrx_word' id='word_1_164' title='bbox 496 1978 643 2044; x_wconf 88' lang='lat' dir='ltr'>Ergo</span> <span class='ocrx_word' id='word_1_165' title='bbox 686 1978 982 2029; x_wconf 87' lang='lat' dir='ltr'>reiciendus</span> <span class='ocrx_word' id='word_1_166' title='bbox 1023 1986 1102 2027; x_wconf 89' lang='lat' dir='ltr'>est</span> <span class='ocrx_word' id='word_1_167' title='bbox 1141 1977 1624 2042; x_wconf 63' lang='lat' dir='ltr'>indfferenlismns</span> <span class='ocrx_word' id='word_1_168' title='bbox 1653 1978 1944 2042; x_wconf 61' lang='lat' dir='ltr'>praeficem,</span> 
     </span>
     <span class='ocr_line' id='line_1_23' title="bbox 46 2059 1945 2126; baseline 0 -17"><span class='ocrx_word' id='word_1_169' title='bbox 46 2059 134 2125; x_wconf 92' lang='lat' dir='ltr'>qui</span> <span class='ocrx_word' id='word_1_170' title='bbox 177 2059 487 2125; x_wconf 88' lang='lat' dir='ltr'>religionem</span> <span class='ocrx_word' id='word_1_171' title='bbox 539 2069 811 2126; x_wconf 89' lang='lat' dir='ltr'>tamquam</span> <span class='ocrx_word' id='word_1_172' title='bbox 859 2077 968 2110; x_wconf 92' lang='lat' dir='ltr'>rem</span> <span class='ocrx_word' id='word_1_173' title='bbox 1011 2059 1400 2109; x_wconf 84' lang='lat' dir='ltr'>indifferentem</span> <span class='ocrx_word' id='word_1_174' title='bbox 1441 2059 1701 2126; x_wconf 79' lang='lat' dir='ltr'>neglegit3</span> <span class='ocrx_word' id='word_1_175' title='bbox 1758 2059 1945 2109; x_wconf 89' lang='lat' dir='ltr'>multo-</span> 
     </span>
     <span class='ocr_line' id='line_1_24' title="bbox 45 2142 1946 2209; baseline 0 -18"><span class='ocrx_word' id='word_1_176' title='bbox 45 2159 150 2208; x_wconf 91' lang='lat' dir='ltr'>que</span> <span class='ocrx_word' id='word_1_177' title='bbox 200 2143 371 2209; x_wconf 90' lang='lat' dir='ltr'>magis</span> <span class='ocrx_word' id='word_1_178' title='bbox 412 2143 751 2209; x_wconf 87' lang='lat' dir='ltr'>reprobanda</span> <span class='ocrx_word' id='word_1_179' title='bbox 791 2152 871 2193; x_wconf 91' lang='lat' dir='ltr'>est</span> <span class='ocrx_word' id='word_1_180' title='bbox 912 2143 1073 2208; x_wconf 92' lang='lat' dir='ltr'>impia</span> <span class='ocrx_word' id='word_1_181' title='bbox 1112 2142 1294 2191; x_wconf 86' lang='lat' dir='ltr'>Kantii</span> <span class='ocrx_word' id='word_1_182' title='bbox 1335 2143 1595 2192; x_wconf 87' lang='lat' dir='ltr'>sententia</span> <span class='ocrx_word' id='word_1_183' title='bbox 1636 2143 1789 2192; x_wconf 88' lang='lat' dir='ltr'>inane</span> <span class='ocrx_word' id='word_1_184' title='bbox 1831 2160 1946 2192; x_wconf 90' lang='lat' dir='ltr'>esse</span> 
     </span>
     <span class='ocr_line' id='line_1_25' title="bbox 45 2224 1942 2292; baseline 0.001 -19"><span class='ocrx_word' id='word_1_185' title='bbox 45 2224 324 2292; x_wconf 88' lang='lat' dir='ltr'>quodlibet</span> <span class='ocrx_word' id='word_1_186' title='bbox 353 2225 669 2290; x_wconf 88' lang='lat' dir='ltr'>obsequium</span> <span class='ocrx_word' id='word_1_187' title='bbox 698 2225 819 2275; x_wconf 89' lang='lat' dir='ltr'>Deo</span> <span class='ocrx_word' id='word_1_188' title='bbox 849 2225 1146 2274; x_wconf 79' lang='lat' dir='ltr'>exhibitum</span> <span class='ocrx_word' id='word_1_189' title='bbox 1189 2233 1399 2290; x_wconf 90' lang='lat' dir='ltr'>praeter</span> <span class='ocrx_word' id='word_1_190' title='bbox 1426 2226 1563 2275; x_wconf 73' lang='lat' dir='ltr'>vitae</span> <span class='ocrx_word' id='word_1_191' title='bbox 1591 2225 1942 2275; x_wconf 84' lang='lat' dir='ltr'>honestatem.</span> 
     </span>
    </p>

    <p class='ocr_par' dir='ltr' id='par_1_7' title="bbox 45 2305 1946 3031">
     <span class='ocr_line' id='line_1_26' title="bbox 124 2305 1942 2374; baseline 0.001 -19"><span class='ocrx_word' id='word_1_192' title='bbox 124 2305 323 2357; x_wconf 69' lang='lat' dir='ltr'>Coreli.</span> <span class='ocrx_word' id='word_1_193' title='bbox 367 2322 416 2372; x_wconf 72' lang='grc'>4.</span> <span class='ocrx_word' id='word_1_194' title='bbox 473 2308 618 2372; x_wconf 88' lang='lat' dir='ltr'>Ergo</span> <span class='ocrx_word' id='word_1_195' title='bbox 661 2307 844 2373; x_wconf 87' lang='lat' dir='ltr'>religio</span> <span class='ocrx_word' id='word_1_196' title='bbox 885 2307 1160 2356; x_wconf 71' lang='lat' dir='ltr'>naturalis</span> <span class='ocrx_word' id='word_1_197' title='bbox 1200 2316 1279 2356; x_wconf 91' lang='lat' dir='ltr'>est</span> <span class='ocrx_word' id='word_1_198' title='bbox 1319 2324 1425 2356; x_wconf 78' lang='lat' dir='ltr'>mia</span> <span class='ocrx_word' id='word_1_199' title='bbox 1467 2307 1766 2374; x_wconf 90' lang='lat' dir='ltr'>eademque</span> <span class='ocrx_word' id='word_1_200' title='bbox 1803 2308 1942 2373; x_wconf 90' lang='lat' dir='ltr'>apud</span> 
     </span>
     <span class='ocr_line' id='line_1_27' title="bbox 47 2388 1944 2455; baseline 0.001 -17"><span class='ocrx_word' id='word_1_201' title='bbox 47 2405 232 2438; x_wconf 90' lang='lat' dir='ltr'>omnes</span> <span class='ocrx_word' id='word_1_202' title='bbox 283 2388 528 2439; x_wconf 90' lang='lat' dir='ltr'>homines</span> <span class='ocrx_word' id='word_1_203' title='bbox 568 2390 804 2439; x_wconf 90' lang='lat' dir='ltr'>omnium</span> <span class='ocrx_word' id='word_1_204' title='bbox 856 2397 1159 2455; x_wconf 89' lang='lat' dir='ltr'>temporum</span> <span class='ocrx_word' id='word_1_205' title='bbox 1212 2397 1473 2454; x_wconf 91' lang='lat' dir='ltr'>quantum</span> <span class='ocrx_word' id='word_1_206' title='bbox 1524 2389 1592 2438; x_wconf 91' lang='lat' dir='ltr'>ad</span> <span class='ocrx_word' id='word_1_207' title='bbox 1634 2389 1944 2439; x_wconf 75' lang='lat' dir='ltr'>essentialia</span> 
     </span>
     <span class='ocr_line' id='line_1_28' title="bbox 46 2469 1944 2538; baseline 0.001 -18"><span class='ocrx_word' id='word_1_208' title='bbox 46 2469 235 2521; x_wconf 89' lang='lat' dir='ltr'>officia.</span> <span class='ocrx_word' id='word_1_209' title='bbox 291 2471 420 2521; x_wconf 87' lang='lat' dir='ltr'>Eius</span> <span class='ocrx_word' id='word_1_210' title='bbox 460 2472 597 2521; x_wconf 89' lang='lat' dir='ltr'>enim</span> <span class='ocrx_word' id='word_1_211' title='bbox 641 2471 1046 2521; x_wconf 87' lang='lat' dir='ltr'>fundamentum</span> <span class='ocrx_word' id='word_1_212' title='bbox 1077 2478 1157 2521; x_wconf 89' lang='lat' dir='ltr'>est</span> <span class='ocrx_word' id='word_1_213' title='bbox 1196 2472 1337 2521; x_wconf 89' lang='lat' dir='ltr'>idem</span> <span class='ocrx_word' id='word_1_214' title='bbox 1369 2472 1511 2537; x_wconf 89' lang='lat' dir='ltr'>apud</span> <span class='ocrx_word' id='word_1_215' title='bbox 1542 2488 1741 2521; x_wconf 90' lang='lat' dir='ltr'>omnes.</span> <span class='ocrx_word' id='word_1_216' title='bbox 1798 2472 1944 2538; x_wconf 87' lang='lat' dir='ltr'>Ergo</span> 
     </span>
     <span class='ocr_line' id='line_1_29' title="bbox 46 2552 1946 2618; baseline 0.001 -16"><span class='ocrx_word' id='word_1_217' title='bbox 46 2553 204 2603; x_wconf 89' lang='lat' dir='ltr'>etiam</span> <span class='ocrx_word' id='word_1_218' title='bbox 243 2554 376 2603; x_wconf 91' lang='lat' dir='ltr'>intra</span> <span class='ocrx_word' id='word_1_219' title='bbox 417 2554 657 2603; x_wconf 90' lang='lat' dir='ltr'>ordinem</span> <span class='ocrx_word' id='word_1_220' title='bbox 699 2552 993 2604; x_wconf 89' lang='lat' dir='ltr'>naturalem</span> <span class='ocrx_word' id='word_1_221' title='bbox 1034 2553 1329 2603; x_wconf 89' lang='lat' dir='ltr'>reiciendus</span> <span class='ocrx_word' id='word_1_222' title='bbox 1358 2562 1437 2603; x_wconf 90' lang='lat' dir='ltr'>est</span> <span class='ocrx_word' id='word_1_223' title='bbox 1465 2553 1946 2618; x_wconf 69' lang='lat' dir='ltr'>indifferenlismus</span> 
     </span>
     <span class='ocr_line' id='line_1_30' title="bbox 45 2634 1944 2702; baseline 0.001 -18"><span class='ocrx_word' id='word_1_224' title='bbox 45 2634 376 2700; x_wconf 75' lang='lat' dir='ltr'>dogmaticus</span> <span class='ocrx_word' id='word_1_225' title='bbox 414 2635 729 2697; x_wconf 90' lang='lat' dir='ltr'>illimitatus,</span> <span class='ocrx_word' id='word_1_226' title='bbox 779 2636 869 2702; x_wconf 92' lang='lat' dir='ltr'>qui</span> <span class='ocrx_word' id='word_1_227' title='bbox 911 2636 1071 2685; x_wconf 91' lang='lat' dir='ltr'>docet</span> <span class='ocrx_word' id='word_1_228' title='bbox 1112 2634 1325 2686; x_wconf 89' lang='lat' dir='ltr'>cuilibet</span> <span class='ocrx_word' id='word_1_229' title='bbox 1364 2634 1521 2685; x_wconf 87' lang='lat' dir='ltr'>licere</span> <span class='ocrx_word' id='word_1_230' title='bbox 1561 2635 1793 2702; x_wconf 89' lang='lat' dir='ltr'>profiteri</span> <span class='ocrx_word' id='word_1_231' title='bbox 1836 2635 1944 2685; x_wconf 89' lang='lat' dir='ltr'>reli-</span> 
     </span>
     <span class='ocr_line' id='line_1_31' title="bbox 46 2716 1944 2785; baseline 0.001 -19"><span class='ocrx_word' id='word_1_232' title='bbox 46 2717 287 2781; x_wconf 87' lang='lat' dir='ltr'>gionem,</span> <span class='ocrx_word' id='word_1_233' title='bbox 343 2735 504 2785; x_wconf 89' lang='lat' dir='ltr'>quam</span> <span class='ocrx_word' id='word_1_234' title='bbox 551 2717 789 2768; x_wconf 87' lang='lat' dir='ltr'>voluerit.</span> <span class='ocrx_word' id='word_1_235' title='bbox 872 2716 1028 2768; x_wconf 90' lang='lat' dir='ltr'>Certe</span> <span class='ocrx_word' id='word_1_236' title='bbox 1078 2716 1376 2768; x_wconf 89' lang='lat' dir='ltr'>idololatria</span> <span class='ocrx_word' id='word_1_237' title='bbox 1424 2726 1477 2767; x_wconf 89' lang='lat' dir='ltr'>et</span> <span class='ocrx_word' id='word_1_238' title='bbox 1528 2718 1747 2784; x_wconf 89' lang='lat' dir='ltr'>quilibet</span> <span class='ocrx_word' id='word_1_239' title='bbox 1797 2717 1944 2784; x_wconf 90' lang='lat' dir='ltr'>poly-</span> 
     </span>
     <span class='ocr_line' id='line_1_32' title="bbox 45 2798 1944 2866; baseline 0 -17"><span class='ocrx_word' id='word_1_240' title='bbox 45 2798 299 2850; x_wconf 89' lang='lat' dir='ltr'>theismus</span> <span class='ocrx_word' id='word_1_241' title='bbox 337 2799 452 2850; x_wconf 89' lang='lat' dir='ltr'>sola</span> <span class='ocrx_word' id='word_1_242' title='bbox 492 2801 694 2851; x_wconf 90' lang='lat' dir='ltr'>ratione</span> <span class='ocrx_word' id='word_1_243' title='bbox 734 2799 955 2850; x_wconf 90' lang='lat' dir='ltr'>naturali</span> <span class='ocrx_word' id='word_1_244' title='bbox 995 2800 1323 2866; x_wconf 88' lang='lat' dir='ltr'>reprobatur.</span> <span class='ocrx_word' id='word_1_245' title='bbox 1379 2800 1529 2850; x_wconf 89' lang='lat' dir='ltr'>Idem</span> <span class='ocrx_word' id='word_1_246' title='bbox 1568 2801 1652 2850; x_wconf 90' lang='lat' dir='ltr'>dic</span> <span class='ocrx_word' id='word_1_247' title='bbox 1694 2801 1761 2850; x_wconf 92' lang='lat' dir='ltr'>de</span> <span class='ocrx_word' id='word_1_248' title='bbox 1802 2800 1944 2850; x_wconf 92' lang='lat' dir='ltr'>cultu</span> 
     </span>
     <span class='ocr_line' id='line_1_33' title="bbox 47 2880 1944 2949; baseline 0.001 -19"><span class='ocrx_word' id='word_1_249' title='bbox 47 2880 308 2948; x_wconf 81' lang='lat' dir='ltr'>religiOSO,</span> <span class='ocrx_word' id='word_1_250' title='bbox 352 2883 444 2949; x_wconf 89' lang='lat' dir='ltr'>qui</span> <span class='ocrx_word' id='word_1_251' title='bbox 482 2882 764 2933; x_wconf 89' lang='lat' dir='ltr'>inhonesta</span> <span class='ocrx_word' id='word_1_252' title='bbox 796 2890 850 2932; x_wconf 92' lang='lat' dir='ltr'>et</span> <span class='ocrx_word' id='word_1_253' title='bbox 889 2882 1123 2933; x_wconf 88' lang='lat' dir='ltr'>scurrilia</span> <span class='ocrx_word' id='word_1_254' title='bbox 1163 2882 1488 2949; x_wconf 88' lang='lat' dir='ltr'>praescribit,</span> <span class='ocrx_word' id='word_1_255' title='bbox 1532 2901 1578 2933; x_wconf 87' lang='lat' dir='ltr'>v.</span> <span class='ocrx_word' id='word_1_256' title='bbox 1611 2900 1661 2949; x_wconf 88' lang='lat' dir='ltr'>g.</span> <span class='ocrx_word' id='word_1_257' title='bbox 1704 2882 1944 2932; x_wconf 84' lang='lat' dir='ltr'>victimas</span> 
     </span>
     <span class='ocr_line' id='line_1_34' title="bbox 46 2961 1262 3031; baseline 0.002 -19"><span class='ocrx_word' id='word_1_258' title='bbox 46 2961 316 3027; x_wconf 88' lang='lat' dir='ltr'>humanas,</span> <span class='ocrx_word' id='word_1_259' title='bbox 359 2965 791 3031; x_wconf 88' lang='lat' dir='ltr'>prostitutionem</span> <span class='ocrx_word' id='word_1_260' title='bbox 833 2964 1120 3031; x_wconf 90' lang='lat' dir='ltr'>pudicitiae</span> <span class='ocrx_word' id='word_1_261' title='bbox 1161 2973 1262 3014; x_wconf 91' lang='lat' dir='ltr'>etc.</span> 
     </span>
    </p>
   </div>
   <div class='ocr_carea' id='block_1_5' title="bbox 46 3091 1944 3405">
    <p class='ocr_par' dir='ltr' id='par_1_8' title="bbox 46 3091 1944 3405">
     <span class='ocr_line' id='line_1_35' title="bbox 49 3091 1944 3160; baseline 0.001 -19"><span class='ocrx_word' id='word_1_262' title='bbox 49 3100 194 3154; x_wconf 88' lang='lat'>273.</span> <span class='ocrx_word' id='word_1_263' title='bbox 267 3091 467 3144; x_wconf 75' lang='lat' dir='ltr'>Ceroll.</span> <span class='ocrx_word' id='word_1_264' title='bbox 483 3109 537 3159; x_wconf 68' lang='lat'>5.</span> <span class='ocrx_word' id='word_1_265' title='bbox 593 3094 740 3160; x_wconf 86' lang='lat' dir='ltr'>Ergo</span> <span class='ocrx_word' id='word_1_266' title='bbox 770 3094 904 3144; x_wconf 92' lang='lat' dir='ltr'>ordo</span> <span class='ocrx_word' id='word_1_267' title='bbox 926 3092 1140 3144; x_wconf 89' lang='lat' dir='ltr'>moralis</span> <span class='ocrx_word' id='word_1_268' title='bbox 1169 3110 1289 3143; x_wconf 88' lang='lat' dir='ltr'>cum</span> <span class='ocrx_word' id='word_1_269' title='bbox 1314 3093 1569 3160; x_wconf 88' lang='lat' dir='ltr'>religione</span> <span class='ocrx_word' id='word_1_270' title='bbox 1590 3093 1869 3143; x_wconf 88' lang='lat' dir='ltr'>intrinsece</span> <span class='ocrx_word' id='word_1_271' title='bbox 1891 3101 1944 3142; x_wconf 90' lang='lat' dir='ltr'>et</span> 
     </span>
     <span class='ocr_line' id='line_1_36' title="bbox 47 3173 1944 3243; baseline 0.002 -22"><span class='ocrx_word' id='word_1_272' title='bbox 47 3173 390 3225; x_wconf 89' lang='lat' dir='ltr'>essentialiter</span> <span class='ocrx_word' id='word_1_273' title='bbox 410 3175 676 3237; x_wconf 89' lang='lat' dir='ltr'>cohaeret,</span> <span class='ocrx_word' id='word_1_274' title='bbox 701 3176 935 3243; x_wconf 93' lang='lat' dir='ltr'>ideoque</span> <span class='ocrx_word' id='word_1_275' title='bbox 957 3176 1188 3226; x_wconf 91' lang='lat' dir='ltr'>absurda</span> <span class='ocrx_word' id='word_1_276' title='bbox 1211 3183 1291 3225; x_wconf 88' lang='lat' dir='ltr'>est</span> <span class='ocrx_word' id='word_1_277' title='bbox 1313 3175 1545 3225; x_wconf 70' lang='lat' dir='ltr'>moralis</span> <span class='ocrx_word' id='word_1_278' title='bbox 1567 3191 1702 3241; x_wconf 90' lang='lat' dir='ltr'>quae</span> <span class='ocrx_word' id='word_1_279' title='bbox 1723 3183 1944 3225; x_wconf 87' lang='lat' dir='ltr'>vocatur</span> 
     </span>
     <span class='ocr_line' id='line_1_37' title="bbox 46 3252 1942 3323; baseline 0.002 -21"><span class='ocrx_word' id='word_1_280' title='bbox 46 3252 399 3319; x_wconf 78' lang='lat' dir='ltr'>independens</span> <span class='ocrx_word' id='word_1_281' title='bbox 436 3275 529 3307; x_wconf 93' lang='lat' dir='ltr'>seu</span> <span class='ocrx_word' id='word_1_282' title='bbox 569 3257 700 3308; x_wconf 89' lang='lat' dir='ltr'>laica</span> <span class='ocrx_word' id='word_1_283' title='bbox 737 3258 805 3322; x_wconf 83' lang='lat' dir='ltr'>(n.</span> <span class='ocrx_word' id='word_1_284' title='bbox 846 3259 972 3321; x_wconf 83' lang='lat'>166;</span> <span class='ocrx_word' id='word_1_285' title='bbox 1018 3256 1082 3308; x_wconf 92' lang='lat' dir='ltr'>cf.</span> <span class='ocrx_word' id='word_1_286' title='bbox 1113 3257 1366 3323; x_wconf 89' lang='lat' dir='ltr'>scriptum</span> <span class='ocrx_word' id='word_1_287' title='bbox 1397 3257 1649 3307; x_wconf 90' lang='lat' dir='ltr'>auctoris:</span> <span class='ocrx_word' id='word_1_288' title='bbox 1695 3255 1942 3322; x_wconf 89' lang='lat' dir='ltr'>Religion</span> 
     </span>
     <span class='ocr_line' id='line_1_38' title="bbox 47 3335 1939 3405; baseline 0.003 -21"><span class='ocrx_word' id='word_1_289' title='bbox 47 3335 153 3385; x_wconf 89' lang='lat' dir='ltr'>und</span> <span class='ocrx_word' id='word_1_290' title='bbox 181 3336 367 3400; x_wconf 89' lang='lat' dir='ltr'>Moral,</span> <span class='ocrx_word' id='word_1_291' title='bbox 400 3339 532 3389; x_wconf 92' lang='lat' dir='ltr'>oder</span> <span class='ocrx_word' id='word_1_292' title='bbox 561 3339 690 3390; x_wconf 87' lang='lat' dir='ltr'>Gibt</span> <span class='ocrx_word' id='word_1_293' title='bbox 718 3357 774 3389; x_wconf 91' lang='lat' dir='ltr'>es</span> <span class='ocrx_word' id='word_1_294' title='bbox 801 3340 917 3390; x_wconf 91' lang='lat' dir='ltr'>eine</span> <span class='ocrx_word' id='word_1_295' title='bbox 952 3339 1315 3405; x_wconf 88' lang='lat' dir='ltr'>religionslose</span> <span class='ocrx_word' id='word_1_296' title='bbox 1343 3338 1531 3401; x_wconf 82' lang='lat' dir='ltr'>Moral,</span> <span class='ocrx_word' id='word_1_297' title='bbox 1565 3352 1610 3388; x_wconf 84' lang='lat'>2.</span> <span class='ocrx_word' id='word_1_298' title='bbox 1644 3339 1726 3389; x_wconf 88' lang='lat' dir='ltr'>ed.</span> <span class='ocrx_word' id='word_1_299' title='bbox 1766 3340 1939 3405; x_wconf 84' lang='lat'>1904).</span> 
     </span>
    </p>
   </div>
  </div>
 </body>
</html>
