2182 3682
215 179 281 229 9²)
621 172 734 202 PARS
769 173 797 201 Ι.
849 171 1168 200 PHILOSOPHIA
1204 169 1413 198 MORALIS
1448 168 1724 197 GENERALIS.

255 202 282 213 Α(

213 319 362 361 actus
388 309 604 360 interior
630 326 738 359 non
778 315 960 374 potest
986 305 1140 357 simul
1169 307 1219 356 in
1249 305 1488 372 pluribus
1515 304 1801 371 speciebus
1828 303 2123 356 honestatis

214 394 486 444 exsistere.
2138 395 2143 399 ’

223 545 363 596 104.
455 531 632 582 Schol.
726 528 1035 594 Quaeritur,
1095 527 1354 594 quomodo
1411 527 1847 577 circumstantiae
1902 525 2130 576 debeant

213 634 326 666 esse
377 615 608 674 velitne,
659 622 718 663 ut
754 612 899 662 actm·
948 611 1232 661 bonitatem
1275 611 1597 674 conferam?
1648 641 1720 646 —-
1760 608 2121 674 Respondeo:

213 698 431 748 Debent
472 697 523 746 in
563 713 620 746 se
662 696 864 745 directe
905 702 958 744 et
999 692 1290 743 formaliter
1329 701 1386 741 ut
1425 692 1687 741 honestae
1728 690 1960 751 intendi,
2003 689 2126 740 alio-
2181 715 2182 744 ι

214 782 342 847 quin
401 778 527 829 nihil
587 778 656 827 ad
716 777 1013 827 bonitatem
1074 775 1369 825 conferunt.
1473 774 1598 823 «Ad
1658 773 1790 834 hoc,
1853 773 2001 838 quod
2061 773 2127 823 sit
2181 763 2182 766 Ἴ

213 863 462 913 voluntas
514 862 711 921 bona»,
770 860 842 910 ait
894 858 949 908 S.
1004 859 1241 909 Thomas
1294 859 1375 922 (Ι,
1421 871 1479 918 2,
1531 874 1581 923 q.
1633 870 1722 920 19,
1779 874 1824 906 a.
1871 867 1900 920 7
1943 855 2010 905 ad
2056 856 2124 920 3),

220 945 557 1011 «requiritur,
603 944 750 1009 quod
791 943 856 992 sit
897 942 1024 991 boni
1064 942 1164 990 sub
1207 940 1410 989 ratione
1452 939 1608 999 boni,
1651 940 1680 988 i.
1726 956 1769 988 e.
1815 939 1960 1004 quod
2001 938 2127 988 velit

215 1029 418 1078 bonum
459 1035 512 1076 et
562 1034 783 1093 propter
830 1025 1085 1074 bonum.»
1171 1020 1326 1087 Quae
1367 1021 1610 1071 doctrina
1652 1020 1914 1087 generalis
1955 1028 2035 1070 est
2075 1027 2129 1070 et

216 1120 329 1161 tum
372 1109 552 1176 quoad
595 1109 869 1158 obiectum
910 1115 1023 1156 tum
1066 1106 1246 1172 quoad
1291 1105 1711 1155 circumstantias
1751 1102 1905 1153 valet.
1987 1102 2127 1164 ΜΠ]

215 1193 426 1243 bonitas
480 1190 712 1241 formalis
755 1189 994 1240 consistit
1035 1190 1086 1238 in
1127 1187 1252 1238 reali
1293 1197 1345 1236 et
1397 1187 1621 1253 physica
1662 1186 1937 1235 tendentia
1977 1193 2129 1235 actus

215 1277 267 1326 in
322 1275 595 1324 obiectum
652 1273 751 1323 sub
809 1273 1013 1322 ratione
1070 1270 1306 1331 honesti3
1366 1278 1422 1318 ut
1479 1286 1608 1334 ergo
1664 1267 1912 1317 voluntas
1965 1267 2128 1317 talem

215 1357 581 1408 habitudinem
613 1355 807 1405 realem
837 1363 1082 1420 respectu
1115 1352 1628 1403 circumstantiarum
1669 1350 1881 1411 habeat,
1927 1350 2129 1400 debent

216 1458 333 1490 esse
372 1441 621 1489 intentae.
679 1438 832 1486 Haec
874 1446 1053 1486 autem
1095 1435 1348 1485 honestas
1377 1452 1446 1484 ex
1475 1433 1880 1483 circumstantiis
1921 1432 2129 1482 realiter

216 1540 324 1573 non
378 1521 717 1586 distinguitur
769 1520 837 1569 ab
871 1519 1173 1568 'honestate
1225 1535 1295 1567 ex
1347 1517 1591 1577 obiect0‚
1649 1516 1745 1565 sed
1799 1514 2128 1565 indivisibilis

216 1606 407 1656 entitas
448 1611 600 1654 actus
641 1603 831 1652 eadem
874 1601 1174 1662 tendentia,
1220 1616 1326 1666 qua
1367 1600 1581 1665 attingit
1620 1599 1921 1659 obiectum,
1965 1598 2126 1647 etiam

216 1688 427 1752 attingit
475 1686 920 1746 circumstantias3
976 1685 1099 1750 quia
1139 1692 1375 1733 versatur
1424 1683 1562 1731 circa
1615 1681 1912 1740 obiectum,
1968 1687 2130 1746 prout

216 1772 268 1820 in
310 1778 563 1820 concreto
605 1777 699 1818 est.
759 1800 822 1804 -—
878 1767 1087 1832 Excipe
1130 1765 1579 1816 circumstantiam
1627 1762 1942 1813 intensionis
1981 1762 2128 1828 (quo-

214 1853 425 1917 modo),
482 1869 620 1918 quae
672 1850 740 1900 ad
794 1851 1091 1899 bonitatem
1145 1848 1377 1908 confert,
1433 1847 1530 1897 etsi
1583 1846 1758 1896 solum
1800 1844 2034 1895 exercite
2075 1852 2128 1894 et

217 1935 417 1986 reflexe
456 1936 523 1984 sit
563 1933 876 1983 voluntaria.

298 2062 400 2103 Obi,
481 2053 763 2101 Secundum
801 2052 847 2099 S.
895 2053 1122 2098 Thalnam
1162 2048 1222 2111 (Ι,
1267 2068 1306 2109 2,
1345 2067 1403 2110 fl.
1450 2067 1523 2111 19,
1574 2066 1615 2096 a.
1657 2043 1701 2109 2)
1751 2047 1948 2095 bonitas
1997 2055 2154 2109 actus

216 2129 462 2177 interioris
510 2129 762 2190 dependet
810 2143 870 2174 ex
905 2128 999 2173 selo
1045 2127 1256 2173 obiecto.
1330 2125 1468 2184 Ergo
1504 2140 1607 2170 non
1645 2139 1704 2170 ex
1741 2121 2131 2170 circumstantiis.

297 2236 448 2284 Resp.
518 2226 812 2287 Angelicus,
862 2233 913 2271 ut
950 2241 1009 2271 ex
1046 2224 1153 2285 ipso
1193 2222 1396 2270 articulo
1433 2222 1633 2269 laudato
1670 2229 1829 2283 patet,
1872 2218 2016 2266 sumit
2052 2220 2136 2266 ob-

219 2302 400 2349 iectum
438 2300 611 2348 latiore
649 2316 793 2348 sensu
831 2315 921 2362 pro
948 2308 1050 2346 tota
1076 2315 1142 2355 re,
1182 2298 1231 2344 in
1260 2314 1405 2360 quam
1433 2297 1661 2344 voluntas
1686 2296 1838 2343 fertur
1867 2290 1934 2355 (n.
1963 2308 2040 2354 97,
2071 2290 2131 2354 2),

221 2386 269 2424 et
305 2376 374 2424 sic
411 2376 791 2438 comprehendit
828 2375 1231 2422 circumstantias.
1306 2374 1355 2420 Si
1393 2372 1526 2419 enim
1554 2369 1960 2418 ‘circumstantiae
1997 2369 2134 2415 nullo

221 2451 374 2498 modo
423 2460 533 2498 sunt
577 2451 758 2498 volitae
808 2446 876 2511 (ut
923 2446 1216 2508 obiectum),
1267 2447 1389 2493 nihil
1437 2447 1700 2494 conferunt
1747 2445 1810 2492 ad
1860 2443 2133 2492 bonitatem

222 2526 499 2573 voluntatis,

940 2626 1209 2674 THESIS
1246 2626 1420 2673 XVII.

236 2745 375 2798 105.
456 2743 634 2789 Actus
682 2741 912 2788 interior
960 2739 1130 2787 etiam
1181 2753 1246 2785 ex
1289 2738 1402 2784 fine
1440 2736 1696 2796 accipere
1744 2740 1932 2796 potest
1981 2733 2135 2782 boni-

229 2825 407 2866 tatem
445 2816 852 2864 accidentalem
892 2813 1282 2862 extrinsecam.

711 2916 897 2970 (Sum-ez,
931 2919 998 2956 De
1030 2917 1163 2956 bonit.
1197 2924 1275 2955 act.
1311 2916 1421 2954 hum.
1457 2915 1561 2966 disp.
1595 2912 1659 2965 6.)

312 3027 401 3080 St.
447 3027 523 3096 Q.
612 3045 653 3080 Ι.
697 3029 801 3079 Hic
843 3047 951 3078 non
978 3028 1184 3094 agimus
1214 3028 1282 3076 de
1323 3027 1427 3092 fine
1468 3024 1753 3074 intrinseco
1795 3031 1847 3072 et
1875 3022 2138 3088 proximo,

235 3113 326 3178 qui
367 3112 618 3162 coincidit
659 3129 780 3161 cum
823 3111 1038 3160 obiecto
1081 3109 1289 3159 formali
1316 3106 1618 3166 voluntatis,
1662 3105 1758 3154 sed
1800 3104 1868 3154 de
1909 3104 2013 3154 fine
2053 3119 2139 3152 ex-

236 3195 464 3245 trinseco
517 3203 570 3243 et
623 3200 858 3254 remoto,
915 3193 1005 3259 qui
1057 3193 1249 3242 dicitur
1304 3188 1591 3256 operantis
1675 3185 2020 3252 Quapropter
2071 3185 2139 3234 de

236 3277 529 3327 intentione
569 3284 623 3326 et
662 3291 844 3325 amore
884 3275 1016 3335 finis,
1061 3274 1150 3339 qui
1190 3273 1352 3323 finem
1392 3288 1489 3338 pro
1531 3270 1745 3319 obiecto
1786 3268 2013 3327 habent,
2055 3266 2182 3338 ΗΕ»

239 3376 347 3409 non
389 3359 586 3425 agitur,
640 3358 737 3408 sed
777 3356 952 3407 solum
1006 3357 1073 3407 de
1115 3355 1387 3425 *electione
1437 3351 1519 3403 vel
1573 3352 1640 3402 de
1691 3360 1813 3402 actu
1853 3340 2182 3415 voluntatis&
