2182 3682
501 208 588 237 LIB.
624 209 651 238 Ι.
699 209 799 239 CAP.
831 210 891 238 IV.
937 209 998 238 DE
1032 209 1144 238 lURE
1177 209 1526 242 l‘ROPRIE'rA'rls.
1861 217 1960 267 093

1860 242 1887 252 ..a

75 344 367 412 pendenter
406 361 436 393 a
476 360 816 409 quacumque
857 343 976 409 lege
1015 344 1243 410 positiva
1281 347 1626 411 superaddita
1660 349 1822 399 dictat
1851 367 1965 400 6556

75 425 327 476 facienda.
407 425 579 491 Atqui
624 425 676 474 in
728 426 991 491 praesenti
1039 426 1356 477 condicione
1396 436 1613 479 naturae
1654 430 1834 496 lapsae
1876 432 1965 481 do-

74 507 231 558 minia
289 508 491 573 privata
551 508 842 573 generatim
902 514 1143 573 spectata
1197 518 1320 559 sunt
1380 527 1594 575 prorsus
1653 514 1961 563 necessaria.

72 590 225 654 Ergo
257 631 264 638 .
299 631 306 640 .
342 630 350 638 .
419 589 559 638 Hinc
600 588 816 638 ulterius
855 589 1094 655 sequitur
1133 589 1309 656 legem
1350 591 1641 641 naturalem
1682 594 1965 659 unicuique

72 671 268 721 homini
310 671 616 720 immediate
656 671 885 720 tribuere
925 672 1003 721 ius
1043 673 1379 738 proprietatis
1418 675 1798 739 acquirendae,
1844 677 1967 741 quia

70 752 173 803 hoc
213 753 322 805 iure
361 770 468 802 non
510 753 788 818 supposito
841 754 1042 818 privata
1095 754 1327 804 dominia
1370 755 1506 805 iusta
1545 773 1661 806 esse
1701 774 1804 806 non
1849 775 1965 822 pos-

69 842 214 897 sunt;
269 835 505 901 sequitur
555 843 828 900 praeterea
879 836 1145 885 neminem
1197 854 1355 901 posse
1407 854 1460 886 re
1511 838 1675 888 semel
1732 838 1966 904 legitime

70 917 326 982 acquisita
364 917 476 966 sine
515 917 697 966 iniuria
737 917 957 966 invitum
998 917 1225 983 spoliari,
1269 919 1378 968 sive
1417 919 1468 968 id
1509 919 1567 969 fit
1606 919 1743 969 clam
1785 920 1966 985 (furto)

67 999 176 1049 sive
226 999 275 1048 vi
331 1006 514 1064 aperta
569 998 790 1064 (rapina)
846 1000 954 1048 sive
1010 1017 1348 1066 quacumque
1402 1001 1593 1051 iniusta
1648 1002 1966 1068 deceptione

67 1080 272 1146 (fraude
314 1081 453 1145 eto).

143 1167 486 1235 Quapropter
525 1167 620 1230 illi,
677 1170 764 1235 qui
804 1171 854 1219 vi
895 1170 1128 1220 dominia
1170 1171 1373 1237 privata
1413 1172 1627 1222 abolere
1668 1173 1963 1235 intendunt,

69 1252 295 1318 primum
338 1269 402 1301 eo
443 1260 697 1317 peccant,
753 1253 897 1318 quod
951 1252 1170 1318 singulis
1220 1254 1393 1303 invitis
1446 1263 1630 1304 contra
1679 1256 1966 1321 septimum

69 1340 415 1400 praeceptum
455 1350 551 1384 sua
579 1332 764 1383 tollere
806 1335 1039 1400 cupiunt,
1084 1335 1278 1385 deinde
1307 1353 1386 1397 eo,
1431 1337 1579 1402 quod
1619 1337 1857 1402 singulos
1897 1338 1966 1387 in-

65 1417 199 1466 iuste
228 1416 510 1482 prohibere
539 1416 770 1477 student,
816 1418 1100 1482 quominus
1128 1419 1226 1468 sibi
1254 1419 1466 1484 propria
1494 1420 1781 1484 acquirant.
1840 1419 1964 1485 Quo

64 1506 225 1564 pacto
267 1499 424 1548 etiarn
466 1498 563 1548 toti
602 1498 842 1548 societati
885 1499 1140 1548 damnum
1182 1501 1550 1566 gravissimum
1591 1496 1832 1552 inferunt.

138 1580 224 1630 Ius
266 1589 444 1630 tamen
474 1581 839 1646 proprietatis
878 1581 934 1630 2'72
975 1590 1212 1632 concreto
1254 1583 1322 1632 ad
1364 1583 1500 1633 hanc
1542 1582 1623 1633 vel
1660 1583 1801 1633 illam
1837 1602 1962 1644 rem,

65 1663 306 1729 quamvis
346 1663 411 1712 sit
452 1662 688 1712 naturale
728 1664 1022 1713 secundum
1065 1664 1209 1730 quid,
1252 1665 1461 1715 videtur
1489 1674 1666 1715 tamen
1695 1683 1810 1715 6556
1850 1667 1966 1715 sim-

66 1743 268 1810 pliciter
308 1745 447 1795 iuris
487 1745 736 1807 lamnam}
792 1746 915 1811 quia
954 1746 1004 1794 in
1045 1764 1372 1812 unoquoque
1422 1764 1544 1797 casu
1586 1748 1749 1797 oritur
1788 1747 1965 1814 aliquo

67 1826 207 1876 facto
249 1826 415 1877 libero
469 1835 526 1877 ut
567 1845 727 1877 causa
768 1829 1013 1893 proxima
1062 1836 1113 1878 et
1153 1829 1306 1878 simili
1349 1829 1490 1879 facto
1531 1831 1719 1879 iterum
1763 1848 1966 1880 cessare

65 1917 244 1975 potest
286 1911 354 1974 (n.
401 1919 522 1972 252,
571 1910 635 1973 5).
713 1910 988 1960 Praeterea
1029 1912 1316 1961 auctoritas
1358 1911 1533 1973 civilis,
1579 1913 1820 1977 quamvis
1860 1930 1966 1962 non

66 1991 232 2056 possit
283 1991 527 2041 homines
580 1993 869 2057 generatim
924 1992 1234 2058 prohibere,
1291 1994 1578 2059 quominus
1616 1995 1715 2044 sibi
1756 1996 1968 2060 propria

65 2074 366 2138 acquirant,
421 2081 601 2139 potest
651 2083 830 2124 tamen
871 2075 1043 2124 varios
1091 2076 1285 2125 modos
1327 2077 1634 2141 acquirendi
1674 2078 1967 2126 accuratius

66 2155 416 2205 determinare
458 2155 539 2205 vel
581 2157 739 2206 etiam
780 2157 1028 2218 limitare,
1084 2158 1126 2206 si
1167 2158 1233 2207 ad
1277 2158 1478 2208 bonum
1523 2176 1805 2209 commune
1847 2176 1967 2208 con-

67 2237 259 2287 ducere
299 2238 565 2300 videatur‚
620 2239 690 2288 ita
731 2248 788 2289 ut
838 2240 918 2289 ius
970 2241 1307 2305 proprietatis
1359 2241 1409 2290 in
1464 2249 1716 2292 concreto
1758 2242 1897 2291 varie
1939 2259 1967 2291 a

65 2318 274 2385 legibus
315 2319 554 2370 civilibus
596 2321 916 2388 dependeat.

142 2461 314 2507 Dices:
352 2462 629 2523 Occupatio
668 2472 714 2510 et
752 2462 899 2510 etiam
935 2464 1075 2510 labor
1113 2473 1183 2511 est
1209 2465 1363 2510 solum
1391 2466 1587 2513 condicio
1612 2467 1716 2514 sine
1743 2483 1839 2527 qua
1865 2483 1966 2514 non

65 2551 156 2596 pro
194 2535 296 2582 iure
332 2537 646 2597 proprietatis
683 2537 731 2583 in
771 2547 1034 2597 concreto3
1084 2554 1202 2599 ergo
1238 2539 1333 2585 hoc
1371 2540 1442 2586 ius
1479 2541 1639 2601 potius
1687 2542 1966 2588 vocandum

67 2618 138 2656 est
172 2609 243 2656 ius
280 2613 501 2658 naturale
537 2613 908 2673 hypotheticum
948 2608 1026 2674 (cf.
1066 2613 1315 2675 *S'cllisfimss
1365 2614 1542 2662 Philos.
1582 2631 1703 2662 mor.
1750 2632 1795 2663 n.
1836 2613 1964 2678 339).

146 2707 285 2768 Κεφ.
324 2707 465 2767 „Nego
501 2715 643 2754 antec.
709 2709 986 2770 Occupatio
1026 2718 1095 2756 est
1132 2726 1272 2756 causa
1309 2712 1532 2772 proxima
1569 2712 1881 2774 proprietatis
1917 2713 1967 2758 in
2009 2737 2015 2742 ·

67 2790 315 2828 concreto.
390 2782 517 2828 Nam
571 2782 674 2844 ipsa
728 2793 798 2830 est
835 2786 1027 2840 titulus,
1072 2791 1276 2846 propter
1324 2802 1455 2846 quem
1507 2787 1696 2833 homini
1746 2788 1843 2834 hoc
1895 2787 1966 2833 ius

67 2856 318 2916 competit.
391 2856 513 2904 Ideo
552 2856 590 2904 si
626 2857 692 2915 is,
743 2858 827 2918 qui
864 2875 968 2905 rem
1005 2859 1182 2906 nullius
1221 2861 1506 2922 occupavit,
1557 2861 1963 2922 interrogaretur:

69 2929 167 2976 Cur
203 2930 290 2976 tibi
327 2930 399 2977 ius
435 2931 486 2977 in
523 2931 656 2978 illam
694 2948 798 2979 rem
835 2933 1071 2991 vindicas,
1112 2944 1279 2995 posset
1316 2944 1364 2982 et
1401 2936 1606 2982 deberet
1643 2937 1963 2996 respondere,

67 3005 177 3063 quia
214 3020 322 3051 eam
360 3006 600 3067 occupavi
640 3003 719 3067 (cf.
759 3024 805 3053 n.
849 3022 957 3069 252,
999 3004 1060 3070 5).
1113 3010 1206 3056 Scl.
1247 3025 1498 3071 occupans
1524 3017 1618 3071 per
1640 3027 1772 3057 suam
1807 3011 1964 3057 volun-

67 3083 218 3137 tatem,
260 3094 356 3139 qua
393 3096 498 3126 rem
545 3089 595 3126 ut
643 3081 887 3128 exclusive
936 3084 1190 3144 propriam
1238 3084 1330 3130 sibi
1368 3085 1590 3141 assumit,
1631 3085 1734 3131 aliis
1770 3086 1968 3146 imponit

67 3152 386 3212 obligationem
424 3170 535 3201 eum
582 3155 632 3201 in
677 3171 764 3202 usu
799 3156 940 3203 huius
988 3159 1059 3204 rei
1095 3173 1198 3204 non
1234 3158 1542 3220 impediendi
1580 3159 1759 3206 eodem
1795 3160 1962 3218 modo,

67 3241 165 3286 quo
201 3245 244 3274 v.
282 3244 326 3289 g.
366 3229 579 3276 donator
615 3245 704 3290 per
740 3231 1064 3278 donationem
1103 3233 1330 3280 omnibus
1367 3233 1579 3294 imponit
1604 3233 1961 3294 obligationem

45 3303 371 3361 agnoscendi
396 3304 719 3362 donatarium,
748 3322 776 3351 a
801 3321 899 3366 quo
925 3306 1112 3353 donum
1139 3307 1390 3368 accipitur,
1429 3316 1682 3367 tamquam
1709 3308 1963 3355 dominum

56 3374 188 3423 ,doni
225 3391 438 3438 eumque
475 3378 525 3424 in
560 3379 718 3426 libero
755 3395 843 3426 usu
881 3380 1104 3427 eiusdem
1141 3396 1244 3427 non
1282 3381 1604 3441 impediendi.
