2182 3682
202 154 309 204 324
598 151 711 179 PARS
746 151 794 179 11.
841 150 1163 180 PHILOSOPHIA
1197 150 1406 180 MORALIS
1442 150 1693 182 SPECIALIS.

199 288 404 339 lucrum
444 290 717 356 percipere
758 296 965 356 potest,
1014 290 1326 356 praesertim
1367 290 1682 339 societatem
1723 306 1847 340 curn
1886 289 1999 341 aliis
2037 291 2108 342 in-

197 371 399 432 eundo,
453 390 499 422 v.
545 388 594 437 g.
639 372 904 422 tradendo
946 372 1229 437 pecuniam
1270 372 1619 422 societatibus
1657 373 1928 422 actionum
1970 389 2109 439 quae

195 462 478 515 vocantur,
532 455 760 520 pecunia
810 454 926 520 ipsa
978 463 1219 504 naturam
1273 454 1551 504 cuiusdam
1605 455 1678 505 rei
1717 453 1998 521 frugiferae
2037 455 2108 505 in-
2157 453 2159 458 ⁴

197 536 336 599 duit,
379 537 633 603 ideoque,
685 537 774 602 qui
817 537 928 586 eius
969 553 1126 586 usum
1166 536 1314 586 alteri
1355 537 1421 586 ad
1465 545 1680 604 tempus
1720 537 1995 599 concedit,
2049 555 2107 588 se
2164 578 2165 581 η

196 637 293 686 pro
349 619 544 669 eodem
601 628 845 685 tempore
902 626 1172 685 potestate
1228 618 1466 669 lucrandi
1521 620 1693 686 privat
1748 628 1802 670 et
1853 619 1976 670 hinc
2027 621 2106 671 ius

195 701 359 752 habet
398 703 467 752 ad
509 718 801 767 congruam
843 702 1340 753 remunerationem.
2167 685 2181 700 i

196 863 343 915 419.
425 852 480 916 b)
537 852 785 903 Alterum
842 852 1105 914 valorem,
1169 871 1289 904 cum
1345 855 1520 920 priore
1580 871 1879 916 conexum,
1940 854 2106 905 habet

194 935 420 1000 pecunia
472 935 621 997 inde,
677 936 826 1001 quod
880 936 1290 1002 quodammodo
1341 954 1529 986 omnes
1570 954 1652 986 res
1692 936 1846 986 utiles
1888 945 2104 1002 reprae-

191 1025 377 1068 sentat.
461 1016 598 1068 Nam
642 1018 731 1084 qui
773 1019 1056 1084 pecuniam
1096 1018 1275 1081 habet,
1320 1020 1561 1085 possidet
1601 1036 1708 1069 non
1749 1019 1968 1085 quidem
2006 1018 2102 1069 for-

193 1099 424 1161 maliter,
478 1101 575 1150 sed
616 1101 1023 1167 aequivalenter
1063 1119 1251 1152 omnes
1305 1119 1411 1162 res,
1467 1118 1604 1167 quae
1655 1102 1882 1168 pecunia
1922 1101 2006 1152 hic
2048 1110 2101 1152 et

193 1199 331 1232 nunc
372 1183 476 1232 emi
516 1193 759 1250 possunt.

267 1269 478 1336 Quodsi
527 1282 697 1323 status
748 1274 1018 1324 societatis
1072 1273 1189 1323 talis
1245 1283 1350 1336 est,
1411 1283 1468 1324 ut
1525 1275 1789 1325 ordinarie
1843 1291 1951 1324 non
2006 1273 2103 1324 nisi

192 1371 274 1403 res
315 1355 752 1421 consumptibiles
794 1357 1020 1420 (vinum,
1066 1357 1389 1407 frumentum
1430 1358 1553 1421 eto)
1596 1357 1700 1407 emi
1741 1357 1970 1423 possint,
2013 1373 2101 1422 pe-

191 1437 344 1486 cunia
383 1454 479 1503 per
517 1455 575 1488 se
615 1438 788 1488 solum
833 1448 1195 1505 repraesentat
1235 1440 1499 1490 eiusmodi
1540 1457 1622 1490 res
1659 1438 2101 1506 consumptibiles

189 1518 357 1584 iisque
399 1521 579 1586 quoad
620 1520 856 1571 valorem
901 1522 1287 1588 aequiparatur.
1357 1520 1412 1572 Si
1451 1540 1578 1572 vero
1618 1531 1789 1572 status
1828 1521 2098 1572 societatis

189 1600 306 1651 talis
346 1603 524 1664 evasit,
570 1611 626 1653 ut
665 1612 971 1670 opportuna
1011 1606 1224 1654 occasio
1265 1622 1347 1655 res
1384 1604 1661 1671 frugiferas
1689 1605 1862 1655 omnis
1890 1603 2119 1671 generis,

188 1685 401 1734 emendi
441 1685 550 1735 fere
591 1694 848 1752 perpetua
887 1687 954 1736 sit
995 1695 1085 1737 aut
1127 1687 1316 1737 saltem
1358 1689 1471 1738 sine
1507 1687 1759 1754 peculiari
1787 1685 2098 1737 difficultate

188 1766 370 1817 haberi
411 1777 596 1833 queat,
653 1770 877 1835 pecunia
918 1770 1099 1835 quoad
1141 1769 1376 1820 valorem
1419 1770 1577 1820 rebus
1619 1770 1880 1836 frugiferis
1921 1768 2094 1836 aequi-

187 1850 336 1900 valet
373 1867 465 1900 seu
507 1851 695 1901 iisdem
736 1853 1066 1902 annumerari
1108 1860 1302 1919 potest.

261 1939 430 2006 Atqui
479 1939 740 1991 hodierno
789 1951 1057 2008 tempore,
1113 1951 1334 2008 propter
1373 1943 1559 1991 miram
1600 1941 2097 1992 communicationis

187 2021 492 2072 facilitatem
534 2032 586 2073 et
627 2023 968 2084 celeritatem,
1012 2034 1234 2091 propter
1273 2025 1613 2091 negotiorum
1655 2024 2004 2090 frequentiam
2041 2033 2095 2073 et

186 2105 572 2167 diversitatem,
628 2116 850 2173 propter
901 2106 1202 2157 libertatem
1257 2108 1562 2157 commercii
1619 2116 1671 2157 et
1711 2107 2002 2157 industriae
2041 2114 2096 2156 et

185 2188 425 2238 crebram
464 2205 714 2254 agrorum
753 2190 1065 2239 divisionem
1106 2199 1159 2239 et
1188 2190 1549 2239 venditionem
1585 2188 1802 2239 cuilibet
1831 2189 2094 2239 ordinarie

184 2279 237 2319 et
288 2271 484 2337 ubique
536 2273 749 2322 occasio
802 2281 1015 2339 praesto
1070 2281 1149 2322 est
1203 2290 1283 2322 res
1337 2272 1629 2322 fructiferas
1670 2272 1843 2322 omnis
1883 2271 2094 2338 generis

184 2353 411 2414 emendi,
457 2354 788 2421 proindeque
818 2356 1042 2421 pecunia
1070 2356 1252 2421 quoad
1281 2354 1518 2406 valorem
1547 2354 1803 2404 moralem
1833 2355 1892 2405 iis
1920 2354 2092 2420 aequi-

183 2435 353 2501 parari
394 2445 589 2502 potest.

185 2585 333 2638 420.
415 2585 582 2624 PARS
613 2587 667 2624 ΙΙ.
731 2587 889 2625 Etiam
926 2588 1255 2626 abstrahendo
1290 2600 1317 2626 a
1353 2587 1679 2637 dispositione
1712 2587 1841 2636 Iegis
1875 2586 2047 2625 civilis.

259 2673 425 2720 Prob.
473 2672 529 2723 Si
582 2673 733 2724 fenus
789 2692 997 2725 sumere
1050 2675 1230 2726 liceret
1283 2676 1355 2725 ob
1408 2675 1577 2726 solam
1631 2675 1809 2740 legem
1865 2673 2086 2734 civilem,

183 2753 272 2803 lex
323 2755 545 2805 deberet
597 2757 754 2806 etiam
797 2775 1105 2807 mensuram
1146 2776 1240 2807 seu
1293 2758 1485 2807 limites
1536 2758 1691 2808 huius
1731 2756 1925 2807 fenoris
1964 2755 2088 2806 liciti

183 2836 548 2887 determinare.
630 2838 755 2888 Non
810 2840 950 2889 enim
1003 2847 1183 2906 potest
1235 2840 1323 2890 lex
1374 2840 1761 2906 quodcumque
1810 2839 1962 2889 fenus
2001 2856 2088 2888 ex-

183 2920 446 2969 cessivum
501 2920 698 2970 licitum
759 2922 998 2972 reddere.
1083 2922 1254 2988 Atqui
1305 2922 1467 2972 hodie
1524 2923 1632 2972 fere
1687 2922 1887 2988 ubique
1942 2920 2088 2987 leges

183 2999 330 3051 fenus
386 3003 454 3051 ad
511 3011 712 3053 certam
768 3005 1119 3070 quantitatem
1174 3005 1553 3071 restringentes
1604 3005 1897 3071 abrogatae
1947 3010 2083 3053 sunt.

182 3082 336 3147 Ergo
370 3127 375 3133 .
414 3127 420 3134 .
454 3126 461 3133 .

256 3171 372 3222 Nec
424 3181 606 3239 potest
659 3176 849 3225 recurri
900 3176 967 3225 ad
1009 3176 1237 3242 aliquam
1281 3176 1748 3237 consuetudinem,
1803 3192 1942 3242 quae
1980 3175 2085 3224 vim

183 3252 316 3320 legis
355 3255 568 3307 habeat.
636 3257 775 3307 Nam
817 3259 1080 3308 eiusmodi
1121 3259 1562 3309 consuetudinem
1602 3258 1856 3308 exsistere
1895 3258 2084 3307 merito

184 3346 420 3402 negatur.
502 3337 561 3387 In
615 3339 794 3390 multis
847 3342 986 3390 enim
1044 3342 1348 3406 regionibus
1398 3341 1636 3408 praecise
1676 3358 1734 3390 eo
1767 3341 1886 3408 fine
1937 3339 2084 3407 leges
