2182 3682
542 166 628 196 LIR.
664 166 692 196 1.
737 164 838 196 CAP.
873 166 914 196 V.
963 165 1024 194 DE
1059 165 1432 195 CONTRACTIBUS.
1829 168 1933 221 317

117 303 164 367 c)
205 301 606 362 commodatura,
646 319 752 366 quo
781 301 896 366 quis
926 317 1036 349 rem
1064 317 1213 349 suam
1244 299 1391 349 alteri.
1419 318 1515 366 pro
1545 309 1690 350 certo
1720 318 1815 350 usu
1846 319 1938 367 per

42 383 255 450 aliquod
295 389 507 448 tempus
548 383 778 448 gratuito
821 381 1082 432 concedit.
1164 380 1219 431 Si
1260 390 1473 446 tempus
1513 399 1621 431 non
1661 384 1727 431 sit
1770 383 1935 432 deter-

42 467 323 525 minatum,
377 464 474 513 sed
516 481 598 513 res
650 462 962 513 revocabilis
1002 463 1067 512 sit
1106 463 1176 512 ad
1217 463 1486 512 arbitrium
1529 465 1936 525 commodantis,

39 547 264 598 habetur
292 546 611 610 precarimn
627 565 645 609 ,-

113 628 169 691 d)
210 636 443 678 mutmmz
495 636 576 677 est
628 635 931 676 contractus
984 627 1270 692 gratuitus,
1326 643 1433 692 quo
1479 627 1595 692 quis
1647 626 1939 676 dominium

43 711 114 761 rei
154 709 422 775 fungibilis
463 709 530 773 (n.
579 709 702 772 326)
745 710 797 758 in
838 708 997 758 alium
1037 709 1308 769 transfert,
1353 724 1415 757 ea
1454 707 1568 758 sola
1609 708 1937 769 condicione,

43 799 99 842 ut
138 791 238 841 sibi
278 808 361 840 res
400 790 500 841 alia
540 791 776 840 eiusdem
818 791 1012 856 speciei
1054 799 1107 840 et
1146 790 1337 840 valoris
1378 791 1705 851 restituatur;

115 874 163 938 e)
204 873 498 938 depositum
558 881 637 922 est
689 879 995 923 contractus
1047 873 1333 938 gratuitus,
1388 890 1496 938 quo
1538 873 1653 938 quis
1695 889 1803 921 rem
1844 872 1942 922 sibi

43 956 109 1006 ab
151 955 318 1005 altero
361 955 609 1005 traditam
651 955 722 1004 illi
763 954 1171 1005 custodiendam
1212 955 1444 1020 suscipit.

117 1057 164 1108 3.
210 1043 528 1094 Contractus
570 1044 795 1105 onerosi,
838 1051 1027 1109 utpote
1069 1043 1159 1109 qui
1201 1051 1438 1092 mutuam
1476 1042 1861 1108 obligationem
1890 1051 1942 1092 et

41 1144 174 1177 onus
214 1127 506 1192 imponant,
557 1124 888 1191 aliquatenus
928 1125 997 1174 ad
1038 1125 1488 1191 permutationem
1529 1124 1633 1174 late
1673 1134 1942 1191 sumptam

41 1209 274 1259 revocari
326 1216 575 1275 possunt,
634 1225 795 1274 quare
847 1209 1004 1257 etiam
1062 1209 1427 1273 permutatorii
1478 1207 1943 1273 (synallagmatici)

41 1291 300 1341 dicuntur.
358 1291 415 1339 In
458 1291 706 1340 omnibus
746 1307 906 1355 porro
948 1290 1429 1355 permutationibus
1470 1289 1729 1356 generalis
1763 1288 1944 1355 regula

41 1373 267 1423 iustitiae
308 1380 403 1432 est,
447 1380 505 1421 ut
545 1373 680 1422 inter
720 1373 903 1421 datum
947 1380 999 1422 et
1040 1380 1322 1438 acceptum
1351 1373 1645 1422 secundum
1689 1372 1944 1422 moralem

41 1455 462 1505 aestimationem
490 1462 727 1504 servetur
755 1454 1058 1520 aequalitas
1118 1453 1224 1519 Qui
1253 1456 1391 1504 enim
1421 1454 1581 1505 talem
1610 1463 1944 1504 contractum

41 1539 174 1587 inter
212 1555 269 1588 se
307 1539 516 1598 ineunt,
562 1536 688 1586 nihil
728 1538 890 1602 gratis
930 1537 1056 1586 dare
1095 1537 1391 1598 intendunt,
1436 1538 1530 1587 sed
1570 1536 1757 1586 volunt
1797 1536 1944 1586 alteri

41 1619 272 1686 aliquam
302 1637 411 1670 rem
441 1620 650 1669 tradere
679 1636 775 1685 pro
805 1618 1172 1684 aequivalenti.
1229 1618 1285 1669 Si
1312 1628 1489 1669 autem
1519 1637 1626 1669 non
1654 1626 1947 1669 servaretur

43 1701 348 1768 aequalitas,
394 1708 699 1751 contractus
728 1708 914 1751 contra
953 1701 1300 1751 intentionem
1330 1702 1752 1751 contrahentium
1797 1701 1947 1751 fieret

43 1784 316 1849 gratuitus.
399 1782 537 1849 Quia
587 1783 748 1833 virtus
801 1784 1024 1833 iustitiae
1064 1783 1391 1833 strictissima
1432 1785 1482 1832 in
1533 1784 1613 1833 his
1657 1794 1946 1834 commuta-

44 1866 274 1917 tionibus
299 1866 631 1932 potissimum
656 1874 904 1927 versatur,
934 1883 995 1915 ea
1017 1874 1208 1916 vocata
1230 1875 1308 1916 est
1335 1866 1527 1915 iustitia
1550 1867 1943 1917 commutativa.

47 2018 194 2070 412.
274 2020 323 2069 4.
369 2005 688 2057 Contractus
731 2007 941 2056 onerosi
982 2007 1251 2072 praecipui
1292 2013 1440 2057 sunt:

118 2104 168 2166 a)
210 2103 404 2168 emptio
445 2112 499 2153 et
539 2103 789 2153 venditio.
846 2103 942 2153 Est
971 2111 1289 2165 contractuS‚
1334 2122 1443 2169 quo
1474 2104 1581 2153 (luo
1612 2112 1796 2153 mutuo
1827 2120 1947 2153 con-

45 2185 278 2235 sentiunt
306 2186 373 2235 de
402 2186 649 2236 mercede
679 2185 858 2236 danda
886 2184 968 2235 vel
996 2186 1309 2252 accipienda
1350 2204 1445 2252 pro
1475 2187 1661 2252 pretio.
1718 2186 1949 2236 Pretium

46 2267 129 2318 hic
169 2266 491 2333 intellegitur
517 2267 665 2318 valor
702 2269 773 2317 rei
813 2285 920 2317 non
950 2269 1480 2334 quomodocumque,
1523 2269 1619 2319 sed
1661 2286 1756 2335 per
1795 2286 1949 2334 pecu-

45 2351 185 2400 niam
215 2349 608 2411 determinatus,
653 2349 886 2416 alioquin
928 2350 1212 2400 haberetur
1240 2358 1545 2401 contractus
1574 2352 1946 2401 innominatus,

121 2432 353 2482 Pretium
410 2432 573 2482 debet
628 2449 743 2482 esse
802 2432 997 2482 iustum
1055 2450 1147 2482 seu
1207 2432 1442 2483 valorem
1503 2435 1575 2483 rei
1632 2434 1947 2499 adaequare.

47 2513 270 2580 Triplex
311 2532 469 2580 porro
498 2515 723 2581 pretium
754 2515 1114 2581 distinguitur:
1159 2516 1353 2581 legale,
1397 2516 1627 2581 vulgare
1655 2515 1948 2581 (naturale),

48 2596 468 2657 conventionale,
521 2605 680 2663 prout
730 2596 813 2646 vel
866 2614 960 2662 per
1010 2597 1184 2663 legem
1240 2615 1269 2646 a
1321 2599 1635 2663 magistratu
1677 2598 1758 2648 vel
1811 2616 1950 2648 com-

49 2679 195 2727 muni
249 2677 525 2727 hominum
581 2678 776 2728 iudicio
832 2678 915 2728 vel
976 2678 1139 2728 libera
1196 2679 1623 2730 contrahentium
1678 2680 1952 2730 voluntate

49 2760 444 2810 determinatur.
503 2760 635 2809 Cum
677 2761 790 2826 ipse
818 2761 964 2810 valor
1005 2761 1077 2810 rei
1118 2762 1424 2827 dependeat
1464 2780 1493 2812 a
1534 2761 1709 2812 multis
1738 2763 1951 2812 circum-

48 2841 268 2902 stantiis,
312 2842 470 2891 etiam
512 2843 766 2892 iudicium
807 2844 875 2892 de
916 2842 1094 2892 valore
1135 2845 1269 2893 intra
1310 2845 1580 2910 quandam
1623 2845 1952 2894 latitudinem

49 2923 248 2973 variare
289 2931 483 2989 potest,
527 2924 651 2989 quin
681 2933 852 2974 cesset
893 2926 1121 2991 pretium
1151 2943 1267 2976 esse
1294 2926 1505 2976 iustum.
1562 2927 1690 2976 Ideo
1724 2927 1952 2993 pretium

49 3003 266 3070 vulgare
318 3006 656 3072 distinguitur
701 3007 752 3055 in
802 3024 1095 3067 stammam,
1147 3009 1408 3069 medium,
1461 3009 1717 3075 infimum.
1800 3008 1952 3059 Ultra

0 3083 1 3100 ³
49 3102 314 3136 summum
368 3088 596 3153 pretium
635 3088 882 3138 venditor
933 3098 985 3138 et
1035 3089 1167 3140 infra
1217 3090 1458 3140 infimum
1499 3100 1710 3157 emptor
1750 3091 1952 3156 absque

51 3167 315 3218 iniustitia
356 3169 500 3218 exire
542 3186 635 3235 per
674 3187 730 3219 se
771 3172 968 3236 nequit.
1050 3170 1501 3233 Circumstantiae‚
1546 3189 1684 3238 quae
1725 3173 1952 3238 pretium

53 3265 225 3299 rerum
265 3258 480 3316 augent,
523 3259 644 3301 sunt
683 3252 938 3317 imprimis
965 3270 1145 3303 earum
1185 3254 1457 3320 perfectio,
1502 3272 1607 3304 non
1637 3254 1854 3320 quidem
1882 3255 1952 3303 in-

51 3331 292 3394 trinseca,
337 3349 456 3382 cum
497 3350 720 3399 pomum
761 3335 1015 3384 maiorem
1042 3335 1277 3385 valorem
1320 3336 1514 3386 habeat
1554 3353 1716 3402 quam
1754 3353 1949 3398 musca,
