2182 3682
617 169 771 198 CAPUT
802 170 843 199 V.
894 169 956 197 DE
990 169 1110 197 LEGE
1144 169 1397 199 NATURALI.
1856 172 1952 222 143

65 305 223 371 fuisse
262 304 558 373 inventam,
612 310 669 351 ut
709 302 975 353 efficacius
1008 301 1210 380 possit
1229 302 1456 371 societas
1496 303 1726 353 humana
1766 322 1796 353 a
1834 305 1956 354 Deo

64 394 117 435 et
162 402 192 434 a
243 384 539 449 religione
547 382 739 451 divelli.
820 368 1072 448 Societas
1114 383 1254 432 enim
1306 382 1537 432 humana
1586 384 1698 434 sine
1749 382 1956 447 iustitia,

898 443 989 457 *bn*
994 449 1014 453 ,.

64 450 332 526 fidelitate,
376 465 740 530 temperantia,
772 465 1003 524 caritate,
1036 464 1394 524 oboedientia,
1426 464 1594 513 brevi:
1637 467 1747 515 sine
1777 468 1960 537 ordine

63 547 274 613 morali,
319 547 606 596 consistere
647 563 773 604 non
797 554 989 611 potest
1071 545 1147 622 Ut
1187 562 1316 610 ergo
1357 545 1609 596 increduli
1650 548 1960 597 societatem

65 646 95 678 a
156 612 277 678 Deo
342 612 793 693 independentem
861 627 1085 677 reddere
1150 635 1202 676 et
1269 626 1577 691 religionem
1640 629 1961 693 superfluam

9 745 13 748 -
63 710 332 760 declarare
384 708 621 769 valeant,
681 709 882 759 debent
933 708 1216 758 ostendere
1257 724 1327 758 ex
1378 709 1484 758 suis
1534 711 1838 774 systematis
1878 727 1963 759 ex-

62 793 246 842 sistere
286 808 445 857 posse
486 791 727 840 ordinem
771 790 1027 839 moralem
1069 807 1251 839 verum
1294 797 1347 839 et
1387 789 1678 850 efficacem,
1723 791 1811 857 qui
1842 791 1963 840 Deo

63 873 209 924 nullo
238 873 403 923 modo
431 873 681 938 indigeat.
740 872 870 922 Inde
898 880 1007 921 tam
1029 872 1170 921 varia
1198 873 1488 922 tentamina
1508 873 1965 938 suppositionibus

64 955 343 1005 arbitrariis
399 963 452 1004 et
510 954 752 1004 absurdis
813 953 1219 1002 «construendi»
1281 954 1520 1003 ordinem
1581 953 1837 1003 moralem
1893 954 1963 1004 in-

64 1037 461 1103 dependentem
490 1035 876 1101 (Moralphilos.
908 1035 930 1083 I
975 1046 1075 1098 372
1106 1052 1224 1101 sqq,
1268 1043 1321 1084 et
1361 1035 1629 1100 copiosius
1668 1035 1736 1084 de
1776 1036 1965 1085 eadem

63 1137 118 1169 re
172 1120 223 1168 in
278 1119 509 1168 auctoris
562 1119 789 1183 scripto:
848 1116 1097 1183 Religion
1154 1116 1263 1165 und
1316 1115 1486 1166 Moral
1546 1117 1678 1167 oder
1730 1116 1859 1166 Gibt
1911 1133 1967 1166 es

61 1201 177 1251 eine
218 1200 584 1266 religionslose
624 1197 868 1249 Moral?2
910 1198 1156 1264 Friburgi
1195 1195 1504 1263 Brisgoviae
1554 1199 1730 1263 1904).

70 1345 212 1412 157·
284 1363 385 1404 Obi.
420 1376 452 1402 1.
516 1354 768 1415 Obligatio
806 1371 833 1400 a
871 1353 965 1400 Dei
1001 1354 1250 1400 voluntate
1298 1367 1401 1398 non
1448 1352 1649 1413 pendet.
1721 1353 1849 1399 Nam
1885 1354 1968 1400 ob-

62 1430 229 1492 ligatio
277 1431 463 1492 pendet
510 1445 569 1477 ex
603 1429 700 1476 hoc
736 1428 1006 1490 principio:
1058 1429 1170 1475 Deo
1206 1426 1532 1489 praecipienti
1567 1427 1843 1488 parendum
1880 1436 1965 1474 est.

63 1505 216 1566 Atqui
246 1506 343 1551 hoc
379 1504 675 1566 principium
713 1519 813 1550 non
851 1503 1037 1564 pendet
1074 1519 1100 1548 a
1137 1502 1235 1549 Dei
1269 1503 1533 1548 voluntate.
1605 1502 1743 1560 Ergo
1770 1538 1778 1548 .
1809 1539 1818 1549 .
1848 1540 1856 1549 .

142 1610 293 1658 Resp.
368 1599 504 1658 Nego
539 1604 700 1645 assert.
774 1597 860 1643 Ad
880 1598 1015 1659 prob.
1055 1598 1157 1644 dist.
1197 1599 1304 1643 mai.
1325 1614 1338 1642 .·
1386 1596 1636 1657 Obligatio
1684 1598 1804 1658 legis
1843 1597 1968 1659 posi-

63 1675 205 1731 tivae,
243 1681 411 1730 trans„
449 1673 686 1734 obligatio
723 1673 843 1734 legis
868 1672 1113 1728 naturalis,
1153 1687 1294 1730 nega
1331 1672 1434 1718 dist.
1463 1673 1604 1718 min..-
1641 1672 1755 1718 Non
1784 1673 1970 1733 pendet

66 1766 95 1796 a
129 1750 380 1796 voluntate
406 1749 502 1796 Dei
540 1748 705 1809 quoad
742 1746 1098 1808 obligationem
1134 1746 1473 1808 imperfectam
1513 1742 1559 1805 (i.
1588 1761 1628 1793 e.
1656 1746 1969 1794 intrinsecam

65 1819 405 1884 honestatem),
454 1838 599 1878 cana,
651 1823 818 1883 quoad
866 1821 1223 1882 obligationem
1260 1820 1524 1882 perfectam
1572 1829 1620 1867 et
1656 1822 1969 1882 completam,

64 1900 285 1946 subdz'st..·
331 1898 369 1945 si
417 1898 727 1958 intellegatur
773 1911 862 1958 per
910 1895 1113 1943 modum
1160 1895 1415 1957 praecepti
1462 1895 1669 1942 absoluti
1717 1895 1813 1942 iam
1861 1905 1972 1942 actu

66 1974 342 2034 obligantis,
380 1988 509 2033 nege,
548 1972 587 2019 si
612 1971 928 2034 hypothetice
966 1971 1122 2018 solum
1158 1970 1469 2030 intellegatur
1504 1984 1593 2030 per
1618 1970 1820 2016 modum
1845 1970 1973 2031 prin-

68 2048 183 2111 cipii
219 2063 354 2095 mere
392 2046 693 2109 speculativi,
733 2061 848 2093 conc.

145 2144 471 2207 Principium:
521 2145 634 2191 Deo
682 2141 1009 2205 praecipienti
1056 2141 1331 2203 parendum
1373 2150 1468 2198 est,
1518 2149 1678 2202 potest
1714 2138 1973 2201 dupliciter

67 2218 310 2280 intellegi:
354 2236 393 2267 1.
429 2233 519 2280 per
554 2217 755 2264 modum
781 2216 1037 2278 praecepti
1073 2222 1178 2262 actu
1214 2217 1308 2262 iam
1341 2216 1602 2275 obligantis,
1641 2214 1705 2261 ita
1730 2222 1780 2260 ut
1805 2230 1973 2261 sensus

68 2294 150 2341 sit:
200 2295 297 2341 iam
345 2303 456 2341 actu
504 2291 707 2353 obligati
753 2307 915 2339 sumus
963 2291 1026 2337 ad
1074 2290 1443 2337 oboediendum
1484 2288 1760 2350 praeceptis
1797 2304 1825 2335 a
1862 2290 1973 2335 Deo

70 2368 189 2416 latis.
251 2369 300 2416 Si
335 2370 432 2415 hoc
467 2368 619 2415 modo
657 2366 968 2427 intellegitur,
1006 2380 1110 2412 non
1147 2374 1220 2412 est
1256 2381 1284 2411 a
1320 2364 1415 2411 Dei
1452 2365 1701 2411 voluntate
1738 2363 1974 2424 indepen-

70 2443 217 2501 denS,
268 2444 355 2491 sed
403 2444 464 2489 ab
510 2458 568 2490 ea
604 2442 753 2488 habet
790 2441 887 2487 vim
924 2439 1179 2500 obligandi
1216 2440 1516 2501 perfectam3
1569 2456 1608 2486 2.
1648 2453 1736 2500 per
1772 2438 1974 2484 modum

70 2518 299 2580 principii
346 2516 633 2580 speculativi
680 2515 1010 2578 hypothetici,
1060 2514 1127 2561 ita
1169 2523 1220 2561 ut
1256 2529 1424 2561 sensus
1463 2513 1544 2560 sit:
1597 2514 1733 2569 Deo,
1782 2510 1976 2571 siquid

70 2593 365 2655 praecipiat,
415 2591 690 2653 parendum
731 2598 828 2645 est,
878 2605 963 2636 seu
1000 2604 1060 2635 ex
1096 2597 1366 2650 praecepto
1405 2587 1501 2635 Dei
1538 2588 1688 2634 oritur
1725 2586 1975 2648 obligatio,

71 2667 140 2714 sic
176 2676 248 2715 est
283 2666 628 2728 independens
665 2682 692 2712 a
718 2664 814 2712 Dei
851 2666 1114 2719 voluntate,
1154 2663 1241 2710 sed
1277 2678 1380 2708 non
1418 2664 1594 2723 probat
1624 2661 1977 2722 obligationem

72 2756 177 2789 esse
214 2758 243 2788 a
278 2741 444 2788 divina
479 2741 729 2786 voluntate
768 2739 1205 2800 independentem.
1268 2739 1335 2785 Ut
1372 2738 1502 2784 enim
1542 2752 1602 2783 ex
1638 2735 1805 2783 divino
1843 2750 1979 2796 prae-

74 2824 218 2877 cepto
255 2815 305 2862 in
342 2815 486 2862 nobis
523 2814 759 2876 obligatio
797 2813 1001 2869 oriatur,
1039 2828 1142 2858 non
1180 2820 1251 2859 est
1287 2812 1508 2858 absolute
1545 2809 1891 2865 necessarium,
1929 2818 1980 2854 ut

73 2889 168 2937 iam
217 2898 362 2937 antea
398 2904 725 2951 agnoscamus
762 2887 1116 2949 obligationem
1154 2885 1458 2933 oboediendi
1495 2887 1633 2942 De03
1682 2883 1881 2939 sufficit,
1930 2892 1981 2928 ut

75 2979 434 3026 cognoscamus
470 2965 634 3010 Deum
681 2977 788 3010 esse
824 2964 973 3009 finem
1019 2962 1240 3007 absolute
1287 2959 1509 3006 ultimum
1546 2958 1766 3005 omnium
1802 2972 1977 3013 rerum,

75 3039 222 3086 etiam
267 3038 505 3096 hominis,
556 3047 603 3085 et
650 3053 762 3084 eum
799 3036 1093 3098 positionem
1134 3035 1210 3082 vel
1247 3033 1564 3081 omissionem
1602 3031 1806 3079 actionis
1842 3032 1982 3077 abso-

76 3114 175 3160 luta
210 3114 461 3160 voluntate
499 3113 760 3173 postulare,
799 3111 866 3157 ita
900 3119 951 3157 ut
987 3110 1286 3157 contrarium
1324 3123 1435 3155 eum
1472 3107 1707 3154 offendat.
1760 3107 1835 3152 Eo
1871 3105 1980 3166 ipso

77 3187 227 3234 oritur
273 3188 322 3234 in
370 3188 515 3233 nobis
562 3186 812 3247 obligatio.
885 3184 1019 3230 Hinc
1069 3183 1215 3231 etiarn
1262 3182 1507 3228 transmisi
1546 3180 1756 3242 primam
1790 3188 1980 3240 partem

78 3261 289 3308 maioris.
360 3261 491 3307 Nam
539 3260 761 3321 quamvis
807 3260 862 3307 de
885 3258 1025 3319 facto
1074 3256 1308 3317 obligatio
1346 3255 1466 3316 legis
1503 3254 1740 3316 positivae
1778 3268 1837 3299 ex
1872 3253 1982 3313 lege

80 3335 287 3382 naturali
323 3335 631 3395 dependeat,
680 3342 871 3390 tamen,
922 3331 1110 3379 etiarnsi
1146 3345 1236 3391 per
1271 3328 1572 3390 impossibile
1609 3326 1783 3387 aliquis
1819 3327 1981 3387 legem
