2182 3682
199 177 270 226 60
606 188 719 216 PARS
755 188 784 217 Ι.
833 188 1148 218 PHILOSOPHIA
1182 190 1384 220 MORALIS
1419 191 1701 222 GENERALIS.

204 322 304 386 63.
410 326 577 373 Prob.
619 340 657 373 1.
720 326 806 376 Ex
835 335 1104 393 conceptu
1138 327 1281 377 boni.
1339 327 1517 379 Omne
1544 330 1746 380 bonum
1776 330 1996 381 involvit
2023 331 2116 399 ali--

199 423 359 472 quem
399 416 703 472 respectum
738 394 1148 459 convenientiae
1177 409 1261 460 vel
1302 411 1709 477 appetibilitatis
1736 431 1835 479 pro
1862 413 2105 477 homine3

198 488 252 537 id
281 505 411 554 ergo
440 489 599 539 etiam
628 490 802 540 valere
832 491 996 541 debet
1025 492 1093 541 de
1122 492 1268 541 bono
1298 492 1501 543 morali.
1556 494 1728 560 Atqui
1758 503 1881 545 sunt
1912 495 2111 546 multae

198 571 464 633 actioneS,
520 589 658 638 quae
705 591 799 639 per
838 591 895 623 se
937 582 990 623 et
1030 574 1393 624 abstrahendo
1435 575 1503 625 ab
1545 578 1692 626 omni
1730 576 1852 643 lege
1891 586 2111 628 naturae

199 653 465 704 humanae
494 656 841 717 conveniunt;
886 655 1019 706 aliae
1046 673 1190 718 verO,
1235 674 1373 722 quae
1401 658 1449 707 ei
1477 675 1571 724 per
1598 676 1655 708 se
1685 659 2107 711 disconveniunt.

198 735 353 801 Ergo
394 738 659 787 exsistunt
699 738 938 788 actiones
976 755 1073 804 per
1111 756 1169 788 se
1209 748 1262 789 et
1302 747 1487 789 natura
1514 757 1608 790 sua
1636 741 1811 792 bonae
1840 750 1893 792 et
1920 742 2108 795 malae.

274 818 432 868 Proh.
487 819 613 869 min.
697 818 856 888 Tales
908 821 1146 871 actiones
1184 839 1233 872 v.
1278 839 1327 887 g.
1379 830 1502 872 sunt
1554 840 1770 885 omnes,
1829 841 1967 891 quae
2020 824 2112 875 ho-

201 901 398 950 minem
452 910 696 968 respectu
748 890 866 952 finis
906 902 1076 953 ultimi
1117 912 1260 954 recte
1304 904 1625 970 disponunt,
1681 914 1739 955 ut
1777 924 1824 957 v.
1869 924 1920 973 g.
1964 924 2113 958 amor

202 983 331 1044 Dei,
375 983 459 1033 vel
498 984 567 1034 ab
610 1001 675 1034 eo
718 985 1018 1047 retrahunt,
1062 995 1119 1036 ut
1160 986 1372 1048 odium,
1420 996 1765 1054 contemptus
1805 989 1935 1049 Dei,
1979 989 2113 1040 blas-

203 1065 418 1132 phemia
459 1076 559 1118 etc.
640 1068 776 1118 Item
817 1085 1005 1119 omnes
1046 1054 1311 1131 actione&
1357 1088 1493 1137 quae
1533 1080 1741 1137 partem
1781 1073 2111 1143 superiorem

202 1148 432 1219 hominis
470 1149 701 1200 inferiori
734 1152 1102 1212 subordinant,
1146 1161 1362 1202 naturae
1392 1151 1657 1204 humanae
1686 1142 2108 1223 disconveniunt.
2180 1208 2182 1211 ,

202 1220 453 1282 Similiter
493 1234 746 1294 actiones,
791 1226 928 1300 quae
968 1221 1156 1284 natura
1195 1252 1292 1284 sua
1318 1235 1483 1285 vitam
1511 1228 1763 1286 socialem
1794 1224 2110 1304 impediunt,

204 1321 262 1362 ut
317 1313 693 1377 homicidium,
755 1316 949 1366 furtum
1008 1326 1137 1378 etc.‚
1196 1326 1322 1367 sunt
1378 1317 1843 1369 disconvenientes
1894 1328 2113 1370 naturae

204 1395 468 1447 humanae
525 1399 733 1448 sociali.
830 1399 993 1449 Porro
1055 1408 1243 1449 natura
1299 1400 1568 1450 rationalis
1625 1409 1705 1451 est
1761 1402 2113 1452 determinata

205 1487 257 1527 et
307 1479 678 1542 immutabilis,
734 1482 805 1531 ita
857 1489 914 1531 ut
965 1482 1099 1531 haec
1151 1483 1283 1531 ratio
1338 1483 1740 1534 convenientiae
1779 1483 1864 1534 vel
1906 1484 2112 1534 discon-

203 1562 501 1611 venientiae
554 1564 735 1629 quoad
778 1566 1040 1630 quasdam
1083 1565 1321 1614 actiones
1362 1582 1654 1632 numquam
1697 1565 1811 1617 tolli
1850 1567 2020 1633 possit
2060 1576 2114 1617 et

206 1661 236 1692 a
264 1643 420 1705 nulla,
447 1662 512 1695 ne
535 1645 636 1696 Dei
660 1648 879 1713 quidem
901 1646 1194 1708 voluntate,
1221 1648 1528 1714 dependeat
1550 1626 1623 1713 (ῖς,
1651 1648 1858 1711 Tlmm„
1885 1647 1941 1700 C.
1968 1657 2111 1715 gent.

205 1726 234 1776 l.
284 1741 329 1791 3,
374 1745 417 1778 c.
470 1730 607 1793 129).

280 1811 448 1859 Prob.
488 1827 531 1859 2.
601 1813 686 1862 EX
730 1814 1002 1863 communi
1042 1822 1095 1878 et
1133 1822 1392 1880 perpetua
1431 1814 1710 1864 hominum
1750 1815 2110 1892 persii-agione.

209 1891 397 1955 Omni-‚S
448 1893 614 1957 homo
657 1897 860 1946 ratione
902 1896 1171 1962 praeditus
1211 1895 1497 1946 invincibili
1537 1897 1879 1963 persuasione
1917 1897 2116 1948 iudicat

207 1992 323 2024 esse
365 1976 650 2028 discrimen
690 1980 824 2028 inter
864 1979 1101 2028 actiones
1142 1979 1429 2050 humanas,
1475 1997 1583 2045 quo
1625 1978 1757 2029 aliae
1798 1988 2116 2029 censeantur

206 2057 493 2120 honestae,
551 2060 683 2111 aliae
738 2061 1078 2123 inhonestae,
1138 2062 1210 2111 ita
1264 2062 1530 2111 internum
1582 2070 1635 2111 et
1690 2060 1997 2129 essentiale,
2056 2070 2114 2112 ut

208 2140 365 2191 nullis
424 2160 682 2209 umquam
741 2145 1029 2206 adiunctis,
1099 2161 1165 2193 ne
1225 2161 1320 2210 per
1380 2143 1555 2193 Deum
1617 2144 1862 2210 quidem,
1925 2145 2114 2194 mutari
2173 2148 2177 2151 ’

206 2224 391 2288 pOssit.
485 2225 641 2276 Hanc
698 2227 868 2292 ipsam
924 2226 1325 2293 persuasionem
1382 2243 1727 2276 communem
1785 2225 1945 2276 fuisse
1999 2234 2113 2276 tum

207 2294 535 2373 experientia
557 2308 963 2376 psychologica‚
989 2318 1101 2358 tum
1124 2309 1362 2358 omnium
1387 2307 1711 2375 populorum
1735 2308 1955 2358 historia
1971 2306 2115 2358 lucu-

206 2388 375 2438 lenter
425 2398 664 2441 testatur.
749 2391 997 2456 <Plurima
1053 2392 1356 2441 testimonia
1406 2391 1458 2440 in
1510 2390 1648 2441 hanc
1701 2407 1812 2441 rem
1864 2407 1934 2440 ex
1984 2390 2112 2440 mul-

205 2478 383 2521 torum
424 2473 751 2539 populorum
791 2474 1009 2524 historia
1049 2473 1276 2524 collecta
1310 2473 1547 2522 invenies
1586 2474 1639 2522 in
1679 2473 1910 2523 auctoris
1949 2490 2113 2539 opere

208 2556 512 2619 germanice
565 2557 793 2622 scripto:
860 2555 1378 2623 Moralphilosophie
1430 2554 1479 2603 14
1535 2555 1865 2620 569—677.)
1945 2552 2113 2619 Quod

207 2636 425 2702 quidem
467 2638 617 2688 multi
659 2640 946 2689 adversarii
986 2639 1148 2688 hodie
1190 2646 1419 2703 negant,
1463 2646 1517 2687 at
1557 2636 1714 2686 nullis
1752 2636 1837 2687 vel
1879 2635 2113 2687 futilibus

205 2718 371 2768 innixi
421 2722 762 2786 argumentis
844 2721 953 2772 Sed
1007 2721 1268 2771 eiusmodi
1316 2720 1591 2786 persuasio
1634 2736 1742 2769 non
1781 2726 1964 2786 potest
2002 2735 2112 2768 non

207 2790 595 2853 essefundata
647 2804 696 2853 in
750 2805 865 2870 ipsa
915 2792 1102 2854 natura
1142 2801 1385 2867 rationali
1425 2801 1761 2873 proindeque
1801 2801 1965 2851 errori
2004 2818 2112 2850 non

206 2872 287 2932 est
327 2884 577 2935 obnoxia.
633 2885 749 2950 (Cf.
794 2886 1063 2952 praeclara
1096 2887 1147 2935 in
1176 2885 1315 2935 hanc
1345 2902 1455 2934 rem
1482 2876 1787 2934 testimonia
1820 2882 2110 2943 Ciceronis,

206 2965 296 3029 qui
324 2960 676 3031 pulcherrime
705 2986 853 3019 more
882 2986 979 3018 suo
1003 2983 1347 3019 communem
1369 2974 1588 3016 naturae
1608 2983 1800 3016 vocem
1822 2965 2111 3032 expressit:

206 3046 292 3096 De
320 3047 421 3113 leg.
454 3048 483 3098 l.
525 3065 565 3110 Ι,
611 3068 653 3101 c.
694 3065 756 3100 10
785 3058 838 3101 et
865 3068 993 3117 sqq;
1042 3051 1127 3100 De
1160 3050 1353 3099 finibus
1381 3049 1506 3099 bon.
1538 3056 1591 3098 et
1618 3047 1738 3097 mal.
1771 3047 1801 3098 1.
1838 3058 1884 3111 5,
1927 3064 1971 3097 c.
2005 3047 2113 3111 22.)

282 3133 447 3179 Prob.
486 3148 530 3194 3.
618 3131 783 3197 Quod
830 3133 1107 3200 speciatim
1156 3131 1531 3182 institufionewz
1571 3130 1868 3180 lzzmzanam
1907 3129 2110 3189 attinet,

206 3214 333 3264 nihil
392 3232 608 3281 prorsus
646 3201 839 3264 *afferri
898 3222 1105 3281 potest,
1164 3213 1311 3280 quod
1370 3212 1514 3263 illam
1572 3221 1682 3261 tam
1741 3209 2110 3271 universalem,

207 3304 578 3357 constantem,
642 3297 1000 3346 invincibilem
1066 3296 1466 3361 persuasionem
1533 3293 1746 3343 efficere
1811 3302 1864 3343 et
1929 3301 2114 3343 contra

206 3378 461 3430 inferioris
521 3379 988 3447 concupiscentiae
1046 3379 1321 3428 suasiones
1380 3376 1589 3427 firmam
1649 3391 1964 3427 conservare
2019 3391 2110 3440 po-
