2182 3682
109 176 208 205 CAP.
243 175 308 204 111.
355 175 418 203 DE
452 173 686 216 BQNITATE
719 172 776 200 ET
811 172 1011 200 MALITIA
1045 172 1221 200 MORALI
1255 173 1452 203 ACTUUM
1487 174 1812 204 HUMANORUM.
1874 178 1935 228 91

763 306 1031 355 THESIS
1068 308 1215 355 XVI.

52 415 191 455 102.
270 414 447 460 Actus
494 411 725 459 interior
772 411 942 458 etiam
995 426 1027 457 a
1064 410 1501 459 circumstantiis
1538 414 1739 474 accipit
1788 415 1942 462 boni-

42 494 217 535 tatem
255 487 552 534 formalem
590 485 954 533 intrinsecam
994 492 1049 532 et
1084 485 1508 533 accidentalem.

341 573 428 626 (Cf.
464 576 631 622 Suarez,
666 575 732 613 De
767 575 899 614 bonit.
936 581 975 613 et
1008 574 1135 613 malit.
1172 582 1251 613 act.
1286 575 1399 613 hum.
1435 575 1540 628 disp.
1579 574 1638 626 5.)

117 668 206 721 St.
251 668 327 736 Q.
403 685 443 721 Ι.
488 670 718 719 Nomine
760 669 1289 719 cz‘rczcmslanliarum
1330 670 1414 720 hic
1452 687 1560 720 non
1588 669 1944 735 intellegimus

41 770 130 802 eas
171 752 529 812 condiciones,
573 768 711 817 quae
740 752 878 801 actui
916 760 1038 801 sunt
1068 751 1389 813 essentiales,
1433 760 1491 801 ut
1520 760 1796 801 censeatur
1824 769 1944 802 con-

41 835 254 886 stitutus
294 834 345 883 in
388 842 532 884 certa
570 834 749 899 specie
800 833 1096 882 honestatis
1148 833 1385 894 moralis,
1436 834 1532 883 sed
1573 851 1635 883 ea
1676 834 1941 893 adiuncta,

41 934 176 983 quae
227 923 406 966 actum
458 916 509 964 in
561 915 737 982 aliqua
788 915 967 980 specie
1023 915 1209 964 morali
1264 916 1368 964 iam
1425 917 1772 965 constitutum
1827 932 1944 981 sup-

40 1006 250 1065 ponunt
291 1014 520 1063 eumque
560 998 695 1046 intra
735 996 877 1046 illam
919 996 1232 1046 modificant
1273 996 1346 1061 (S.
1388 997 1572 1047 Tllom.
1621 1012 1661 1058 Ι,
1708 1010 1754 1057 2,
1800 1015 1848 1063 q.
1895 1008 1941 1061 7,

38 1097 84 1131 a.
130 1070 156 1144 3
203 1080 271 1129 ad
315 1081 381 1145 3).
465 1079 904 1129 Circumstantiae
945 1078 1076 1128 aliae
1127 1087 1250 1128 sunt
1293 1079 1606 1140 obl'ectz'vae,
1661 1078 1793 1128 aliae
1833 1078 1943 1128 sul]-

39 1162 284 1223 ieclivae,
340 1171 500 1227 prout
551 1168 693 1211 stant
745 1178 814 1210 ex
866 1169 1016 1226 parte
1070 1161 1265 1210 obiecti
1317 1170 1407 1210 aut
1461 1179 1528 1211 ex
1583 1170 1732 1227 parte
1781 1161 1944 1226 ipsius

38 1253 186 1295 actus
225 1243 308 1294 vel
350 1243 571 1309 agentis.
634 1243 830 1293 Iterum
871 1243 1003 1292 aliae
1045 1243 1470 1293 circumstantiae
1510 1253 1633 1293 sunt
1663 1243 1941 1309 physicae,

40 1321 170 1376 aliae
211 1326 464 1376 morales.
549 1325 652 1376 561.
698 1325 904 1391 aliquae
943 1334 1065 1375 sunt
1107 1326 1530 1376 circumstantiae
1571 1333 1735 1386 actus,
1778 1326 1821 1374 si
1860 1325 1945 1375 1116

38 1408 260 1475 physice
303 1408 691 1469 consideratur,
746 1408 905 1468 aliae,
960 1408 1002 1457 si
1043 1416 1192 1458 actus
1244 1407 1514 1458 moraliter
1562 1408 1938 1458 consideratur.

39 1490 126 1541 Sic
167 1508 213 1539 v.
259 1507 308 1556 g.
354 1498 433 1539 est
474 1507 619 1539 mera
661 1491 1054 1539 circumstantia
1095 1498 1245 1540 actus
1286 1490 1493 1555 physici
1534 1490 1817 1540 ablationis
1858 1489 1941 1538 ali-

39 1573 184 1623 cuius
226 1573 324 1633 rei,
381 1581 553 1621 utrum
595 1572 727 1621 haec
778 1572 928 1621 fuerit
970 1572 1154 1621 aliena
1203 1589 1396 1635 necne3
1451 1573 1491 1621 si
1543 1580 1719 1622 tamen
1775 1588 1942 1620 mora-

39 1654 154 1705 liter
205 1654 592 1714 consideratur,
647 1654 675 1703 i.
721 1672 763 1704 6.
820 1662 980 1719 prout
1019 1663 1098 1703 est
1150 1662 1301 1704 actus
1353 1655 1576 1704 iustitiae
1618 1653 1699 1703 vel
1752 1654 1942 1703 iniusti-

40 1737 168 1797 tiae,
224 1754 334 1786 rem
376 1753 490 1786 esse
543 1737 767 1786 alienam
815 1754 921 1786 non
964 1746 1044 1786 est
1085 1737 1502 1798 circumstantia,
1558 1737 1652 1786 sed
1695 1736 1941 1786 condicio

40 1818 331 1869 essentialis
383 1819 593 1868 obiecti.
674 1818 777 1869 Hic
828 1820 1035 1884 agimus
1086 1820 1154 1869 de
1195 1820 1599 1869 circumstantiis
1647 1818 1944 1868 moralibus

41 1901 110 1965 (n-
155 1912 242 1965 97,
287 1902 355 1964 2)-

117 1997 171 2032 2.-
220 1981 760 2049 Comprehenduntur
799 1992 929 2033 noto
971 1983 1059 2033 illo
1100 1984 1386 2034 versiculo:
1443 1981 1603 2048 Quis,
1647 1983 1791 2049 quid,
1836 1982 1941 2042 ubi,

45 2066 236 2132 quibus
275 2064 495 2126 auxiliis,
540 2083 645 2127 cur,
691 2067 987 2131 quomodo,
1032 2066 1281 2132 quando?
1343 2064 1475 2127 Quis
1516 2083 1623 2115 non
1663 2064 1942 2130 significat,

44 2165 168 2198 num
220 2164 386 2214 agens
439 2147 593 2198 fuerit
645 2149 911 2199 rationalis
963 2158 1016 2198 et
1064 2166 1189 2199 usus
1231 2148 1497 2198 rationalis
1538 2164 1789 2214 compos3
1843 2147 1947 2196 1106

47 2231 185 2280 6111111
238 2230 467 2296 pertinet
517 2231 586 2280 ad
639 2228 991 2281 substantiam
1044 2240 1193 2281 actus
1245 2231 1485 2291 moralis3
1539 2231 1635 2280 sed
1687 2229 1951 2295 significat

47 2313 419 2363 condicionem
461 2312 692 2379 aliquam
733 2312 1147 2375 accidentalem,
1202 2332 1247 2364 v.
1294 2331 1341 2379 g.
1388 2331 1514 2363 num
1567 2330 1757 2380 parens
1800 2311 1952 2361 fuerit

48 2394 131 2445 vel
172 2394 465 2462 religiosus,
513 2405 612 2446 etc.
704 2393 852 2456 Quid
887 2396 1756 2462 comprehendit‘circumstantias
1798 2394 1953 2444 obier-

22 2478 204 2553 ggfpas.
262 2478 346 2528 De
388 2479 782 2528 circumstantia
823 2478 939 2528 finis
969 2477 1106 2551 (rur)
1149 2479 1426 2544 speciatim
1467 2495 1688 2544 agemus
1729 2477 1778 2526 in
1820 2476 1955 2526 thesi

51 2561 318 2626 sequenti,
374 2561 496 2626 quia
535 2561 803 2611 actionem.
846 2569 1027 2611 causat
1068 2568 1121 2611 61
1162 2560 1264 2610 3110
1318 2561 1483 2611 modo
1524 2561 1576 2610 in
1618 2560 1844 2610 eandem
1885 2559 1954 2608 111-

53 2641 165 2692 fluit
204 2659 265 2692 ac
306 2641 540 2709 reliquae
582 2643 1018 2694 circumstantiae.

64 2777 203 2830 103.
283 2770 449 2817 Prob.
505 2769 940 2827 Circumstantias
966 2769 1352 2820 accidentalem
1393 2770 1690 2820 bonitatem
1720 2767 1958 2818 conferre

59 2850 321 2917 exemplis
374 2851 526 2902 facile
579 2861 740 2918 patet.
823 2852 911 2903 Sic
948 2871 1010 2902 «v.
1056 2870 1106 2918 g.
1162 2852 1298 2902 velle
1352 2853 1477 2902 dare
1527 2865 1626 2902 100
1667 2867 1856 2900 aureos
1908 2849 1959 2898 in

59 2930 455 2999 eleemosynam
506 2952 602 3001 per
651 2952 708 2984 se
760 2934 944 2984 melius
996 2942 1077 2984 est
1129 2952 1287 3000 quam
1333 2945 1425 2998 503
1481 2933 1734 2983 intensius
1785 2948 1961 2980 amare

61 3014 240 3064 Deum
279 3015 467 3066 melius
508 3034 669 3083 quam
710 3018 883 3066 minus
922 3018 1143 3078 intense,
1188 3026 1289 3076 etc.
1332 3047 1404 3051 ——
1446 3015 1805 3066 Confirmatur
1843 3030 1962 3063 ana-

42 3094 205 3162 -logia
245 3113 367 3147 cum
419 3099 577 3148 rebus
617 3098 969 3160 naturalibus,
1025 3116 1161 3165 quae
1202 3116 1309 3149 non
1363 3099 1562 3148 habent
1603 3104 1771 3146 totam
1811 3112 1963 3144 suam

67 3177 448 3244 perfectionem
477 3198 544 3230 ex
573 3181 687 3231 sola
715 3180 884 3231 forma
911 3181 1245 3231 substantiali
1273 3179 1347 3245 (S.
1389 3179 1575 3230 Tlcom.
1614 3192 1656 3238 I,
1701 3191 1748 3238 2,
1793 3195 1842 3243 q.
1883 3178 1961 3238 18,

67 3276 112 3309 a.
155 3260 221 3323 3).
276 3261 508 3312 Easdem
548 3280 691 3324 verO,
735 3263 989 3329 quamdiu
1031 3264 1453 3314 circumstantiae
1493 3266 1726 3319 manent,
1769 3276 1962 3309 novam

69 3342 302 3407 speciem
353 3343 604 3395 bonitatis
644 3345 843 3395 addere
895 3362 1003 3395 non
1054 3362 1213 3411 posse
1255 3362 1325 3395 ex
1365 3362 1429 3395 eo
1483 3342 1787 3405 deducitur,
1843 3343 1964 3409 quia
