2182 3682
97 171 194 199 CAP.
224 170 289 198 ΙΙΙ.
336 170 397 197 DE
430 169 668 197 BONITATE
702 168 759 196 ΕΤ
793 168 990 196 MALITIA
1027 168 1208 195 MORALI
1243 167 1440 197 ACTUUM
1477 169 1798 198 HUMANORUM.
1862 170 1929 222 79

38 323 87 370 q.
139 319 192 364 Ι,
235 321 279 353 a.
326 304 403 367 3),
446 303 542 353 sed
583 302 710 352 utile
750 303 1161 368 quodcumque,
1217 304 1375 352 etiam
1417 303 1542 353 utile
1582 306 1651 354 ad
1691 306 1930 354 ultimum

37 385 211 445 finem,
256 401 362 450 qua
402 384 506 434 tale
547 401 654 433 non
697 393 917 450 propter
944 401 1001 433 se
1030 384 1323 450 appetitur;
1368 402 1497 450 ergo
1538 386 1638 434 sub
1681 404 1745 435 eo
1787 404 1929 451 prae-

35 467 140 517 cise
205 475 449 532 respectu
514 483 622 515 non
688 474 870 531 potest
935 483 1051 515 esse
1117 465 1417 515 honestum.
1518 466 1658 515 Hinc
1717 467 1786 516 illi
1843 469 1931 533 qui

35 548 372 598 honestatem
425 547 713 597 formaliter
758 548 809 597 in
853 546 1074 597 utilitate
1114 547 1337 597 actionis
1377 548 1444 597 ad
1487 548 1731 597 ultimum
1772 548 1930 598 finem

36 637 315 695 reponunt,
347 646 544 695 negare
574 639 839 695 coguntur
868 629 1264 679 distinctionem
1291 630 1641 679 communiter
1662 640 1931 695 receptam

36 711 162 761 boni
201 711 253 760 in
294 711 592 772 honestum,
637 710 763 761 utile
804 720 857 760 et
897 710 1228 761 delectabile.
1310 711 1404 760 Ad
1444 728 1710 760 summum
1758 712 1932 761 dicere

35 802 258 858 possunt
297 793 501 842 bonum
542 792 828 842 honestum
856 810 971 842 esse
998 793 1234 858 speciem
1261 793 1390 842 boni
1418 792 1571 853 utilis,
1616 794 1761 858 quod
1791 802 1932 843 certe

36 873 227 924 falsum
268 883 348 924 est
388 875 475 939 (cf.
520 874 573 924 S.
627 874 811 924 Tlmm.
865 889 905 935 Ι,
957 892 1005 940 q.
1057 885 1100 937 5,
1144 892 1188 924 a.
1233 875 1266 923 6
1306 875 1375 923 ad
1420 876 1485 939 3).

110 972 273 1019 Prob.
313 986 355 1019 2.
441 971 616 1038 Actus
667 971 882 1020 humani
933 971 1133 1020 habent
1172 988 1321 1020 suam
1361 971 1658 1020 bonitatem
1699 980 1751 1020 et
1792 970 1933 1021 mali-

34 1053 160 1102 tiam
200 1036 607 1119 primordialiter
646 1053 714 1103 ab
757 1053 984 1112 obl‘sseclzs
1025 1070 1118 1102 seu
1159 1061 1281 1102 sunt
1321 1053 1448 1102 boni
1475 1053 1558 1102 vel
1594 1052 1732 1114 mali,
1776 1062 1934 1119 prout

37 1152 221 1184 eorum
262 1136 458 1185 oblecta
512 1144 633 1185 sunt
684 1136 820 1185 bona
860 1133 943 1184 vel
998 1135 1146 1184 mala
1203 1135 1449 1198 (honesta
1488 1134 1571 1184 xel
1613 1135 1929 1198 inhonesta).

35 1215 263 1267 Obiecta
303 1219 444 1267 enim
483 1226 606 1267 sunt
661 1218 835 1283 priora
887 1217 1091 1267 actibus
1132 1218 1201 1280 (n.
1247 1217 1352 1279 66).
1435 1217 1930 1287 Alqlg-l'jsententia,

37 1316 171 1365 quae
228 1300 389 1350 docet
444 1301 742 1349 bonitatem
798 1300 1086 1349 consistere
1139 1299 1428 1348 formaliter
1455 1286 1549 1348 *irs
1586 1299 1808 1348 utilitate
1865 1299 1933 1348 ad

36 1369 279 1451 ultimum
320 1382 502 1443 finem,
547 1383 615 1431 ad
657 1383 1047 1448 quaestionem,
1092 1399 1355 1447 quaenam
1397 1381 1609 1431 obiecta
1649 1381 1751 1430 sint
1791 1381 1935 1430 bona

35 1451 300 1524 velmala‚
333 1473 476 1514 recte
504 1460 829 1530 respondere
858 1465 1068 1529 nequit3
1113 1482 1242 1533 ergo
1271 1464 1479 1513 admitti
1508 1481 1615 1512 non
1643 1472 1824 1529 potest
1849 1507 1856 1513 .
1886 1506 1893 1513 .
1924 1504 1931 1512 .

25 1543 288 1612 βνᾙάἡὶνῑ.
318 1540 543 1596 γῖΑ<3ῒυ5
584 1546 833 1596 caritatis
873 1534 1156 1612 perfectae
1181 1532 1227 1595 is.
1272 1563 1321 1611 g.
1367 1554 1446 1595 est
1487 1545 1768 1605 honestus,
1813 1547 1935 1612 quia

36 1627 145 1677 eius
201 1628 473 1678 obiectum
528 1628 748 1692 (infinita
803 1628 907 1677 Dei
964 1628 1195 1691 bonitas)
1251 1635 1331 1676 est
1382 1627 1684 1677 honestum.
1766 1627 1935 1693 Atqui

35 1709 236 1760 infinita
276 1711 378 1760 Dei
433 1711 645 1760 bonitas
697 1727 804 1759 non
858 1718 937 1759 est
989 1710 1260 1759 obiectum
1313 1709 1624 1770 honestum,
1681 1710 1804 1775 quia
1857 1718 1936 1759 est

39 1791 176 1841 utilis
215 1792 285 1842 ad
326 1792 569 1842 ultimum
610 1792 795 1854 finem;
848 1793 961 1858 ipsa
1002 1793 1142 1841 enim
1182 1800 1260 1841 esf
1298 1791 1513 1841 ultimus
1554 1791 1696 1853 finis3
1752 1800 1804 1841 et
1860 1808 1932 1840 re-

11 1883 251 1940 spectus
292 1876 463 1925 omnis
503 1875 572 1924 ad
613 1874 894 1924 utilitatem
936 1883 1171 1924 nostram
1213 1874 1280 1923 ab
1323 1874 1536 1923 obiecto
1579 1875 1809 1924 caritatis
1849 1891 1935 1923 ex-

39 1955 277 2007 cluditur
359 1955 560 2006 Caritas
612 1957 751 2006 enim
801 1956 1012 2022 respicit
1053 1956 1255 2016 Deum,
1311 1964 1369 2004 ut
1410 1966 1489 2005 est
1530 1972 1625 2021 per
1664 1973 1720 2004 se
1761 1956 1936 2020 ipsum

28 2038 238 2104 *infinite
287 2039 464 2089 bonus
504 2048 557 2089 et
596 2056 807 2088 summo
850 2056 1030 2087 amore
1072 2038 1281 2103 dionus.
1329 2068 1397 2072 —
1438 2037 1573 2087 Item
1613 2046 1765 2111 actus
1805 2037 1933 2103 rjai.

39 2137 145 2186 quo
188 2120 400 2171 ferimur
438 2122 489 2171 in
519 2121 811 2187 perfectam
839 2121 1260 2170 beatitudinem
1251 2138 1301 2169 in
1330 2108 1667 2186 possessione
1687 2106 1812 2180 Dei,
1858 2128 1936 2169 est

38 2201 307 2265 honestus,
351 2205 473 2270 quia
501 2204 612 2253 eius
641 2204 913 2253 obiectum
942 2203 1262 2267 (beatitudo)
1293 2212 1372 2252 est
1400 2202 1700 2252 honestum.
1769 2202 1939 2267 Alqm

38 2285 322 2335 beatitudo·
358 2304 466 2336 non
508 2293 687 2352 potest
729 2286 833 2336 dici
873 2286 1113 2345 honesta,
1158 2286 1280 2350 quia
1322 2284 1457 2334 utilis
1491 2293 1570 2334 est
1599 2285 1666 2333 ad
1695 2284 1937 2334 ultimum

41 2366 224 2430 finem,
268 2368 350 2418 vel
403 2369 471 2418 ad
524 2369 685 2418 finem
736 2367 977 2418 ultimum
1031 2368 1202 2428 ducit,
1257 2368 1370 2433 ipsa
1423 2369 1562 2416 enim
1610 2375 1687 2416 cs!
1724 2366 1936 2416 ultimus

39 2449 168 2501 finis.
248 2451 538 2517 Propterea
580 2450 631 2501 S.
685 2451 956 2500 Thomas:
1003 2450 1177 2499 «Inter
1217 2450 1360 2498 bona
1401 2450 1661 2498 invenitur
1701 2448 1934 2514 aliquod,

41 2533 189 2598 quod
241 2541 322 2582 est
372 2533 575 2583 bonum
623 2533 931 2599 simpliciter
971 2540 1025 2582 et
1063 2550 1159 2599 per
1198 2549 1280 2591 se,
1334 2532 1470 2581 sicut
1511 2532 1654 2581 bona
1693 2531 1933 2590 honesta,

42 2631 178 2680 quae
232 2624 508 2682 tamquam
563 2615 692 2665 fines
749 2623 1074 2681 appetuntur
1128 2615 1214 2664 sm'
1255 2614 1478 2679 gratia,
1537 2614 1636 2662 essi
1688 2614 1744 2662 in
1785 2612 1944 2662 aliud

41 2696 259 2762 ducunt;
312 2699 437 2764 quia
487 2699 537 2747 in
581 2698 827 2748 omnibus
867 2698 1105 2748 honestis
1146 2696 1339 2746 utilitas
1381 2696 1631 2746 coincidit
1670 2695 1936 2745 honestati

40 2779 149 2828 nisi
186 2780 242 2830 in
281 2780 484 2841 ultimo,
527 2780 676 2845 quod
718 2789 798 2830 est
838 2779 955 2830 finis
996 2780 1195 2840 finium,
1239 2778 1625 2844 quodpropfer
1650 2795 1705 2826 se
1733 2785 1935 2826 tansum

41 2861 347 2926 cupiendum
387 2870 492 2912 est»
541 2862 620 2927 (In
663 2876 710 2921 2,
753 2863 870 2912 dist.
915 2876 996 2923 21,
1041 2880 1090 2927 q.
1133 2876 1172 2922 1,
1216 2878 1261 2911 a.
1295 2862 1362 2925 3).
1420 2860 1570 2909 Haec
1611 2859 1774 2908 verba
1815 2875 1935 2908 con-

41 2943 266 2994 tinerent
292 2945 525 3010 ineptam
557 2944 927 3010 tautologiam,
959 2945 1002 2994 si
1030 2962 1099 2993 ex
1125 2951 1303 2992 mente
1326 2942 1612 3008 Aquinatis
1642 2950 1936 3006 conceptus

41 3023 333 3076 honestatis
374 3035 427 3076 et
466 3027 701 3076 utilitatis
742 3026 811 3076 ad
852 3026 1097 3075 ultimum
1135 3026 1296 3075 finem
1334 3033 1474 3074 esset
1502 3040 1638 3072 unus
1664 3023 1932 3088 idemque.

44 3175 144 3228 91.
225 3169 389 3216 Prob.
427 3184 471 3230 3.
542 3163 663 3233 Qui'
704 3168 886 3218 dicunt
939 3167 1278 3217 honestatem
1318 3166 1607 3215 consistere
1649 3161 1937 3212 formaliter

42 3245 92 3296 in
143 3248 365 3299 utilitate
419 3250 488 3299 ad
539 3250 782 3300 ultimum
833 3250 1021 3310 finem,
1077 3249 1374 3299 necessario
1422 3247 1490 3296 ad
1550 3243 1936 3295 intolerabilem

43 3329 375 3395 rigorismum
425 3333 787 3397 perducuntur
802 3349 811 3394 ;
867 3349 998 3398 ergo
1051 3348 1236 3381 eorum
1289 3330 1469 3396 opinio
1523 3325 1786 3377 reicienda
1837 3334 1932 3375 est.
