2182 3682
1824 214 1850 225 Aa

246 193 331 223 11113.
367 193 396 223 Ι.
443 192 544 221 CAP.
580 191 646 221 ΙΙΙ.
694 191 755 219 DE
788 189 984 219 OFFICHS
1020 189 1247 217 HOMINUM
1284 188 1462 216 MUTUIS
1497 187 1639 216 INTER
1675 188 1739 216 SE.
1825 188 1921 237 041

38 330 239 396 privata
288 326 603 377 auctoritate
655 333 806 375 extra
858 340 1039 374 casum
1091 323 1416 372 necessariae
1464 322 1784 372 defensionis
1823 339 1929 371 sus-

38 418 209 476 cepta.
277 408 426 458 Idem
468 407 755 457 dicendum
790 406 857 455 de
885 421 1225 471 quacumque
1254 403 1589 453 mutilatione
1617 412 1668 453 et
1698 404 1932 453 laesione

39 490 274 558 corporis
324 488 493 539 alieni.
573 488 712 538 Nam
763 504 918 537 suum
974 487 1163 551 cuique
1212 485 1553 535 tribuendum
1595 493 1688 534 est.
1769 484 1937 549 Atqui

37 574 142 624 vita
181 578 234 622 et
273 571 545 636 integritas
586 569 949 619 membrorum
979 567 1212 617 eminent
1241 568 1375 616 inter
1402 567 1560 626 bona,
1605 582 1740 632 quae
1768 565 1932 615 homo

38 655 88 705 vi
128 661 346 703 naturae
387 659 567 718 potest
605 667 799 701 vocare
839 667 948 700 sua.

113 735 394 802 Q}}‚{1{³,ritur
419 741 614 794 autem,
644 750 772 782 num
800 731 956 782 liceat
984 731 1230 781 occidere
1260 731 1565 796 proximum
1595 728 1796 795 privata
1819 744 1935 778 auc-

39 818 265 878 toritate,
309 816 351 866 si
379 815 446 865 ad
477 814 872 865 defendendam
900 813 1172 880 propriam
1199 813 1361 863 vitam
1389 811 1740 862 necessarium
1769 809 1934 860 fuerit.

761 978 1028 1027 THESIS
1065 979 1211 1026 LIII.

43 1094 189 1147 304·
268 1092 499 1139 Servato
539 1090 929 1139 moderamine
966 1090 1284 1150 inculpatae
1321 1088 1529 1135 tutelae
1555 1087 1685 1135 licet
1710 1092 1940 1134 cruente

42 1173 235 1214 contra
281 1166 548 1213 iniustam
597 1165 1018 1227 aggressionem
1067 1179 1128 1211 se
1178 1164 1479 1211 defendere
1528 1176 1708 1223 usque
1746 1163 1814 1209 ad
1852 1175 1940 1221 ag-

42 1241 312 1303 gressoris
349 1240 710 1289 occisionem.

84 1341 147 1395 (S.
190 1345 329 1383 Tlmm.
367 1354 403 1392 2,
441 1355 479 1394 2,
514 1358 551 1396 q.
588 1345 656 1393 64,
693 1358 727 1383 a.
766 1353 802 1393 7.
867 1344 1042 1390 Lenius,
1078 1343 1143 1381 De
1176 1342 1331 1381 iustitia
1365 1348 1404 1380 et
1439 1341 1526 1379 iure
1561 1354 1594 1380 c.
1632 1352 1669 1390 9,
1705 1340 1802 1378 dub.
1840 1336 1898 1389 8.)

119 1452 209 1505 St.
265 1451 340 1520 Q.
420 1454 518 1504 Per
575 1455 953 1504 «moderamen
1006 1453 1306 1519 inculpatae
1359 1451 1586 1502 tutelae»
1647 1451 1946 1500 indicantur

44 1536 386 1587 condiciones
438 1537 505 1586 ad
559 1546 831 1586 cruentam
887 1536 1252 1586 defensionem
1303 1536 1609 1600 requisitae,
1663 1533 1753 1583 scl.
1806 1548 1846 1583 1.
1890 1541 1946 1582 ut

44 1619 122 1669 vis
172 1619 223 1668 in
275 1619 392 1685 ipso
446 1627 567 1668 actu
619 1619 976 1685 aggressionis
1028 1617 1343 1667 adhibeatur
1395 1634 1493 1666 nec
1543 1623 1796 1681 suppetat
1848 1614 1947 1664 alia

45 1701 128 1750 via
167 1701 455 1763 evadendi3
514 1715 560 1751 2.
605 1710 661 1769 ut
702 1718 808 1750 non
850 1701 1016 1750 maior
1056 1700 1306 1750 violentia
1347 1698 1620 1759 inferatur,
1676 1714 1836 1763 quam
1878 1697 1946 1745 ad

46 1782 469 1850 propulsandum
520 1783 813 1850 periculum
865 1783 1072 1833 actuale
1114 1782 1416 1848 requiritur,
1474 1795 1519 1845 3.
1564 1788 1619 1830 ut
1658 1781 1735 1829 vis
1774 1778 1947 1829 solum

48 1865 364 1915 adhibeatur
403 1883 472 1915 ex
512 1866 804 1916 intentione
846 1865 1182 1915 defensionis.

123 1955 288 2025 Prob.
337 1969 377 2002 1.
442 1953 549 2019 Qui
590 1954 766 2020 aliquo
808 1955 917 2004 iure
958 1954 1229 2020 praeditus
1270 1959 1365 2013 est,
1408 1952 1487 2001 ius
1529 1968 1746 2018 quoque
1787 1950 1951 1999 habet

49 2028 191 2097 illud,
235 2026 278 2085 si
318 2054 537 2086 necesse
577 2038 658 2107 sit,
702 2054 797 2103 per
836 2037 940 2086 vim
985 2035 1309 2085 defendendi
1351 2043 1535 2084 contra
1576 2034 1819 2083 iniustam
1864 2050 1949 2098 ag-

49 2106 392 2183 gressionem.
475 2106 576 2168 Ius*
600 2120 739 2168 enim
781 2128 968 2169 natura
1007 2135 1100 2168 sua
1141 2118 1439 2168 coactivum
1481 2125 1576 2165 est.
1644 2115 1788 2180 Ergo
1831 2132 1951 2164 cum

51 2199 272 2266 quilibet
301 2201 572 2266 praeditus
600 2202 665 2251 sit
704 2202 814 2250 iure
854 2201 921 2250 ad
963 2202 1140 2261 vitam,
1184 2201 1262 2249 ius
1291 2216 1504 2265 quoque
1533 2198 1696 2247 habet
1725 2197 1951 2247 eandem

52 2299 146 2348 per
199 2283 305 2332 vim
366 2292 551 2333 contra
612 2284 857 2333 iniustam
912 2284 1312 2348 aggressionem
1369 2280 1707 2331 defendendi.
1803 2279 1953 2329 Idem

53 2363 317 2430 colligitur
356 2383 425 2415 ex
464 2366 716 2415 instinctu
759 2364 998 2426 naturali,
1043 2382 1149 2430 quo
1191 2363 1472 2430 quodlibet
1512 2380 1605 2412 ens
1633 2363 1683 2411 in
1711 2379 1809 2410 suo
1839 2378 1954 2411 esse

53 2463 109 2496 se
150 2463 463 2509 conservare
503 2448 698 2498 studet.

126 2528 241 2579 Nec
270 2529 463 2591 obstat,
507 2531 653 2596 quod
683 2530 984 2595 aggressori
1016 2529 1270 2578 damnum
1302 2529 1368 2578 sit
1396 2527 1744 2577 inferendum.
1815 2525 1954 2576 Nam

56 2626 177 2659 cum
229 2611 418 2661 iniuste
468 2612 652 2662 invaso
709 2611 1013 2677 eligendum
1069 2612 1133 2660 sit
1186 2612 1320 2660 inter
1373 2610 1646 2676 proprium
1699 2609 1954 2658 damnum

56 2699 108 2742 et
148 2693 401 2743 damnum
441 2693 667 2756 alterius,
710 2695 952 2760 aequitas
993 2691 1244 2743 naturalis
1285 2692 1535 2758 postulat,
1578 2701 1636 2741 ut
1671 2691 1846 2757 potius
1886 2691 1956 2739 in-

56 2774 223 2825 iustus
276 2792 562 2842 aggressor
614 2777 870 2826 damnum
912 2775 1115 2826 subeat.
1198 2773 1364 2824 Secus
1405 2774 1777 2824 affirmandum
1818 2778 1958 2822 esset

57 2855 296 2907 invasum
348 2859 398 2908 in
451 2858 540 2908 tali
580 2860 897 2909 necessitate
939 2859 1109 2923 magis
1151 2855 1428 2908 consulere
1470 2857 1667 2907 debere
1706 2855 1955 2921 proximo

59 2955 217 3004 quam
257 2940 371 3001 sibi,
415 2941 562 3007 quod
602 2942 813 2991 admitti
853 2940 1050 3006 nequit.

134 3020 284 3072 Haec
336 3024 467 3072 ratio
520 3023 780 3089 generalis
822 3031 901 3072 est
940 3022 1174 3088 ideoque
1215 3022 1372 3071 etiam
1414 3021 1608 3087 probat
1649 3020 1699 3069 in
1740 3026 1958 3067 cruenta

61 3101 369 3155 defensione
422 3114 632 3155 servato
685 3104 1049 3155 moderamine
1101 3103 1403 3169 inculpatae
1444 3101 1641 3152 tutelae
1682 3117 1848 3165 usque
1888 3099 1956 3149 ad

62 3200 247 3235 necem
287 3187 614 3253 aggressoris
653 3187 826 3237 iniusti
867 3186 1087 3253 procedi
1128 3203 1301 3252 posse.

137 3273 301 3322 Prob.
351 3290 395 3323 2.
473 3274 529 3326 Si
583 3293 690 3326 non
746 3275 927 3326 liceret
981 3275 1233 3324 iniustum
1291 3274 1429 3323 vitae
1484 3287 1853 3337 aggressorem
1910 3271 1960 3319 vi

65 3371 232 3420 usque
290 3357 359 3406 ad
419 3375 605 3408 necem
664 3357 904 3408 adhibita
964 3355 1250 3422 repellere,
1318 3353 1533 3420 publica
1591 3351 1844 3403 securitas
1908 3352 1959 3401 in

153 3446 390 3490 Cathrein,
418 3449 548 3483 Philos.
577 3450 731 3483 moralis.
774 3450 838 3482 Ed.
868 3460 898 3489 5.
960 3458 962 3461 ’
1642 3442 1691 3480 16
