2182 3682
202 170 304 206 202
606 166 719 195 PARS
753 166 782 195 Ι.
834 166 1151 195 PHILOSOPHIA
1185 166 1386 195 MORALIS
1422 166 1699 197 GENERALIS.

198 304 364 353 livam
399 302 644 369 (legem);
688 303 816 370 quid
855 312 1037 353 autem
1064 304 1131 353 sit
1158 304 1238 352 ius
1266 302 1672 365 dominativum,
1714 321 1822 353 non
1850 290 2098 369 explicat.

198 386 398 447 Immo,
452 387 494 435 si
545 386 644 436 sibi
697 394 942 436 constare
981 385 1133 444 velit,
1188 401 1385 451 negare
1437 385 1600 435 debet
1648 385 1762 435 dari
1799 402 1985 435 verum
2023 386 2104 435 ius

200 468 602 519 dominativum.
693 468 780 517 Ius
835 469 975 517 enim
1035 467 1420 517 dominativum
1476 476 1556 516 est
1615 466 1835 517 facultas
1892 466 2105 517 moralis

200 551 267 600 ab
308 550 484 616 aliqua
523 550 643 616 lege
684 566 967 610 concessa,
1018 549 1100 599 cui
1141 549 1433 615 respondet
1474 548 1708 599 officium
1749 550 2105 600 conscientiae
2174 612 2176 614 Ι

200 633 251 681 in
303 632 441 694 aliis3
496 642 549 682 at
601 632 830 682 Kantius
883 639 1046 697 negat
1096 632 1177 681 ius
1229 648 1344 681 esse
1396 630 1594 697 aliquid
1647 632 1863 683 morale.
1950 631 2105 697 Ergo

201 731 397 781 negare
439 715 603 764 debet
644 715 755 764 dari
795 731 980 763 Verum
1021 714 1098 763 ius
1141 714 1543 763 dominativum.

279 818 325 854 2.
377 803 594 854 Falsum
651 812 730 853 est
781 804 1152 853 auctoritatem
1208 812 1511 873 externam,
1569 803 1663 852 sivi
1716 803 1947 852 divinam
1998 803 2107 852 sive

201 886 504 947 humanam,
547 903 655 935 non
683 887 975 952 imponere,
1021 885 1316 951 generatim
1343 884 1547 946 saltem,
1592 902 1687 951 per
1713 884 1891 950 legem
1916 902 2108 934 veram

203 968 583 1034 oblzgcztimzem
623 968 679 1018 in
721 968 1051 1017 conscientia.
1133 967 1337 1017 Verum
1379 968 1596 1033 quidem
1638 975 1718 1017 est
1769 966 1946 1033 legem
1996 967 2108 1016 iuri-

205 1051 379 1101 dicam
420 1051 488 1101 de
528 1068 585 1101 se
625 1051 800 1101 solum
853 1049 1125 1116 postulare
1167 1050 1431 1100 actionem
1473 1058 1751 1099 externam
1791 1067 1966 1116 neque
2015 1066 2111 1115 per

204 1151 261 1183 56
313 1134 671 1200 praescribere
722 1134 983 1182 motivum
1035 1133 1325 1193 internum,
1380 1133 1476 1182 sed
1538 1133 1583 1195 Ι)
1625 1132 1729 1182 hoc
1769 1130 1910 1182 valet
1950 1132 2110 1182 etiarn

207 1215 274 1265 de
330 1216 536 1281 legibus
595 1215 832 1282 positivis
888 1233 995 1264 non
1049 1214 1303 1275 iuridicis,
1366 1216 1529 1264 immo
1585 1214 1764 1280 aliquo
1820 1214 1986 1264 modo
2043 1214 2111 1263 de

205 1297 415 1364 legibus
456 1297 805 1359 naturalibus,
857 1314 994 1363 quae
1035 1297 1323 1363 respiciunt
1365 1297 1605 1346 ordinem
1648 1306 1941 1346 externum.
2023 1294 2113 1346 Sic

207 1381 380 1441 dives,
435 1381 525 1446 qui
577 1380 948 1445 eleemosynas
1000 1380 1068 1428 de
1120 1378 1261 1429 facto
1317 1380 1434 1440 dat,
1490 1378 1626 1428 hanc
1679 1378 1855 1445 legem
1907 1378 2109 1445 implet,

207 1462 395 1512 saltem
447 1480 515 1512 ex
566 1470 743 1529 parte,
799 1463 896 1511 etsi
947 1463 999 1511 id
1042 1479 1087 1511 v.
1134 1479 1184 1527 g.
1240 1461 1396 1511 faciat
1449 1479 1519 1510 ex
1569 1478 1715 1512 mera
1765 1462 2109 1527 impatientia.

209 1545 361 1595 Dixi:
407 1562 474 1594 ex
516 1554 693 1611 parte;
737 1562 859 1594 nam
902 1553 960 1594 ut
1001 1545 1118 1610 quis
1159 1543 1336 1610 legem
1377 1543 1672 1593 naturalem
1713 1543 1870 1610 plene
1910 1561 2004 1593 seu
2045 1561 2115 1593 ex

207 1635 324 1678 toto
368 1628 641 1689 observet,
697 1629 857 1677 etiam
910 1635 1054 1677 recta
1092 1627 1314 1677 intentio
1356 1627 1559 1676 interna
1600 1627 1894 1693 requiritur.
1975 1626 2115 1676 Dein

212 1711 263 1775 2)
306 1709 493 1760 falsum
545 1720 625 1760 est
675 1710 852 1776 legem
905 1720 1182 1760 externam
1235 1727 1341 1759 non
1396 1708 1635 1775 obligare
1686 1710 1737 1759 in
1791 1709 2116 1759 conscientia

208 1792 279 1842 ad
320 1793 587 1843 actionem
639 1803 915 1843 externam
969 1792 1294 1858 ponendam.
1377 1791 1654 1841 Praeterea
1697 1792 1749 1856 3)
1792 1790 1984 1841 falsum
2036 1799 2116 1840 est

208 1875 481 1925 hominem
528 1893 584 1925 se
635 1877 810 1942 ipsum
864 1875 1104 1940 obligare
1155 1875 1470 1940 imperativo
1525 1875 1832 1940 categorico
1884 1873 1952 1923 ad
2004 1872 2118 1923 illas

209 1958 448 2008 actiones
489 1967 738 2008 externas
780 1975 849 2007 ex
891 1965 1036 2007 recto
1079 1958 1281 2006 motivo
1324 1957 1628 2022 ponendas,
1684 1956 1817 2006 haec
1859 1955 2118 2021 obligatio

210 2041 374 2090 oritur
414 2058 484 2090 ex
524 2040 644 2106 lege
685 2039 920 2090 naturali.
991 2040 1239 2105 Denique
1280 2040 1335 2101 4)
1378 2038 1567 2088 falsum
1608 2047 1689 2087 est
1729 2038 2117 2104 legislationem

209 2131 486 2172 externam
538 2140 697 2189 posse
750 2140 866 2172 esse
907 2122 1225 2172 contrariam
1268 2121 1440 2171 ordini
1492 2120 1697 2183 ethico3
1753 2121 1935 2186 nequit
1975 2121 2115 2170 enim

211 2205 323 2254 dari
363 2204 622 2271 obligatio
664 2206 733 2255 ad
775 2223 886 2255 rem
925 2205 1206 2254 intrinsece
1246 2203 1599 2253 inhonestam.

290 2308 335 2358 3.
380 2293 592 2344 Falsum
649 2304 728 2344 est
783 2294 943 2344 finem
997 2294 1194 2343 ordinis
1245 2293 1448 2342 iuridici
1498 2309 1592 2342 seu
1645 2290 1988 2357 legislationis
2034 2308 2121 2341 ex—

212 2385 393 2426 ternae
459 2394 575 2426 esse
637 2376 878 2437 efficere,
948 2383 1008 2425 ut
1067 2393 1254 2425 omnes
1313 2374 1538 2440 aequali
1587 2374 1838 2423 libertale
1895 2381 2119 2423 externa

213 2459 463 2509 fruantur.
533 2459 677 2508 Finis
717 2458 850 2524 legis
892 2458 1056 2508 civilis
1097 2468 1176 2507 est
1217 2459 1421 2507 bonum
1450 2456 1720 2506 societatis
1748 2454 1925 2506 civilis.
1995 2454 2118 2505 Hoc

213 2549 392 2590 autem
442 2541 646 2591 bonum
698 2558 805 2590 non
859 2541 1098 2590 consistit
1148 2541 1199 2589 in
1252 2538 1461 2605 aequali
1503 2537 1745 2588 libertate
1786 2538 2026 2587 omnium
2067 2545 2119 2586 et

213 2621 382 2672 multo
438 2624 611 2672 minus
663 2624 715 2672 in
767 2640 829 2672 ea
879 2622 1006 2672 sola.
1089 2621 1339 2672 Ceterum
1392 2621 1459 2670 de
1515 2620 1616 2670 hac
1669 2620 1933 2669 sententia
1988 2618 2120 2668 infra

213 2707 282 2770 (n.
332 2706 454 2769 509)
496 2722 672 2755 sermo
715 2713 959 2755 recurret.

287 2808 337 2856 4.
392 2793 621 2844 Kantius
677 2794 775 2843 sibi
831 2793 1163 2844 contradicit.
1244 2793 1330 2842 Ex
1386 2809 1489 2842 una
1545 2800 1694 2858 parte
1750 2799 1914 2857 negat
1969 2800 2119 2840 extra

214 2876 482 2926 civitatem
538 2876 649 2925 dari
703 2893 889 2925 verum
944 2876 1050 2936 ius,
1114 2875 1236 2940 quia
1291 2875 1475 2924 asserit
1539 2874 1648 2923 «ius
1704 2882 1757 2923 et
1811 2871 2119 2923 facultatem

215 2958 448 3023 cogendi
487 2975 602 3007 esse
642 2975 807 3006 unum
846 2957 1162 3023 idemque»;
1219 2974 1287 3006 ex
1328 2956 1491 3006 altera
1532 2973 1657 3005 vero
1698 2963 1849 3022 parte
1890 2954 2121 3004 admittit

213 3040 403 3090 saltem
457 3041 537 3090 ius
588 3040 831 3089 innatum
883 3039 1164 3100 libertatis,
1224 3039 1372 3105 quod
1426 3038 1674 3087 omnibus
1726 3035 2017 3103 aequaliter
2067 3044 2120 3085 et

214 3122 613 3173 inalienabiliter
654 3129 942 3188 competat.

222 3273 366 3324 243.
453 3261 653 3313 Coroll.
686 3278 733 3312 I.
796 3262 943 3327 Ergo
975 3261 1101 3311 nihil
1129 3260 1437 3327 simpliciter
1463 3260 1750 3310 honestum
1778 3275 1894 3309 esse
1920 3264 2115 3324 potest,

219 3344 364 3409 quod
393 3345 564 3394 ordini
591 3344 811 3394 iuridico
840 3352 1118 3410 repugnat.
1187 3343 1272 3392 Ex
1302 3343 1674 3393 conformitate
1696 3350 1873 3392 tamen
1896 3339 2119 3391 actionis
