2182 3682
169 198 267 236 100
565 195 677 224 PARS
712 195 740 224 Ι.
791 195 1109 225 PHILOSOPHIA
1145 195 1354 224 MORALIS
1390 196 1672 225 GENERALIS.

159 332 561 382 circumstantiis
599 332 682 382 vel
724 332 827 383 fine
856 333 1114 383 honestus
1142 341 1236 393 est,
1280 349 1388 382 non
1430 333 1704 382 ordinatur
1730 333 1780 382 in
1821 332 2063 384 ultimum

160 414 334 464 finem.
416 414 570 479 Ergo
611 423 691 464 est
730 415 1057 465 inhonestus.

231 503 387 554 Prob.
434 504 563 554 mai.
644 504 828 554 Homo
883 505 1021 554 enim
1064 513 1284 571 propter
1330 504 1491 554 finem
1532 504 1775 555 ultimum
1817 506 2065 556 conditus

158 595 239 635 est
279 594 332 635 et
371 587 423 635 in
464 586 695 636 eundem
738 604 845 636 non
886 587 1062 636 solum
1103 587 1390 646 interdum,
1433 587 1530 637 sed
1571 587 1819 637 omnibus
1859 588 2066 638 actibus

157 667 462 718 deliberatis
503 668 680 734 aliquo
733 669 899 718 modo
951 669 1141 719 saltem
1182 669 1579 735 interpretative
1619 669 1840 720 tendere
1881 670 2060 720 debet.

155 751 337 801 Debet
387 752 439 800 in
496 751 747 801 omnibus
799 752 1006 802 actibus
1048 752 1226 801 Deum
1283 752 1460 818 aliquo
1514 752 1680 802 modo
1736 751 2060 818 glorificare3

155 833 303 899 quod
343 834 386 883 si
426 850 533 882 non
575 833 681 894 fiat,
726 834 865 884 actio
907 835 1003 884 erit
1044 835 1229 884 olima.

227 922 385 973 Proh.
431 922 556 972 min.
639 922 784 972 Talis
838 932 987 973 actus
1040 941 1148 974 non
1202 932 1282 974 est
1323 924 1605 987 honestus;
1664 942 1795 990 ergo
1836 942 1944 975 non
1984 942 2062 974 or-

155 1006 363 1055 dinatur
401 1005 451 1054 in
494 1005 738 1055 ultimum
779 1005 953 1056 finem.
1023 1007 1166 1056 Finis
1207 1007 1345 1056 enim
1387 1006 1603 1056 ultimus
1643 1025 1752 1057 non
1793 1007 2064 1058 obtinetur

153 1088 249 1138 nisi
290 1089 498 1138 actibus
539 1089 792 1149 honestis,
837 1090 927 1155 qui
967 1098 1092 1139 sunt
1132 1089 1430 1139 laudabiles
1471 1098 1522 1140 et
1563 1090 1685 1140 Deo
1727 1089 1958 1156 placent.

160 1247 183 1284 Ι
205 1246 299 1300 15.
381 1234 558 1287 Schol.
619 1237 867 1287 Diximus
901 1237 1217 1287 delectabile
1249 1238 1384 1287 sicut
1412 1237 1539 1288 utile
1560 1238 1779 1287 induere
1802 1238 2058 1287 rationem

151 1318 387 1380 honesti,
444 1319 497 1369 si
533 1319 606 1368 sit
641 1320 922 1369 secundum
966 1320 1209 1369 ordinati
1252 1320 1511 1381 rationis,
1553 1319 1652 1381 vel,
1697 1328 1755 1369 ut
1795 1327 1876 1369 est
1915 1319 2060 1385 apud

151 1400 204 1450 S.
258 1400 444 1451 leom.
489 1403 559 1466 (Ι,
607 1415 653 1462 2,
697 1419 747 1468 q.
789 1404 866 1463 18,
911 1419 955 1452 a.
988 1416 1021 1465 9
1062 1402 1129 1451 ad
1177 1403 1242 1466 3),
1295 1403 1429 1452 «hoc
1458 1403 1648 1469 ipsum,
1693 1402 1841 1468 quod
1871 1400 2060 1468 aliquis

148 1484 258 1549 agit
300 1484 541 1533 ordinate
582 1485 650 1533 ad
691 1485 1132 1534 sustentationem
1172 1484 1255 1534 vel
1297 1485 1531 1550 quietem
1573 1486 1652 1534 sui
1694 1485 1948 1551 corporis,
1990 1484 2056 1533 ad

149 1565 352 1615 bonum
392 1567 598 1615 virtutis
640 1567 911 1616 ordinatur
950 1567 1003 1616 in
1044 1584 1136 1627 eo,
1193 1567 1283 1632 qui
1326 1584 1521 1634 corpus
1561 1585 1715 1617 suum
1755 1567 1968 1617 ordinat
2006 1566 2059 1616 in

148 1648 352 1698 bonum
407 1649 664 1699 virtutis».
755 1648 864 1700 Sed
920 1650 1214 1716 quaeritur,
1274 1650 1401 1716 quid
1454 1651 1773 1717 requiratur,
1831 1658 1888 1699 ut
1943 1649 2058 1715 quis

147 1731 250 1781 dici
290 1732 460 1797 possit
501 1732 748 1781 ordinate
788 1749 947 1797 agere
987 1733 1038 1781 in
1080 1733 1428 1782 commodum
1459 1733 1697 1799 corporis
1736 1731 1820 1782 vel
1860 1748 2057 1782 recrea-

146 1814 346 1863 tionem
387 1813 573 1864 animi?
650 1814 1007 1880 Respondeo:
1065 1814 1392 1880 Requiritur‚
1446 1830 1486 1865 Ι.
1530 1824 1587 1865 ut
1627 1815 1829 1865 bonum
1870 1830 2056 1880 appre-

144 1894 409 1945 hendatur
454 1896 808 1946 «conveniens
849 1896 1051 1946 homini
1078 1895 1161 1945 vel
1190 1897 1485 1946 secundum
1515 1914 1711 1963 corpus
1749 1895 1835 1946 vel
1874 1912 2055 1946 secun-

145 1978 274 2027 dum
315 1979 544 2028 animam
582 1977 665 2028 vel
707 1979 1003 2029 secundum
1031 1996 1112 2028 res
1142 1979 1449 2039 exteriores,
1492 1996 1630 2045 quae
1659 1979 1727 2028 ad
1768 1986 2054 2044 utrumque

145 2059 515 2123 ordinantur»3
562 2074 608 2110 2.
653 2069 709 2110 ut
749 2060 875 2110 nihil
916 2061 966 2110 in
997 2078 1062 2110 eo
1105 2056 1252 2111 bono
1289 2062 1641 2112 «contrarium
1669 2061 1734 2110 sit
1773 2059 1845 2110 illi
1885 2060 2051 2120 bono,

144 2142 293 2208 quod
335 2151 415 2192 est
455 2142 684 2193 hominis
725 2143 929 2193 bonum
970 2145 1269 2194 secundum
1319 2145 1644 2207 rationem»3
1697 2156 1742 2207 3.
1788 2151 1848 2192 ut
1887 2172 1958 2176 —
1997 2143 2051 2192 id

144 2225 292 2290 quod
350 2224 456 2275 fere
512 2226 615 2274 iam
671 2225 722 2275 in
781 2239 827 2276 2.
887 2227 1189 2276 continetur
1229 2258 1299 2261 —
1341 2244 1448 2276 non
1505 2235 1761 2292 peccetur
1813 2242 1909 2292 per
1964 2241 2051 2274 ex-

143 2323 352 2357 cessum
407 2307 491 2357 vel
549 2307 851 2367 defectum,
910 2317 962 2358 et
1026 2318 1234 2359 ceterae
1292 2309 1717 2359 circumstantiae
1757 2306 1889 2358 tales
1928 2308 2048 2368 sint,

142 2388 327 2454 quales
368 2399 675 2455 congruunt
715 2406 1003 2456 personae,
1059 2390 1209 2450 loco,
1261 2392 1491 2458 tempori
1531 2401 1631 2442 etc.
1714 2389 1788 2455 (S.
1841 2390 2048 2451 leom„

142 2471 199 2520 In
242 2485 288 2534 2,
334 2473 452 2522 dist.
497 2486 583 2535 40,
629 2490 678 2539 q.
731 2487 772 2534 Ι,
817 2490 860 2523 a.
912 2484 934 2536 5
983 2491 1024 2524 c.
1059 2483 1111 2524 et
1139 2474 1207 2524 ad
1253 2475 1318 2538 3).
1388 2474 1471 2524 Eo
1512 2475 1629 2540 ipso
1671 2473 1821 2539 quod
1862 2472 2050 2538 aliquis

140 2553 245 2604 hoc
287 2555 452 2604 modo
494 2555 698 2621 quaerit
739 2557 1183 2606 commoditatem
1225 2557 1463 2622 corporis
1503 2555 1585 2605 vel
1629 2556 1861 2621 quietem
1891 2555 2049 2604 animi

142 2635 625 2700 (delectationem),
687 2639 791 2687 iam
851 2638 1073 2688 adhibet
1132 2639 1347 2688 rationis
1407 2637 1643 2704 regulam
1713 2646 1765 2688 et
1823 2637 1934 2704 agit
1992 2645 2049 2686 ut

141 2718 305 2768 homo
348 2728 510 2786 atque
550 2720 805 2788 implicite
846 2720 1035 2770 saltem
1076 2721 1273 2771 iudicat
1315 2721 1582 2771 actionem
1609 2721 1708 2770 sibi
1750 2728 1807 2770 ut
1846 2719 2048 2770 homini

141 2804 439 2854 convenire.
534 2803 669 2854 Cum
727 2804 865 2853 enim
923 2820 1119 2870 corpus
1172 2811 1360 2870 suapte
1416 2812 1603 2853 natura
1655 2804 1927 2854 ordinetur
1978 2803 2046 2853 ad

139 2887 385 2947 animam,
429 2887 578 2952 quod
620 2888 735 2952 quis
775 2886 1072 2936 secundum
1100 2887 1486 2952 praescriptum
1516 2886 1730 2936 rationis
1768 2886 2045 2952 praedicto

141 2969 306 3018 modo
348 2970 459 3035 agit
499 2969 549 3018 in
591 2969 794 3019 bonum
838 2969 1092 3034 corporis,
1136 2969 1308 3035 vergit
1349 2970 1507 3018 etiam
1548 2969 1599 3018 in
1640 2968 1845 3018 bonum
1885 2969 2045 3019 totius

140 3050 383 3102 hominis.
464 3051 614 3101 Iuvat
665 3051 732 3100 ad
782 3051 920 3101 hanc
975 3051 1275 3101 doctrinam
1322 3051 1493 3116 magis
1544 3049 1925 3100 declarandam
1976 3050 2044 3100 al-

140 3131 333 3197 legare,
377 3150 514 3199 quae
555 3132 608 3183 S.
663 3132 902 3182 leomas
942 3133 1103 3183 docet
1145 3134 1212 3183 de
1252 3151 1350 3183 usu
1379 3131 1790 3183 delectabilium.
1859 3132 2044 3193 Vir—tus

139 3215 539 3285 temperantiae,
582 3215 654 3264 ita
697 3214 803 3264 fere
844 3213 897 3265 S.
942 3214 1178 3276 Doctor,
1233 3232 1341 3264 non
1381 3213 1554 3264 solum
1596 3214 1824 3264 attendit
1862 3214 2043 3264 stricte

140 3284 510 3356 necessarium,
552 3297 664 3346 sine
705 3313 812 3362 quo
854 3296 1020 3346 homo
1062 3297 1318 3347 exsistere
1358 3313 1466 3346 non
1508 3302 1702 3362 potest,
1745 3295 1842 3346 sed
1881 3296 2042 3345 etiam

139 3376 283 3439 illud,
327 3379 438 3428 sine
479 3395 586 3444 quo
629 3379 1005 3429 convenienter
1045 3395 1161 3428 esse
1201 3395 1308 3428 non
1349 3385 1543 3456 potg-st.
1625 3377 1828 3440 Immo,
1872 3376 2038 3438 addit,
