2182 3682
192 178 299 239 458
591 186 704 215 PARS
738 185 786 216 II.
838 184 1154 214 PHILOSOPHIA
1186 185 1390 214 MORALIS
1425 184 1675 214 SPECIALIS.

914 322 1184 371 THESIS
1220 322 1387 369 XCV.

197 425 344 489 623.
427 434 926 496 Repraesentativa
962 434 1251 495 regiminis
1286 434 1470 482 forma
1506 435 1576 481 de
1612 448 1674 481 se
1718 433 1925 481 iniusta
1973 447 2100 481 cen-

195 510 305 557 seri
354 510 547 571 nequit
594 509 861 571 ideoque,
912 509 1007 556 ubi
1055 509 1303 570 legitime
1350 509 1524 570 viget,
1575 509 1645 555 ad
1682 507 2100 556 oboedientiam

195 584 346 632 cives
383 584 613 646 obligat3
653 585 860 632 modus
895 590 1105 640 tamen,
1145 598 1255 644 quo
1292 583 1348 630 in
1384 585 1584 631 eadem
1612 589 2102 644 repraesentantes

197 659 493 721 eliguntur,
531 659 768 707 vitiosus
806 672 932 706 esse
969 658 1209 706 videtur.

271 770 436 818 Prob.
515 768 662 818 Pars
700 768 745 819 s.
827 769 952 818 Non
994 777 1072 818 est
1112 768 1177 818 de
1216 785 1271 818 se
1312 768 1524 818 iniusta.
1608 768 1749 818 Nam
1789 767 1857 817 de
1897 784 1954 817 se
1994 784 2103 816 non

194 861 274 902 est
324 852 504 918 inepta
555 852 625 902 ad
678 852 1064 901 assecutionem
1118 851 1235 900 finis
1285 851 1555 900 societatis
1607 849 1795 912 civilis;
1849 849 1904 899 id
1954 849 2102 915 quod

193 935 352 984 etiam
404 933 646 994 historia,
703 935 1013 1000 praesertim
1054 932 1239 1000 populi
1279 933 1498 999 anglici,
1554 932 1850 983 luculenter
1889 932 2100 998 probat.

194 1017 362 1082 Igitur
421 1017 562 1066 cives
621 1016 760 1066 hanc
820 1015 1073 1077 formam,
1136 1016 1227 1066 ubi
1287 1015 1522 1081 legitime
1576 1016 1748 1082 viget,
1811 1031 2105 1080 agnoscere

193 1106 456 1149 tenentur.

197 1222 344 1287 624.
424 1226 590 1273 Prob.
666 1225 813 1274 Pars
852 1224 926 1274 [l.
1009 1224 1208 1274 Modus
1249 1224 1481 1290 eligendi
1520 1225 1756 1274 vitiosus.
1838 1224 1897 1273 In
1937 1223 2104 1272 modo

195 1307 334 1356 enirn
386 1306 660 1357 electionis
714 1306 820 1356 fere
872 1306 1036 1356 solius
1088 1307 1293 1356 numeri
1335 1307 1466 1356 ratio
1521 1305 1774 1368 habetur,
1829 1323 1937 1356 non
1977 1323 2104 1355 vero

195 1389 505 1456 specialium
557 1388 838 1439 utilitatum
896 1389 1218 1438 diversarum
1270 1388 1515 1438 classium
1569 1406 1744 1455 neque
1795 1387 1989 1438 indolis
2029 1405 2106 1438 or-

197 1472 419 1538 ganicae
473 1472 757 1522 societatis.
851 1471 993 1521 Hinc
1047 1471 1153 1521 fere
1206 1472 1505 1521 necessario
1556 1489 1740 1522 secum
1797 1471 2109 1522 coniunctas

197 1554 362 1604 habet
390 1555 668 1604 continuas
696 1554 1015 1620 agitationes
1043 1553 1301 1619 politicas,
1346 1571 1484 1619 quae
1512 1563 1804 1620 perpetuae
1834 1553 2109 1603 fermenta-

197 1637 327 1686 tioni
367 1636 615 1703 politicae
658 1654 839 1686 ansam
882 1637 1157 1702 praebent,
1202 1637 1431 1702 partium
1458 1637 1634 1686 studia
1663 1645 1715 1686 et
1744 1636 1869 1686 odia
1908 1635 2105 1697 fovent,

199 1718 513 1785 plerumque
568 1719 628 1768 iis
682 1735 946 1768 summam
1005 1726 1332 1785 potestatem
1389 1719 1653 1779 tribuunt,
1713 1719 1802 1784 qui
1854 1717 2109 1768 maiorem
2173 1748 2182 1755 -

200 1802 460 1867 pecuniae
511 1802 619 1851 vim
674 1802 725 1850 in
779 1801 1066 1851 electiones
1121 1801 1440 1866 impendunt
1491 1810 1544 1850 et
1600 1801 1802 1850 minore
1857 1799 2110 1866 scrupulo

200 1884 407 1934 diversa
449 1884 752 1949 agitationis
794 1884 971 1934 media
1014 1892 1282 1950 usurpant.
1352 1883 1484 1933 Inde
1525 1884 1686 1933 etiam
1726 1900 1832 1932 non
1875 1899 1992 1932 raro
2033 1882 2108 1944 fit,

197 1975 254 2016 ut
296 1975 755 2032 repraesentantes
797 1966 982 2032 populi
1023 1967 1126 2015 sint
1167 1965 1412 2015 homines
1444 1966 1584 2026 novi,
1627 1965 1874 2025 audaces,
1919 1964 2112 2031 quibus

199 2048 316 2115 plus
358 2049 508 2098 cordi
548 2057 629 2098 est
680 2049 885 2098 bonum
927 2049 1198 2114 proprium
1243 2065 1402 2114 quam
1451 2048 1657 2097 bonum
1697 2047 2107 2098 communitatis

272 2129 410 2182 Sunt
450 2132 540 2197 qui
580 2130 1114 2181 constitutionalismo
1158 2130 1417 2192 obiciant,
1462 2131 1610 2196 quod
1653 2130 1952 2180 necessario
1991 2147 2111 2196 sup-

198 2222 365 2280 ponat
405 2214 795 2279 swa-ematjam
837 2212 1042 2278 populi.
1127 2210 1292 2277 Quod
1334 2213 1375 2262 si
1416 2230 1599 2262 verum
1640 2220 1806 2274 esset,
1861 2212 2111 2263 constitu-

199 2295 559 2346 tionalismum
601 2296 888 2362 reprobare
931 2312 1261 2361 cogeremur.
1319 2293 1428 2345 Sed
1470 2296 1753 2345 universim
1780 2312 1963 2345 verum
2003 2312 2111 2344 non

200 2387 294 2428 est.
365 2377 603 2428 Concedi
645 2387 826 2445 potest
867 2376 1464 2428 constitutionalismum
1494 2395 1564 2427 ex
1592 2386 1770 2427 mente
1810 2376 2113 2427 liberalismi

199 2461 580 2527 suprematiam
622 2460 809 2527 populi
849 2477 1171 2526 supponere,
1215 2460 1312 2509 sed
1353 2459 1457 2509 hoc
1501 2477 1569 2509 ex
1597 2467 1783 2509 natura
1823 2460 1896 2509 rei
1934 2476 2112 2509 neces-

200 2543 336 2593 sario
388 2544 463 2593 sic
504 2560 620 2592 esse
667 2543 778 2592 iure
830 2543 1019 2592 merito
1072 2552 1312 2607 negatur.
1394 2542 1642 2592 Profecto
1684 2542 1830 2608 quod
1881 2540 2114 2608 populus

202 2625 374 2676 cultus
429 2627 588 2675 etiam
647 2625 881 2691 aliquam
936 2633 1143 2691 partem
1195 2625 1246 2674 in
1301 2641 1551 2691 supremo
1605 2625 1860 2690 regimine
1916 2624 2114 2674 habere

200 2708 440 2769 studeat,
502 2716 763 2774 quatenus
816 2707 1005 2758 saltem
1059 2708 1348 2773 deputatos
1400 2706 1595 2772 eligere
1647 2715 1700 2756 et
1754 2724 1850 2773 per
1900 2724 1993 2756 eos
2046 2706 2114 2756 de

201 2791 516 2840 necessitate
556 2790 641 2840 vel
683 2790 1085 2856 opportunitate
1126 2789 1307 2855 legum
1348 2788 1431 2839 vel
1473 2789 1793 2839 tributorum
1827 2789 2115 2839 decernere

202 2873 384 2939 possit,
430 2872 750 2939 reprehendi
789 2889 898 2922 non
939 2881 1133 2938 potest.
1195 2872 1317 2938 Ipse
1361 2870 1411 2921 S.
1455 2871 1693 2929 Thomas
1732 2888 1851 2921 eam
1892 2872 2115 2921 civitatis

202 2955 593 3005 ordinationem
636 2956 981 3005 commendat
1036 2963 1310 3020 tamquam
1364 2955 1651 3020 optimam,
1712 2954 1795 3002 «in
1836 2971 1941 3020 qua
1981 2969 2150 3002 unusv

202 3037 507 3103 praeficitur
546 3037 843 3087 secundum
883 3037 1157 3097 virtutem,
1214 3037 1303 3102 qui
1345 3036 1592 3085 omnibus
1644 3036 1866 3102 praesit,
1921 3043 1977 3085 et
2015 3034 2114 3085 sub

204 3120 321 3185 ipso
374 3128 497 3169 sunt
548 3119 708 3185 aliqui
759 3119 1117 3185 principantes
1169 3118 1467 3168 secundum
1507 3118 1777 3179 virtutem,
1833 3125 1886 3167 et
1935 3112 2115 3167 tamen

206 3200 323 3251 talis
374 3202 701 3268 principatus
753 3201 821 3251 ad
874 3217 1060 3250 omnes
1112 3201 1365 3265 pertinet,
1420 3209 1532 3249 tum
1584 3200 1706 3266 quia
1758 3217 1826 3249 ex
1867 3200 2115 3249 omnibus

209 3282 329 3348 eligi
370 3293 610 3349 possunt,
653 3292 762 3333 tum
803 3283 930 3348 quia
972 3281 1039 3332 ab
1080 3282 1320 3332 omnibus
1359 3282 1659 3347 elzgtmtur»
1707 3281 1776 3346 (Ι,
1815 3295 1862 3342 2,
1906 3299 1957 3347 q.
1996 3293 2112 3344 105,
2151 3314 2167 3328 .

210 3381 255 3415 a.
302 3378 330 3414 2
362 3366 427 3429 c).
