2182 3682
635 175 747 203 PARS
783 176 830 204 ΙΙ.
879 176 1192 206 PHILOSOPHIA
1228 177 1428 206 MORALIS
1465 178 1717 209 SPECIALIS.

226 176 253 211 to

264 176 290 211 ιο

298 163 330 211 Ox

893 328 1161 377 THESIS
1198 329 1452 377 XLVIII.

228 424 374 478 282.
458 435 685 484 Directa
737 444 792 485 et
842 438 1059 499 privata
1110 438 1441 487 auctoritate
1493 447 1760 502 suscepta
1809 442 1897 490 sui
1952 442 2130 504 ipsius

224 509 430 558 occisio
467 511 574 572 legi
611 512 849 559 naturali
887 519 1177 574 repugnat.

225 612 289 665 (S.
332 614 471 654 Tlmm.
508 626 545 663 2,
583 626 619 664 2,
656 629 693 667 q.
731 617 799 666 64,
835 631 871 655 a.
909 625 944 668 5.
990 618 1034 657 de
1066 619 1199 670 Lago,
1233 618 1299 658 De
1334 618 1488 658 iustitia
1521 626 1563 658 et
1594 619 1681 659 iure
1714 620 1820 673 disp.
1857 632 1921 670 10,
1955 629 2053 661 sect.
2093 633 2126 662 Ι.

905 683 1144 736 Moralphil.
1179 686 1220 723 II
1257 694 1308 737 54
1333 684 1447 738 sqq.)

299 782 388 834 St.
434 783 509 851 Q.
598 800 638 835 Ι.
683 786 889 836 Dicitur
939 786 1146 837 directa
1200 789 1424 850 occisi0‚
1479 805 1619 855 quae
1669 789 1760 840 scl.
1815 790 1868 840 in
1908 807 1965 840 se
2016 791 2130 857 ipsa

222 867 350 931 (sive
402 876 460 917 ut
512 868 747 917 medium
799 869 908 918 sive
960 878 1017 919 ut
1069 869 1206 935 finis)
1263 878 1344 920 est
1398 870 1561 921 volita
1615 889 1707 921 seu
1758 872 1960 922 intenta
2011 872 2128 937 (sui-

222 950 453 1015 cidium),
498 957 555 1000 ut
591 951 946 1016 distinguatur
974 952 1041 1002 ab
1071 952 1339 1003 occisione
1379 953 1664 1015 indirecta,
1705 970 1842 1020 quae
1882 953 2125 1016 habetur,

220 1048 343 1081 cum
396 1033 513 1098 quis
564 1032 760 1099 aliquid
813 1033 954 1083 aliud
1006 1034 1289 1085 intendens
1345 1036 1611 1086 actionem
1666 1037 1845 1103 ponit,
1903 1053 1972 1086 ex
2024 1054 2128 1103 qua

219 1122 448 1164 mortem
487 1124 793 1165 secuturam
834 1116 1123 1182 praevidet.

296 1209 343 1247 2.
386 1196 758 1247 Adversantur
793 1198 927 1248 thesi
959 1198 1108 1248 multi
1137 1197 1318 1260 Stoici,
1364 1201 1671 1265 praesertim
1702 1199 1909 1251 Seneca
1936 1200 2122 1267 (Epist.

223 1280 288 1342 58
331 1287 384 1328 et
426 1280 540 1344 70),
596 1280 730 1329 inter
770 1281 1089 1331 recentiores
1131 1280 1387 1342 Humius‚
1441 1281 1796 1344 Benthamu5‚
1853 1281 2124 1349 Schopen-

218 1361 397 1422 hauer,
441 1360 681 1423 Paulsen,
725 1361 824 1413 alii.

294 1451 459 1498 Prob.
547 1450 730 1501 Homo
768 1468 825 1501 se
864 1452 1037 1518 ipsum
1068 1451 1436 1502 interficiendo
1464 1453 1563 1503 sibi
1591 1461 1805 1519 arrogat
1832 1453 2127 1503 dominium

219 1532 480 1582 directum
521 1533 588 1597 (n.
637 1544 698 1597 25
712 1534 763 1597 3)
805 1534 855 1583 in
903 1550 1053 1583 suam
1106 1535 1295 1596 vitam,
1352 1536 1497 1601 quod
1549 1534 1811 1586 soli·Deo
1853 1536 2129 1603 competit.

216 1614 390 1680 Atqui
442 1614 558 1664 talis
609 1617 879 1682 arrogatio
937 1625 1017 1666 est
1074 1618 1248 1683 gravis
1304 1616 1466 1667 laesio
1522 1616 1647 1667 iuris
1703 1618 1881 1668 divini.
1974 1618 2130 1683 Ergo

217 1696 382 1746 homo
425 1714 481 1747 se
522 1697 695 1764 ipsum
738 1698 1040 1748 occidendo
1083 1700 1313 1764 graviter
1353 1698 1516 1749 violat
1555 1700 1635 1749 ius
1675 1700 1794 1751 Dei.

291 1786 447 1836 Proh.
493 1787 619 1838 mai.
677 1788 985 1839 Destructio
1015 1789 1231 1839 alicuius
1272 1790 1344 1839 rei
1384 1790 1599 1856 propria
1629 1790 1944 1840 auctoritate
1985 1789 2125 1840 facta

216 1878 296 1918 est
346 1886 625 1936 supremus
676 1879 829 1920 actus
881 1872 1101 1921 dominii
1153 1872 1204 1921 in
1257 1872 1501 1921 eandem.
1582 1871 1753 1938 Atqui
1804 1871 1969 1921 homo
2018 1889 2125 1922 non

218 1950 382 2001 habet
435 1952 731 2001 dominium
785 1953 1045 2003 directum
1098 1955 1149 2003 in
1201 1970 1351 2004 suam
1391 1954 1581 2015 vitam,
1636 1954 1731 2004 sed
1773 1953 1919 2004 solus
1961 1954 2124 2004 Deus,

217 2033 383 2083 Nam:
437 2049 477 2083 Ι.
521 2033 723 2084 homini
762 2034 953 2085 saltem
994 2037 1289 2102 generatim
1331 2037 1734 2102 dispositionem
1778 2036 1846 2085 de
1885 2036 1992 2085 vita
2030 2053 2126 2086 sua

217 2132 332 2165 esse
383 2116 742 2178 subtractam,
798 2118 870 2168 ita
921 2126 977 2168 ut
1029 2135 1136 2168 non
1190 2119 1359 2185 possit
1410 2136 1507 2184 pro
1560 2118 1710 2168 libitu
1761 2135 1818 2168 se
1860 2118 2120 2180 occidere,

216 2205 366 2264 patet
407 2216 476 2248 ex
503 2198 807 2249 vehementi
835 2201 1077 2267 appetitu
1106 2200 1344 2262 naturali,
1389 2217 1497 2266 quo
1526 2201 1663 2250 sicut
1691 2200 1869 2250 omnia
1895 2201 2124 2250 viventia

216 2280 395 2330 studet
434 2298 492 2330 se
532 2281 583 2330 in
624 2299 722 2331 suo
764 2299 880 2332 esse
910 2300 1225 2333 conservare
1267 2292 1319 2333 et
1361 2282 1824 2349 corrumpentibus
1865 2282 2121 2333 resistere.

217 2361 320 2412 Hic
362 2363 500 2412 enim
541 2365 813 2430 appetitus
861 2364 1139 2415 manifeste
1181 2365 1417 2415 ostendit
1457 2364 1790 2415 voluntatem
1831 2364 2123 2414 conditoris

216 2452 448 2506 naturae,
493 2454 551 2495 ut
591 2445 755 2496 homo
797 2447 960 2496 vitam
994 2464 1147 2497 suam
1176 2455 1472 2497 conservet.
1531 2461 1577 2497 2.
1623 2446 1912 2496 Hominem
1942 2454 2122 2496 autem

216 2526 358 2576 nullo
388 2528 554 2577 modo
583 2528 781 2578 habere
804 2529 1099 2579 dominium
1128 2531 1209 2579 sui
1235 2530 1399 2596 ipsius
1427 2529 1527 2579 hac
1556 2529 1759 2579 ratione
1786 2529 2120 2595 potissimum

215 2609 486 2675 probatur.
569 2610 835 2661 Dominus
875 2611 1092 2661 alicuius
1144 2613 1215 2661 rei
1268 2620 1346 2661 est
1397 2611 1510 2671 ille,
1564 2611 1616 2660 in
1658 2611 1802 2660 cuius
1842 2609 2121 2673 utilitatem

215 2691 405 2740 eadem
459 2692 706 2757 primario
761 2702 841 2742 est
894 2694 1165 2754 ordinata,
1221 2693 1293 2743 ita
1333 2700 1390 2743 ut
1431 2693 1499 2742 de
1540 2709 1602 2743 ea
1654 2693 1825 2758 possit
1863 2693 1914 2742 in
1967 2709 2118 2742 suum

215 2773 565 2842 commodum
608 2790 729 2823 cum
770 2774 1080 2825 exclusione
1119 2775 1342 2825 aliorum
1385 2775 1684 2841 disponere.
1746 2774 1919 2840 Atqui
1955 2773 2120 2824 homo

214 2855 328 2921 ipse
368 2873 476 2905 non
517 2864 596 2905 est
637 2857 687 2905 in
728 2874 878 2906 suam
918 2858 1190 2924 propriam
1228 2857 1508 2907 utilitatem
1549 2856 1800 2923 primario
1830 2856 2117 2916 ordinatus

213 2938 286 2986 ita
337 2944 393 2987 ut
445 2938 613 3003 possit
666 2955 785 2988 cum
837 2938 1146 2989 exclusione
1187 2939 1409 2989 aliorum
1451 2940 1519 2989 de
1559 2956 1617 2989 se
1658 2939 1969 3005 disponere,
2023 2938 2139 2997 sed,

213 3019 461 3085 primario
504 3020 778 3070 ordinatus
826 3030 906 3070 est
945 3021 996 3070 in
1049 3021 1273 3087 gloriam
1314 3029 1368 3072 et
1408 3022 1725 3087 obsequium
1766 3020 1883 3070 Dei.
1965 3020 2119 3085 Ergo

214 3117 322 3150 non
363 3108 443 3151 est
484 3101 732 3151 dominus
771 3103 849 3151 sui
888 3103 1065 3169 ipsius,
1108 3103 1204 3153 sed
1244 3102 1419 3153 solum
1457 3120 1657 3164 eorum,
1700 3118 1837 3167 quae
1865 3102 1914 3151 in
1956 3102 2120 3167 ipsius

213 3182 493 3233 utilitatem
533 3193 657 3233 sunt
697 3184 955 3235 ordinata.

287 3271 483 3322 Dices:
525 3272 651 3322 Non
679 3273 929 3323 obstante
970 3272 1076 3323 hoc
1104 3273 1342 3323 dominio
1371 3273 1477 3323 Dei
1503 3272 1626 3324 licet
1655 3272 1878 3322 fortasse
1918 3271 2118 3339 homini

214 3353 263 3401 in
306 3354 628 3418 quibusdam
670 3354 1076 3405 circumstantiis
1117 3356 1562 3416 extraordinariis,
1605 3373 1652 3405 v.
1685 3371 1735 3420 g,
1775 3354 1843 3403 ad
1885 3354 2117 3403 maxima
