2182 3682
211 176 317 236 448
613 185 726 214 PARS
761 185 810 214 ΙΙ.
862 185 1179 215 PHILOSOPHIA
1213 185 1418 215 MORALIS
1455 186 1705 217 SPECIALIS.

209 318 333 369 licet
359 320 568 382 iniuste,
611 320 888 386 possidere
918 321 1177 370 dicendus
1204 322 1285 383 sit,
1329 338 1397 371 an
1425 339 1552 372 vero
1579 323 1693 389 ipsa
1722 324 1798 374 vis
1827 324 2121 391 obligandi,

210 419 348 468 quae
401 403 511 452 eius
562 404 865 469 praeceptis
916 404 1078 465 inest,
1135 403 1355 453 aliunde
1396 404 1641 468 oriatur,
1695 408 2121 458 controvertitur.

210 483 438 550 Triplex
478 486 741 535 sententia
782 485 961 535 adest:

283 568 332 632 a)
376 566 592 617 Veteres
630 568 825 617 sentire
865 568 1113 636 videntur
1152 576 1525 634 usurpatorem
1566 587 1673 620 non
1714 570 1913 622 habere
1953 572 2122 638 ipsam

207 657 531 715 potestatem
573 667 667 700 seu
708 649 1127 700 iurisdictionem
1168 651 1398 716 regiam,
1453 652 1549 701 sed
1590 653 1825 715 interim,
1869 654 2124 719 quamdiu

205 731 438 781 intrusus
476 740 656 782 manet
684 733 735 781 in
764 749 862 782 suo
893 731 1031 794 loco,
1078 732 1467 798 rempublicam
1509 734 1620 784 eius
1659 743 1782 785 acta
1825 735 1905 785 ad
1937 735 2123 786 bonum

207 831 477 864 commune
519 823 645 864 rata
674 813 876 864 [labere
914 832 1005 865 seu
1033 815 1218 881 quoad
1249 816 1491 881 singulos
1524 825 1684 885 actus·
1704 817 2124 869 zita‘z'sdz'ctz'onem

205 896 470 961 supplere.
539 897 619 947 Ita
659 897 724 946 de
752 896 904 962 Lago
947 897 977 947 l.
1011 914 1054 947 c,
1101 898 1235 964 disp.
1270 910 1354 962 37,
1400 916 1448 948 n.
1485 912 1580 962 333
1625 897 1850 962 Suarez‘,
1894 900 1980 950 De
2020 900 2122 967 leg.

205 977 236 1027 l.
271 992 317 1042 3,
362 996 408 1028 c,
448 992 526 1040 10,
571 997 620 1030 n.
660 993 707 1043 9.
777 979 857 1028 Illi
898 997 1029 1046 ergo
1072 990 1224 1030 actus
1265 998 1372 1030 non
1414 982 1629 1047 proprie
1671 999 1701 1031 a
1741 990 1985 1048 tyranno,
2028 983 2125 1033 sed

205 1077 235 1109 a
291 1061 564 1127 republica
621 1062 727 1111 vim
786 1061 1064 1127 obligandi
1121 1063 1336 1113 habent.
1421 1063 1574 1114 Haec
1629 1073 1809 1114 tamen
1863 1066 2126 1115 sententia

204 1144 462 1209 supponit
503 1152 827 1210 potestatem
869 1162 1172 1211 supremam
1215 1145 1406 1195 saltem
1448 1146 1498 1195 in
1537 1146 1714 1196 radice
1754 1164 1968 1214 semper
2008 1165 2125 1198 esse

205 1226 348 1291 apud
391 1225 775 1293 rempublicam
822 1244 915 1277 seu
958 1236 1132 1277 totum
1175 1228 1453 1294 populum,
1497 1245 1635 1294 quae
1675 1230 1976 1296 suppositio
2018 1230 2124 1279 uni-

205 1309 396 1358 versim
441 1318 494 1358 et
533 1327 631 1375 pro
675 1310 819 1359 omni
861 1327 987 1360 casu
1028 1328 1153 1360 vera
1195 1328 1309 1360 esse
1351 1328 1459 1360 non
1501 1312 1727 1361 videtur.

281 1391 337 1455 b>
389 1391 731 1441 Recenll'm‘es
783 1392 935 1442 multi
986 1392 1252 1442 affirmant
1304 1402 1676 1459 usurpatorem
1731 1394 2006 1460 possidere
2057 1393 2125 1444 de

209 1473 351 1523 facto
394 1473 760 1535 habitualiter,
806 1476 1046 1540 quamvis
1086 1476 1304 1536 iniuste,
1356 1485 1696 1541 potestatem.
1778 1476 1902 1526 Non
1945 1484 2124 1526 tamen

209 1556 404 1605 eodem
439 1557 604 1606 modo
640 1556 945 1623 loquuntur.
1001 1557 1126 1607 Alz‘z'
1158 1557 1517 1622 (ἰλῶν-[τίθης
1553 1558 1743 1608 Ethica
1778 1555 1953 1627 [1880]
1997 1559 2122 1622 274)

211 1638 396 1688 dicunt
423 1656 730 1705 supremam
761 1649 1083 1705 potestatem
1115 1657 1222 1689 non
1253 1657 1368 1690 esse
1396 1641 1475 1690 ius
1486 1640 1800 1705 personale,
1829 1641 1924 1690 sed
1955 1641 2122 1702 reale,

207 1721 356 1787 quod
397 1738 658 1787 personae
695 1731 970 1788 competat
999 1723 1202 1772 ratione
1232 1723 1316 1772 rei
1347 1740 1485 1789 quae
1513 1724 1835 1789 possidetur,
1878 1740 1940 1773 ac
1970 1724 2122 1789 proin

207 1820 314 1853 non
355 1812 463 1853 tam
505 1804 573 1853 ad
616 1814 988 1870 usurpatorem
1041 1822 1202 1870 quam
1244 1806 1422 1871 potius
1475 1806 1541 1854 ad
1586 1806 1956 1855 auctoritatem
2008 1822 2122 1870 per-

205 1886 363 1946 tinet,
419 1903 583 1953 quae,
639 1887 762 1937 licet
801 1888 992 1937 iniuste
1033 1888 1101 1937 ab
1142 1887 1231 1937 illo
1274 1888 1639 1953 possideatur,
1684 1896 1862 1938 tamen
1903 1888 2122 1954 proprio

206 1968 402 2018 effectu
444 1977 496 2018 et
524 1970 574 2018 vi
603 1987 707 2019 non
752 1970 1067 2019 destituitur.
1127 1969 1236 2020 Sed
1277 1970 1410 2019 haec
1451 1970 1717 2020 sententia
1758 1976 1838 2020 est
1879 1969 2120 2020 difficilis.

205 2051 343 2100 Nam
386 2069 522 2117 quae
564 2059 644 2101 est
683 2051 768 2101 illa
810 2069 917 2113 res,
963 2069 1194 2118 quacum
1235 2053 1313 2101 ius
1356 2052 1638 2102 ordinandi
1677 2053 1994 2102 societatem
2038 2069 2122 2102 co-

204 2150 406 2183 nexum
444 2132 664 2184 dicitur?
716 2134 841 2184 Non
870 2143 1051 2200 potest
1079 2134 1391 2200 responderi
1421 2151 1537 2184 esse
1565 2135 1955 2196 auctoritatem,
1999 2134 2124 2200 quia

204 2216 490 2266 auctoritas
519 2216 642 2265 nihil
673 2216 812 2266 aliud
844 2223 924 2266 est
953 2233 1113 2282 quam
1135 2217 1215 2266 ius
1238 2217 1522 2266 ordinandi
1544 2217 1873 2267 societatem.
1917 2215 1973 2267 Si
1993 2233 2120 2266 vero

204 2298 559 2364 respondetur
598 2297 741 2348 illam
771 2316 881 2348 rem
911 2316 1027 2348 esse
1055 2307 1383 2364 potestatem
1414 2298 1701 2364 physicam
1732 2298 2014 2348 ordinandi
2042 2314 2121 2347 so-

203 2380 466 2441 cietatem,
510 2380 634 2430 inde
675 2369 985 2446 sequeretur
1013 2379 1310 2447 legitimum
1338 2381 1651 2447 principem,
1700 2398 1863 2446 quam
1891 2380 2119 2447 primum

200 2469 470 2528 potestate
493 2463 717 2529 physica
740 2463 1021 2513 ordinandi
1042 2464 1357 2513 societatem
1379 2464 1569 2513 iniuste
1593 2464 1842 2529 privatur,
1874 2480 1920 2513 v.
1948 2479 1999 2528 g.
2026 2480 2123 2528 per

200 2545 688 2606 incarcerationem,
719 2563 1026 2612 supremam
1055 2554 1381 2612 potestatem
1410 2546 1514 2596 iam
1543 2562 1652 2595 non
1679 2545 1954 2612 possidere
1977 2545 2120 2595 ideo-

202 2644 306 2693 que
334 2627 438 2677 iam
467 2627 670 2677 nullum
699 2629 936 2678 eiusdem
967 2637 1146 2678 actum
1169 2627 1405 2694 legitime
1428 2645 1680 2678 exercere
1702 2644 1878 2694 posse.
1918 2627 2121 2693 Nequit

202 2709 341 2758 enim
384 2726 633 2775 suprema
672 2718 913 2776 potestas
955 2710 1110 2760 simul
1152 2710 1363 2760 duabus
1404 2710 1644 2776 personis
1683 2710 1889 2774 integra
1927 2710 2115 2760 inesse.

275 2792 396 2857 Ipse
437 2790 491 2842 S.
545 2791 783 2842 Thomas
837 2793 1031 2842 sentire
1085 2792 1296 2842 videtur
1347 2800 1720 2858 usurpatorem
1759 2809 1868 2841 non
1919 2791 2120 2841 habere

200 2881 526 2940 potestatem
567 2874 894 2924 habitualem
923 2876 993 2939 (2,
1040 2888 1086 2936 2,
1132 2892 1182 2941 q.
1222 2888 1338 2937 104,
1383 2890 1429 2924 a.
1461 2874 1494 2923 6
1524 2875 1592 2923 ad
1626 2874 1702 2939 3):
1754 2872 2118 2939 «Principibus

199 2955 559 3006 saecularibus
591 2998 598 3006 .
634 2999 642 3007 .
678 2996 686 3005 .
729 2958 772 3006 si
812 2974 920 3006 non
961 2957 1164 3007 habent
1204 2958 1403 3006 iustum
1432 2956 1805 3022 principatum,
1848 2955 1946 3005 sed
1974 2972 2119 3004 usur-

201 3047 414 3105 patum,
469 3038 554 3088 vel
605 3039 647 3088 si
698 3039 886 3088 iniuste
938 3039 1293 3105 praecipiant,
1349 3055 1457 3088 non
1499 3046 1748 3088 tenentur
1787 3037 1985 3087 subditi
2025 3037 2117 3086 ob-

201 3121 382 3170 oedire
423 3121 519 3170 nisi
563 3120 697 3170 forte
748 3138 844 3187 per
895 3121 1144 3170 accidens
1197 3129 1418 3187 propter
1468 3120 1747 3170 vitandum
1801 3118 2114 3169 scandalum

200 3201 284 3252 vel
325 3202 667 3268 periculum.»

277 3284 325 3347 c)
367 3284 477 3334 Alii
518 3284 862 3350 (Tongim‘gz‘,
906 3283 1099 3335 Philos,
1143 3302 1276 3335 mor.
1320 3301 1369 3334 n.
1402 3285 1530 3348 432)
1574 3284 1758 3334 dicunt
1797 3278 2144 3333 societatem'

204 3365 409 3416 civilem
450 3367 561 3416 sine
601 3367 917 3417 auctoritate
968 3383 1280 3433 permanere
1320 3383 1428 3416 non
1475 3383 1635 3432 posse
1674 3365 1906 3432 ideoque
1944 3364 2015 3415 illi
2055 3381 2113 3414 se
