2182 3682
224 170 322 219 188
621 180 736 208 PARS
770 180 799 210 Ι.
850 180 1165 210 PHILOSOPHIA
1199 181 1407 210 MORALIS
1443 182 1720 213 GENERALIS.

970 332 1196 380 CAPUT
1232 333 1367 381 Vin.

712 445 830 504 DE
876 446 1074 505 IURE
1120 447 1200 505 IN
1252 447 1615 507 GENERE.

217 592 364 646 225.
483 582 667 633 Homo
724 600 832 634 non
883 583 1029 634 solus
1068 585 1120 634 in
1161 584 1261 635 hac
1302 593 1441 635 terra
1480 594 1747 647 versatur,
1799 587 1894 637 sed
1935 595 2123 638 natura
2163 604 2171 606 *

211 681 321 726 sua,
365 673 424 714 ut
463 674 652 731 postea
693 666 990 716 accuratius
1019 666 1422 733 explicabimus
1466 668 1535 718 ad
1577 669 1969 719 convivendum
1998 687 2120 720 cum

213 746 324 798 aliis
363 747 669 798 hominibus
720 749 1002 799 inducitur.
1073 749 1419 817 Quapropter
1473 751 1680 817 indiget
1730 751 1995 818 praesidio
2037 750 2122 802 ali-

213 847 339 897 quo,
383 847 491 896 quo
533 830 584 879 in
625 847 722 880 usu
764 847 890 881 suae
931 831 1187 882 libertatis
1228 841 1413 883 contra
1454 833 1678 883 aliorum
1730 833 2008 885 hominum
2048 835 2119 885 in-

217 929 402 963 cursus
441 921 769 979 protegatur.
852 914 976 965 Hoc
1017 915 1340 981 praesidium
1380 924 1603 966 vocatur
1641 916 1740 967 ius,

967 1077 1300 1118 ARTICULUS
1333 1079 1365 1117 Ι.

871 1182 1054 1229 IURIS
1090 1182 1461 1230 DEFINITIO.

215 1281 278 1334 (S.
320 1284 459 1323 Tlmm.
497 1294 534 1332 2,
572 1295 608 1332 2,
644 1299 682 1337 q.
721 1293 786 1335 57,
823 1299 858 1323 a.
899 1295 932 1324 1.
997 1286 1042 1324 de
1076 1286 1207 1337 Lnga,
1241 1286 1308 1324 De
1342 1286 1493 1324 iustitia
1527 1295 1567 1325 et
1601 1286 1689 1325 iure
1723 1287 1828 1339 disp.
1869 1296 1903 1325 1.
1967 1287 2120 1339 Voglel’,

212 1351 470 1390 Iuris-cultor
503 1351 727 1404 theologus
763 1349 948 1404 [stlzgne,
994 1351 1261 1404 Theologiae
1296 1366 1441 1392 cursus
1475 1354 1626 1406 compl.
1663 1360 1690 1393 t.
1725 1351 1823 1406 XV]
1859 1368 1897 1406 q.
1939 1364 1973 1393 Ι.
2037 1369 2122 1393 van

218 1420 357 1466 Gestel,
391 1420 458 1457 De
494 1418 647 1457 iustitia
680 1428 720 1458 et
754 1419 848 1471 lege
883 1417 994 1458 cix-,2
1018 1433 1057 1458 n.
1085 1428 1122 1469 7.
1167 1420 1434 1468 lsbrmcersclz,
1470 1421 1753 1471 Quaestiones
1787 1422 1840 1460 de
1873 1422 1964 1460 iust.
1992 1435 2032 1461 n.
2054 1419 2120 1471 4.)
2159 1450 2162 1452 v

215 1525 360 1579 226.
479 1529 571 1579 Ius
609 1530 867 1596 accipitur
916 1546 954 1581 1.
999 1548 1097 1597 pro
1139 1531 1353 1582 obiecto
1395 1532 1621 1582 iustitiae
1662 1549 1756 1582 seu
1797 1532 1951 1594 iuste,
1995 1532 2025 1582 i.
2070 1549 2113 1582 e.

201 1620 309 1676 pro
352 1629 427 1674 re,
470 1630 606 1678 quae
646 1613 814 1663 alleri
838 1623 896 1663 ut
919 1631 1017 1663 sua
1047 1614 1281 1675 debetur,
1322 1624 1375 1665 et
1403 1615 1524 1681 quia
1551 1615 1747 1665 iustitia
1773 1613 2116 1681 particularis,

212 1694 522 1760 praesertim
577 1697 985 1757 commutativa,
1051 1696 1166 1747 sola
1225 1705 1305 1747 est
1366 1697 1627 1748 strictiore
1689 1714 1848 1747 sensu
1901 1697 2111 1758 iustitia,

212 1776 372 1827 etiam
414 1778 524 1827 eius
565 1778 838 1829 obiectum
877 1778 1053 1829 solum
1093 1780 1173 1829 ius
1214 1780 1472 1830 strictiore
1513 1797 1670 1830 sensu
1711 1788 1946 1830 vocatur.
2017 1780 2115 1829 La-

213 1859 346 1910 tiore
385 1877 546 1910 sensu
587 1860 692 1911 hoc
733 1862 949 1912 nomine
990 1863 1150 1912 etiam
1191 1862 1461 1913 obiectum
1504 1863 1731 1913 iustitiae
1771 1860 1981 1928 legaliS‚
2025 1863 2119 1912 vir-

213 1942 338 1992 tutis
379 1942 646 2008 religionis
687 1952 787 1994 etc,
833 1945 1331 2011 comprehenditur;

291 2045 335 2081 2.
392 2050 489 2098 pro
531 2032 665 2099 lege,
707 2042 760 2083 et
801 2033 1018 2100 quidem
1060 2033 1143 2084 vel
1185 2035 1236 2098 a)
1277 2052 1375 2101 pro
1418 2035 1561 2084 omni
1604 2034 1751 2100 lege,
1795 2033 1879 2084 vel
1921 2034 1977 2097 b)
2018 2051 2117 2100 pro

214 2113 531 2165 collectione
584 2114 764 2182 legum
821 2117 950 2183 (quo
992 2134 1149 2166 sensu
1191 2117 1458 2184 loquimur
1499 2117 1567 2166 de
1607 2118 1716 2167 iure
1758 2115 1919 2177 civili,
1964 2133 2118 2167 cano-

214 2196 334 2247 nico
376 2198 530 2261 eto),
587 2197 671 2248 vel
723 2199 772 2262 c)
813 2199 1044 2249 strictius
1094 2218 1191 2266 pro
1249 2200 1368 2266 lege
1420 2200 1665 2261 iuridica‚
1721 2215 1860 2266 quae
1910 2206 2119 2265 spectat

215 2280 456 2329 ordinem
497 2280 749 2343 iustitiae;

289 2383 335 2434 3.
390 2388 487 2437 pro
529 2372 804 2436 facultate
852 2372 1102 2438 legitima
1155 2390 1249 2422 seu
1302 2370 1488 2423 morali
1543 2372 1742 2438 aliquid
1792 2372 1990 2438 agendi
2034 2368 2115 2421 vel

214 2453 481 2519 exigendi.

287 2540 617 2608 Significatio
678 2545 849 2610 primo
918 2543 1040 2594 loco
1101 2544 1275 2610 posita
1335 2552 1415 2593 est
1473 2543 1720 2610 primaria
1780 2543 1855 2608 (S.
1929 2542 2114 2593 Tlmm.

212 2623 243 2674 l.
290 2641 333 2675 c.
379 2642 423 2675 a.
479 2639 496 2674 Ι
546 2626 615 2675 ad
665 2627 740 2691 Ι),
800 2644 870 2676 ex
920 2644 1025 2692 qua
1081 2626 1219 2675 duae
1270 2625 1594 2692 posteriores
1650 2629 1781 2676 sunt
1833 2626 2114 2676 derivatae.

212 2707 333 2757 Lex
373 2707 563 2757 dicitur
589 2708 683 2766 ius,
729 2709 851 2774 quia
892 2717 972 2758 est
1000 2724 1187 2758 norma
1215 2716 1267 2758 et
1296 2706 1480 2774 regula
1507 2707 1630 2757 iuris
1671 2707 1846 2773 (iusti).
1905 2707 2116 2758 Exinde

212 2798 391 2840 autem
433 2790 580 2856 quod
622 2789 775 2841 alicui
817 2790 1092 2856 quidpiam
1132 2798 1191 2840 ut
1230 2807 1385 2840 suum
1426 2789 1711 2856 competit,
1754 2790 1806 2840 in
1846 2807 1912 2840 eo
1953 2790 2118 2840 oritur

213 2871 438 2922 facultas
489 2871 702 2922 moralis
753 2863 949 2937 agendi
999 2872 1084 2922 vel
1137 2873 1406 2938 exigendi.
1486 2871 1542 2921 A
1599 2872 1982 2922 recentioribus
2036 2872 2116 2941 ius

211 2954 451 3004 secundo
502 2971 660 3004 sensu
712 2964 987 3020 sumptum
1038 2964 1260 3005 vocatur
1309 2955 1389 3004 ius
1440 2954 1776 3016 obieclz'vum,
1829 2954 1908 3004 ius
1959 2954 2115 3004 tertio

211 3035 332 3086 loco
374 3037 608 3103 positum
635 3038 714 3086 ius
741 3037 1102 3098 subieclz'wtm,
1145 3054 1282 3103 quae
1323 3046 1501 3087 tamen
1531 3037 1749 3086 nomina
1775 3052 1883 3086 non
1911 3024 2116 3086 habent

211 3117 479 3168 sufficiens
520 3118 927 3169 fundamentum
971 3120 1023 3169 in
1065 3136 1135 3181 re,
1179 3119 1304 3185 quia
1344 3119 1504 3169 etiam
1545 3118 1624 3168 ius
1652 3119 1824 3185 primo
1865 3127 1919 3169 et
1957 3118 2113 3168 tertio

212 3216 373 3250 sensu
414 3209 495 3251 est
537 3196 616 3251 ius
655 3218 779 3251 vere
820 3201 1162 3252 obiectivum.
1221 3200 1414 3251 Melius
1454 3200 1544 3250 lex
1581 3209 1806 3251 vocatur
1843 3201 1922 3250 ius
1950 3208 2113 3266 prae-

210 3282 497 3347 ceptivum,
553 3291 606 3333 et
658 3282 882 3334 facultas
921 3281 1135 3333 moralis
1174 3284 1255 3333 ius
1294 3282 1684 3333 dominativum
1725 3272 1984 3347 (Suarek,
2024 3282 2112 3331 De

211 3363 312 3430 leg.
357 3363 387 3414 l.
434 3377 481 3427 2,
526 3382 569 3415 c.
622 3379 701 3428 14,
745 3382 793 3415 n.
846 3366 909 3416 16
951 3374 1004 3416 et
1045 3382 1089 3415 e.
1143 3367 1242 3431 17).
