2182 3682
281 183 433 212 CAPUT
466 182 513 210 ΙΙ.
563 182 626 211 DE
659 181 855 210 ACTIBUS
891 179 1111 209 HUMANIS
1146 179 1344 208 PHYSICE
1377 179 1732 209 CONSIDERATIS.
1880 183 1948 234 43

61 316 163 382 38.
254 317 341 385 Do
383 317 729 383 passionibus
792 315 1290 381 coneiqssiscibilibus.
1372 316 1649 366 Passiones
1709 318 1954 383 concupi-

55 398 265 450 scibiles
301 385 610 449 'dividuntur
650 398 851 447 ratione
891 398 1122 458 termini,
1166 398 1305 447 circa
1346 414 1505 463 quem
1544 405 1842 458 versantur,
1903 399 1954 448 in

55 482 356 548 passiones,
419 498 555 547 quae
595 480 782 530 bonam
811 486 1212 545 prosequuntur
1231 519 1244 539 ,
1300 487 1352 528 et
1393 495 1506 539 eaS,
1565 496 1699 544 quae
1750 479 1953 530 malma

58 570 399 613 aversantur.

131 659 340 708 Bonum
407 657 844 724 prosequendum
910 664 1091 723 potest
1156 657 1408 722 spectari:
1485 657 1534 720 a)
1594 655 1955 707 abstrahendo

57 741 125 791 ab
180 758 245 790 eo
301 748 479 789 utrum
533 741 599 789 sit
650 756 900 805 praesens
950 755 1018 788 an
1070 738 1288 798 absens,
1347 738 1404 801 b)
1444 746 1501 787 ut
1549 737 1767 797 absens,
1812 738 1859 801 c)
1901 747 1958 788 ut

57 839 322 889 praesens.
391 822 460 871 Et
499 821 794 871 secundum
822 820 960 870 hanc
1002 820 1360 869 diversitatem
1389 829 1510 869 sunt
1538 827 1643 868 tres
1683 819 1958 885 passiones

57 903 498 970 concupiscibiles
549 903 915 969 prosecutivae
967 902 1120 952 boni:
1175 919 1358 963 amor,
1418 901 1508 967 qui
1546 909 1781 950 versatur
1822 902 1959 951 circa

57 987 256 1037 bonum
299 985 660 1035 abstrahendo
714 985 780 1034 ab
823 985 933 1034 eius
972 984 1269 1050 praesentia
1316 983 1400 1032 vel
1440 983 1705 1045 absentia;
1761 983 1958 1033 deside-

59 1069 199 1119 riam
238 1067 323 1117 vel
375 1067 818 1132 concupiscentia,
871 1083 1006 1132 quae
1048 1073 1287 1114 versatur
1315 1065 1452 1115 circa
1493 1065 1695 1114 bonurn
1735 1065 1954 1128 absens;

49 1150 314 1216 gaudium
364 1149 719 1214 (delectatio),
779 1149 926 1198 cuius
979 1148 1247 1198 obiectum
1306 1156 1386 1196 est
1437 1140 1955 1213 bonumpraesens.

57 1232 156 1282 His
195 1233 361 1282 tribus
402 1231 737 1297 passionibus
782 1230 1204 1296 correspondent
1244 1238 1350 1279 tres
1391 1229 1537 1290 aliae,
1582 1247 1720 1295 quae
1760 1229 1959 1279 malum

57 1314 290 1379 fugiunt,
343 1313 533 1363 videi:
590 1313 796 1374 odizmz,
855 1313 1002 1378 quod
1045 1320 1315 1361 aversatur
1354 1311 1553 1361 malum
1594 1312 1956 1362 abstrahendo

57 1396 125 1446 ab
167 1397 278 1446 eius
318 1396 615 1462 praesentia
653 1394 738 1444 vel
779 1395 1044 1456 absentia3
1100 1394 1306 1443 lcorror
1345 1393 1539 1459 (fuga),
1595 1395 1684 1460 qui
1722 1403 1960 1444 versatur

57 1479 195 1528 circa
217 1477 413 1527 malum
443 1477 656 1539 absens;
687 1477 916 1526 lrisz‘iz‘ia
943 1475 1152 1541 (dolor),
1185 1476 1332 1526 cuius
1354 1476 1625 1526 obiectum
1654 1485 1734 1526 est
1762 1475 1957 1526 malum

56 1576 322 1626 praesens.
365 1591 437 1597 —
476 1559 639 1610 Unde
690 1559 951 1608 habemus
1010 1560 1105 1608 tria
1156 1559 1299 1623 paria
1354 1559 1661 1624 passionum
1715 1560 1960 1625 concupi-

56 1641 330 1703 scibilium,
375 1658 510 1708 quae
551 1641 655 1691 hoc
696 1641 968 1691 schemate
1010 1641 1360 1691 exhibentur:

71 1760 216 1810 circa
243 1742 261 1828 s
301 1777 484 1810 amor.
513 1802 520 1810 .
550 1802 557 1809 .
582 1760 693 1809 sive
728 1776 897 1826 praes.
936 1760 1046 1809 sive
1090 1760 1283 1809 absens
1314 1801 1321 1809 .
1358 1801 1365 1809 .
1402 1799 1409 1808 .
1442 1759 1627 1809 odium
1660 1744 1683 1825 Ἰ
1767 1798 1896 1847 ,ima

107 1841 186 1892 bo-
238 1829 253 1914 ζ
304 1843 738 1908 concupiscentia
781 1884 789 1893 .
837 1885 844 1892 .
893 1884 900 1891 .
957 1842 1150 1891 absens
1182 1883 1407 1892 ......
1440 1841 1627 1891 horror
1676 1819 1919 1929 {balma

81 1942 206 1974 num
243 1916 258 1999 Ι
302 1924 559 1990 gaudium
610 1966 895 1974 ......
942 1941 1192 1989 praesens
1224 1966 1404 1974 .....
1438 1923 1594 1973 dolor

63 2112 164 2164 39.
245 2101 331 2151 De
360 2103 706 2167 passionibus
745 2102 1126 2153 irascibilibns.
1207 2102 1326 2151 Hae
1369 2102 1705 2152 dividuntur:

133 2220 183 2283 a)
225 2220 427 2269 ratione
466 2220 689 2270 termini
737 2221 787 2269 in
830 2237 945 2280 eas,
1001 2237 1138 2286 quae
1179 2221 1316 2269 circa
1355 2220 1558 2269 bonum
1599 2220 1851 2280 arduum,
1910 2228 1963 2268 et

60 2317 164 2362 eas,
207 2317 344 2367 quae
385 2301 523 2351 circa
564 2301 762 2351 malum
804 2303 1030 2352 arduum
1070 2309 1373 2363 versantur,

133 2397 190 2461 b)
232 2398 434 2465 ratione
490 2399 652 2461 modi,
711 2416 820 2465 quo
879 2401 1016 2449 circa
1071 2400 1356 2448 terminum
1396 2408 1695 2460 versantur,
1753 2400 1805 2448 in
1857 2415 1960 2460 eas,

61 2496 200 2546 quae
240 2480 491 2530 accedunt
540 2481 609 2530 ad
661 2481 865 2530 bonum
917 2481 1001 2531 vel
1043 2481 1269 2542 malum,
1321 2490 1374 2531 et
1427 2498 1541 2542 eas,
1601 2497 1739 2546 quae
1790 2481 1857 2530 ab
1900 2495 1997 2529 eo·

61 2561 320 2611 recedunt.
413 2561 721 2612 Secundum
782 2563 919 2613 hanc
980 2564 1293 2613 divisionem
1354 2564 1629 2629 passiones
1680 2562 1966 2612 irascibiles

60 2653 402 2693 numerantur
453 2646 716 2711 quinque:
772 2646 925 2707 duae,
984 2646 1075 2696 scl.
1130 2663 1254 2711 spes
1309 2655 1362 2695 et
1414 2645 1650 2706 audacia,
1702 2645 1966 2695 accedunt

61 2725 131 2774 ad
171 2725 376 2775 bonurn
416 2735 469 2776 et
510 2727 709 2776 malum
752 2728 1005 2790 arduum3
1067 2729 1205 2777 duae
1245 2745 1372 2777 vero
1415 2727 1700 2787 recedunt,
1744 2727 1834 2777 scl.
1880 2728 1966 2777 de-

60 2808 292 2872 speratio
333 2816 387 2857 et
427 2809 585 2858 timor
625 2811 866 2873 (metus);
911 2826 1016 2859 una
1057 2810 1286 2876 denique
1313 2818 1549 2860 versatur
1590 2810 1727 2859 circa
1767 2809 1967 2859 malum

61 2889 287 2938 arduum
342 2907 609 2955 praesens.
708 2891 859 2942 Haec
917 2909 1024 2941 non
1080 2892 1246 2942 habet
1301 2893 1603 2958 passionem
1659 2908 1966 2957 correspon-

63 2971 309 3031 dentem,
375 2973 498 3038 quia
545 2973 749 3023 bonum
801 2991 1052 3040 praesens
1104 2992 1211 3024 non
1272 2974 1436 3024 habet
1487 2974 1745 3024 rationem
1798 2974 1963 3023 ardui.

65 3052 402 3103 Exhibentur
442 3054 545 3104 hoc
586 3055 886 3106 schemate:

150 3172 296 3221 circa
383 3154 399 3239 [
439 3190 562 3239 spes
606 3215 614 3223 .
662 3216 669 3224 .
718 3217 726 3225 .
775 3218 783 3226 .
836 3176 1189 3225 accedendo.
1224 3218 1231 3225 .
1269 3218 1277 3225 .
1312 3219 1318 3225 .
1363 3175 1588 3225 audacia
1630 3156 1645 3240 l
1739 3174 1884 3223 circa

123 3253 310 3303 bonum
376 3241 392 3327 ζ
442 3256 742 3322 desperatio
787 3299 795 3307 .
843 3300 850 3307 .
896 3258 1200 3307 recedendo
1258 3299 1266 3307 .
1314 3300 1322 3307 .
1366 3258 1524 3306 timor
1631 3242 1673 3326 ἑ
1710 3255 1913 3304 malum

102 3335 333 3385 arduum
385 3330 401 3413 [
554 3338 692 3389 circa
733 3338 932 3388 malum
973 3357 1141 3405 praes.
1198 3379 1205 3387 .
1254 3381 1261 3388 .
1310 3380 1317 3388 .
1360 3339 1434 3387 ira
1634 3329 1646 3409 Ι
1683 3337 1929 3386 arduam.
