2182 3682
476 179 562 208 LIB.
597 179 645 208 11.
691 179 791 208 CAP.
826 179 854 207 Ι.
900 178 962 207 DE
996 177 1253 206 SOCIETATE
1286 177 1564 226 UNIVJERSIM.
1854 180 1950 231 331

66 313 229 378 liquet
256 312 340 362 ius
366 311 704 361 auctoritatis
730 309 938 360 socialis
979 327 1100 359 cum
1127 310 1236 358 iure
1266 310 1623 359 constituendi
1649 311 1960 361 societatem

67 392 504 445 confundendum
545 409 653 442 non
695 409 825 442 esse.

139 475 197 524 In
249 482 370 524 actu
423 482 602 524 autem
651 473 832 524 sociali
884 473 1096 540 proprie
1149 473 1294 522 dicto
1342 472 1411 522 ad
1463 471 1763 538 analogiam
1815 482 1964 524 actus

66 557 283 607 humani
321 556 549 622 spectari
588 563 838 621 possunt:
886 554 1250 620 principium,
1284 554 1449 621 finis,
1482 545 1684 604 ‘norma
1734 554 1961 620 (libyes,

67 638 232 688 Instit.
275 638 398 687 iuris
439 646 543 687 nat.
588 637 625 698 I,
669 655 717 687 n.
765 637 868 701 367
899 637 1037 702 sqq).

150 734 190 770 Ι.
232 714 569 784 Principium
608 720 871 768 internum
912 725 1128 767 actuum
1165 717 1438 768 socialium
1473 716 1676 782 duplex
1717 717 1968 783 distingui

67 802 256 852 debet:
299 801 613 867 principium
657 801 801 866 quod
834 809 887 850 et
927 817 1041 865 quo.
1106 799 1423 866 Principium
1452 800 1596 865 quod
1630 808 1709 849 est
1736 799 1849 865 ipsa
1888 817 1967 849 so-

67 885 245 935 cietas.
306 883 626 948 Principium
667 899 766 948 qm)
796 882 1137 947 pm'marz‘mn
1179 891 1259 931 est
1298 882 1537 947 superior
1577 897 1683 947 qua
1711 881 1842 942 talis,
1887 882 1969 931 cui

65 965 363 1016 secundum
404 963 707 1030 analogiam
735 965 786 1013 in
814 963 1031 1013 homine
1071 963 1379 1013 individuali
1408 964 1699 1029 respondet
1726 962 1970 1013 voluntas

69 1056 123 1099 et
163 1047 295 1097 ratio
336 1056 613 1112 tamquam
666 1047 866 1112 primus
910 1053 1086 1096 motor
1127 1055 1341 1095 actuum
1382 1045 1754 1096 humanorum.
1833 1045 1970 1095 Prin-

70 1131 267 1196 cipium
319 1147 418 1195 quo
469 1128 847 1178 secundarium
895 1137 974 1177 est
1025 1128 1200 1193 ipsum
1253 1144 1447 1193 corpus
1493 1126 1688 1177 sociale
1728 1126 1811 1177 vel
1851 1127 1971 1177 sub-

69 1213 188 1274 diti,
242 1212 378 1262 sicut
425 1212 475 1261 in
517 1210 733 1260 homine
784 1211 1058 1260 individuo
1111 1210 1426 1275 principium
1479 1227 1586 1276 quo
1639 1204 1762 1259 sunt
1814 1209 1971 1260 facul-

68 1302 204 1344 tates
244 1294 497 1343 diversae.

143 1377 220 1428 Ut
260 1383 409 1425 actus
449 1374 658 1425 socialis
698 1392 821 1425 vere
862 1373 979 1424 talis
1020 1381 1073 1424 et
1112 1374 1377 1424 humanus
1417 1375 1509 1435 sit,
1568 1374 1869 1440 requiritur,
1914 1382 1971 1424 ut

70 1458 329 1526 procedat
357 1476 386 1508 a
414 1475 509 1507 suo
543 1458 802 1523 principio
846 1474 967 1507 cum
996 1457 1304 1523 cognitione
1332 1456 1464 1507 finis,
1514 1455 1764 1523 Cognitio
1793 1465 1972 1506 autem

69 1549 124 1592 et
163 1541 384 1590 intentio
438 1540 638 1589 directa
689 1539 805 1589 finis
856 1538 1064 1589 socialis
1103 1538 1204 1589 soli
1242 1539 1501 1605 superiori
1540 1540 1835 1589 necessaria
1875 1547 1969 1600 est,

70 1623 296 1675 subditis
347 1639 474 1672 vero
528 1640 623 1688 per
674 1639 730 1672 se
782 1622 978 1672 sufficit
1030 1621 1266 1687 cognitio
1320 1630 1372 1671 et
1422 1622 1644 1671 intentio
1699 1621 1970 1682 indirecta,

72 1723 178 1773 qua
217 1707 269 1755 in
312 1705 583 1755 communi
625 1706 866 1755 noverint
908 1713 959 1754 et
999 1703 1161 1754 velint
1200 1704 1281 1763 id,
1336 1704 1403 1753 ad
1446 1704 1592 1769 quod
1645 1704 1712 1753 ab
1754 1704 1974 1753 auctori-

73 1796 181 1838 tate
221 1786 403 1838 sociali
442 1787 748 1837 immediate
790 1788 1099 1852 diriguntur.
1164 1785 1244 1835 Eo
1286 1787 1402 1852 ipso
1444 1787 1582 1835 enim
1612 1786 1680 1836 de
1722 1786 1862 1836 facto
1905 1787 1973 1835 ad

73 1871 276 1921 bonum
317 1886 603 1919 commune
645 1878 1016 1935 cooperantur.

145 1951 319 2002 Actus
358 1952 627 2002 societatis
667 1952 914 2017 primario
955 1953 1284 2018 imputantur
1323 1952 1579 2017 superiori
1619 1959 1675 2000 ut
1717 1951 1974 2017 principio

72 2053 180 2102 quo
233 2035 507 2101 primariO,
562 2034 789 2083 subditis
829 2052 954 2084 vero
1008 2051 1104 2100 pro
1144 2050 1405 2091 ⁴mensura
1456 2033 1875 2100 participationis
1924 2042 1976 2083 et

74 2117 467 2183 cooperationis
508 2116 721 2166 moralis
762 2116 829 2165 ad
871 2126 1049 2166 actum
1092 2133 1121 2165 a
1161 2117 1434 2182 superiore
1475 2124 1838 2182 praeceptum.

150 2213 196 2249 2.
252 2198 414 2249 Finis
464 2206 614 2249 actus
664 2198 873 2248 socialis
914 2207 994 2249 est
1033 2199 1202 2260 idem,
1258 2199 1347 2264 qui
1394 2207 1473 2248 θεῖ
1524 2198 1641 2247 finis
1691 2198 1975 2257 societatis,

73 2281 163 2332 scl.
208 2282 411 2331 bonum
453 2298 740 2331 commune
780 2281 975 2341 viribus
1028 2282 1185 2330 unitis
1232 2281 1685 2347 prosequendum.
1766 2280 1978 2329 Bonum

73 2372 250 2414 autem
286 2381 572 2414 commune
601 2381 708 2414 non
737 2372 818 2413 est
858 2363 1060 2413 bonum
1090 2363 1308 2429 aliquod
1337 2363 1681 2423 abstractum,
1724 2362 1820 2412 sed
1850 2362 1978 2412 eius-

76 2446 239 2507 modi,
282 2446 333 2495 in
362 2463 485 2512 quo,
530 2454 789 2512 quantum
832 2445 942 2495 fieri
982 2453 1178 2511 potest,
1223 2446 1401 2495 omnia
1441 2445 1710 2494 societatis
1738 2445 1977 2494 membra

75 2528 254 2595 aliquo
308 2528 474 2578 modo
528 2529 860 2594 participent.
943 2528 1067 2578 Hoc
1119 2545 1278 2594 porro
1331 2528 1534 2578 bonum
1579 2544 1865 2577 commune
1906 2544 1978 2576 re-

74 2619 263 2678 spectu
298 2611 566 2661 societatis
603 2611 767 2660 debet
803 2627 918 2660 esse
954 2620 1173 2660 naturae
1207 2611 1475 2660 societatis
1514 2610 1979 2677 proportionatum

74 2693 307 2760 ideoque
358 2711 454 2759 per
492 2710 549 2743 se
601 2702 913 2754 externum,
971 2711 1093 2743 cum
1146 2693 1284 2743 circa
1335 2710 1478 2742 mere
1528 2694 1733 2755 interna
1771 2690 1980 2741 socialis

75 2776 383 2842 cooperatio
436 2775 619 2825 haberi
671 2784 918 2841 nequeat.
998 2775 1096 2825 Per
1135 2775 1240 2825 hoc
1291 2784 1472 2825 tamen
1514 2775 1696 2825 debita
1742 2773 1980 2824 subordi-

76 2859 220 2909 natio
261 2858 528 2908 bonorum
569 2866 911 2908 externorum
954 2858 1053 2908 sub
1083 2858 1238 2930 igonis
1279 2857 1477 2908 altioris
1507 2857 1704 2907 ordinis
1745 2873 1851 2905 non
1893 2873 1980 2905 ex—

77 2940 320 2991 cluditur.
400 2941 612 2990 Bonum
653 2941 792 2990 enim
833 2948 1115 2990 externum
1157 2958 1468 3001 commune,
1524 2939 1671 3006 quod
1712 2939 1980 2988 immedia-

76 3030 191 3072 tum
219 3023 378 3073 finem
407 3023 677 3073 societatis
714 3023 1001 3084 constituit,
1047 3023 1211 3073 debet
1238 3023 1572 3072 subordinari
1599 3022 1745 3071 bono
1774 3021 1979 3070 interno

79 3106 317 3154 omnium
358 3105 718 3155 membrorum
768 3123 1062 3172 eorumque
1104 3105 1193 3155 fini
1233 3105 1448 3166 ultimo,
1504 3122 1573 3154 ex
1614 3121 1721 3170 quo
1763 3103 1980 3169 evidens

77 3195 157 3237 est
209 3186 407 3236 nullam
458 3188 772 3237 societatem
823 3205 983 3254 posse
1025 3205 1140 3238 esse
1187 3187 1344 3237 finem
1388 3188 1440 3236 in
1480 3204 1564 3247 se,
1619 3201 1793 3250 neque
1834 3201 1977 3249 prae-

77 3268 180 3334 cipi
218 3286 378 3335 posse
419 3270 486 3320 ab
527 3271 842 3321 auctoritate
883 3270 1098 3337 publica
1138 3277 1343 3331 actum,
1389 3270 1479 3335 qui
1519 3268 1705 3318 ultimo
1750 3266 1978 3317 hominis

79 3349 168 3400 fini
207 3352 530 3403 adversetur.
