2182 3682
199 191 260 226 12
597 187 711 217 PARS
746 187 775 218 Ι.
825 187 1144 217 PHILOSOPHIA
1178 187 1382 217 MORALIS
1418 187 1697 217 GENERALIS.

192 322 396 391 Omnes
437 323 578 372 enim
620 332 892 374 creaturae
933 340 964 373 a
991 324 1114 374 Deo
1156 331 1215 373 ut
1255 340 1416 373 causa
1445 323 1741 391 exemplari
1768 332 1822 374 et
1849 323 2100 375 efficienti

190 413 391 455 exeunt
444 415 497 455 et
548 405 600 455 in
654 422 777 455 eum
829 406 1019 455 iterum
1075 406 1225 471 quasi
1276 405 1347 455 ad
1400 405 1606 456 fontem
1658 423 1814 456 suum
1854 407 2097 474 redeunt,

187 488 351 553 idque
391 505 498 537 non
538 486 713 537 solum
756 495 1020 553 quatenus
1060 488 1392 537 extrinsecus
1432 505 1462 537 a
1491 495 1730 538 creatore
1757 489 1810 538 in
1837 506 1895 539 se
1922 489 2097 555 ipsum

189 569 515 630 ordinantur,
559 569 655 619 sed
697 569 855 619 etiam
886 568 1181 619 conaturali
1210 569 1483 619 tendentia
1511 570 1639 636 ipsis
1665 571 1835 621 insita.
1891 569 2098 622 Omnes

189 651 329 701 enim
372 660 642 701 creaturae
682 651 786 701 Dei
826 650 1227 701 similitudinem
1268 651 1516 712 referunt,
1560 660 1613 702 et
1642 670 1762 702 cum
1791 652 2100 704 naturaliter

187 734 239 783 in
279 750 432 783 suam
472 733 861 800 perfectionem
902 734 1154 795 tendant,
1214 751 1278 784 eo
1320 731 1437 801 ipso
1479 735 1710 785 tendunt
1749 736 1802 785 in
1841 736 2096 785 maiorem

189 833 310 866 cum
338 815 460 866 Deo
501 815 900 866 similitudinem
930 817 1298 883 maioremque
1338 817 1803 883 participationem
1843 818 2100 868 bonitatis

189 898 412 948 divinae.
480 898 643 948 Porro
686 898 771 948 hic
812 899 1010 948 reditus
1049 899 1101 948 in
1141 916 1296 948 suum
1337 900 1657 965 principium
1696 900 1748 949 in
1777 900 2100 966 quibusdam
2162 943 2166 945 ,

189 982 438 1031 creaturis
479 990 659 1031 manet
699 980 1071 1048 imperfectuS‚
1115 981 1205 1031 scl.
1251 981 1302 1030 in
1345 983 1597 1032 creaturis
1638 982 1842 1032 ratione
1883 984 2100 1033 carenti-

188 1065 302 1126 bus,
346 1082 482 1131 quae
523 1082 631 1114 non
671 1064 910 1131 perfecte
951 1065 1219 1129 attingunt
1260 1066 1491 1130 primum
1519 1066 1723 1115 bonurn
1752 1082 1850 1116 suo
1879 1066 2099 1132 proprio

188 1155 325 1208 actu,
370 1147 465 1196 sed
506 1146 679 1197 solum
721 1146 1172 1213 qualemcumque
1199 1146 1598 1197 similitudinem
1627 1149 1754 1199 eius.
1820 1147 1940 1198 Hae
1969 1165 2100 1214 ergo

190 1246 297 1279 non
350 1229 645 1296 perfectam
699 1230 901 1280 habent
954 1228 1371 1280 circulationem.
1455 1229 1743 1280 Creaturae
1796 1237 1973 1280 autem
2026 1247 2102 1281 ra-

189 1311 413 1362 tionales
441 1312 586 1362 illum
615 1313 845 1362 reditum
874 1312 1171 1378 perficiunt,
1202 1312 1326 1378 quia
1355 1312 1423 1362 ad
1452 1313 1625 1378 ipsum
1656 1312 1850 1374 Deum,
1894 1312 2101 1363 fontem

191 1395 363 1444 omnis
397 1395 539 1456 boni,
582 1413 677 1462 per
706 1396 1073 1461 cognitionem
1102 1395 1429 1462 pertingunt.
1474 1394 1575 1460 (Cf.
1607 1396 1769 1445 etiam
1797 1394 1850 1446 S.
1892 1395 2099 1457 Tlcom.,

193 1477 249 1527 C.
295 1486 438 1543 gent.
483 1477 513 1527 l.
561 1492 607 1542 3,
653 1495 696 1528 c.
744 1489 826 1542 25.

934 1635 1263 1675 ARTICULUS
1297 1637 1351 1674 Π.

426 1741 518 1785 DE
556 1740 713 1785 FINE
752 1740 1048 1786 HOMINIS
1086 1740 1356 1787 ULTIMO
1397 1740 1863 1786 SECUNDARIO.

604 1871 631 1926 ξ
671 1885 704 1913 1.
753 1874 833 1912 DE
866 1874 1268 1914 BEATITUDINE
1300 1873 1363 1912 IN
1398 1873 1687 1913 COMMUNI.

954 1992 1223 2040 THESIS
1262 1993 1329 2039 ΙΙ.

201 2101 298 2141 12.
418 2097 573 2144 Finis
611 2098 847 2145 ultimus
883 2098 1167 2153 internus,
1218 2112 1250 2144 a
1287 2098 1410 2144 Deo
1447 2096 1593 2144 intra
1632 2095 1891 2144 ordinem
1942 2101 2099 2142 natu-

191 2173 367 2220 ralem
421 2172 639 2220 homini
690 2172 1086 2233 praestitutuS,
1140 2173 1196 2219 in
1251 2171 1509 2219 eiusdem
1561 2171 1812 2232 perfecta
1863 2169 2101 2218 naturali

189 2247 535 2295 beatitudine
573 2247 842 2295 consistit.

190 2342 253 2396 (S.
297 2346 436 2384 Thom.
478 2356 510 2393 Ι,
547 2355 585 2394 2,
620 2359 659 2396 q.
701 2356 733 2392 1,
769 2360 805 2384 a.
843 2345 969 2397 5--8,
1035 2345 1210 2392 Lessins,
1245 2345 1313 2384 De
1346 2357 1506 2383 summo
1538 2344 1654 2382 bono
1688 2343 1713 2382 l.
1755 2353 1797 2391 Ι,
1833 2356 1867 2382 c.
1908 2352 1924 2380 Ι
1963 2347 2004 2380 et
2038 2339 2099 2393 2.)

264 2445 354 2497 St.
400 2445 592 2513 Q.1.
637 2446 783 2512 Quid
825 2448 889 2498 sit
931 2448 1062 2509 finis,
1108 2447 1225 2497 finis
1266 2447 1504 2497 internus
1544 2455 1664 2507 etc.,
1709 2445 1774 2496 cf.
1819 2462 1867 2495 n.
1911 2445 1961 2495 6.

264 2557 310 2594 2.
355 2544 644 2594 Beasilndo
675 2543 1048 2615 (εὐδαιμονία),
1091 2552 1253 2610 prout
1294 2543 1650 2593 communiter
1688 2542 1757 2592 ab
1795 2540 2102 2592 hominibus

188 2626 512 2692 concipitur,
572 2626 804 2677 describi
858 2635 1040 2693 potest
1094 2635 1265 2676 slatus
1319 2626 1445 2675 boni
1485 2625 1727 2690 pleectz‘
1777 2641 1872 2674 seu
1929 2631 2101 2674 status

186 2709 440 2759 bonorum
483 2709 715 2759 onmium
758 2709 1172 2775 congregatione
1201 2709 1477 2773 petseclus
1507 2707 1736 2771 (Roma,
1779 2706 1865 2756 De
1893 2705 2097 2756 consol.

186 2790 376 2857 philos.
420 2790 450 2840 l.
498 2805 545 2855 3,
597 2809 738 2857 pros.
785 2792 853 2857 2).
909 2791 1229 2841 Accuratius
1271 2790 1475 2841 definiri
1515 2798 1696 2857 potest
1734 2788 1951 2838 stabilis
1977 2797 2100 2854 pos-

185 2873 351 2923 sessio
391 2874 591 2923 smnmi
628 2882 678 2923 et
704 2875 943 2939 perferri
979 2874 1115 2924 boni.

265 2969 310 3020 3.
361 2955 422 3005 In
462 2955 563 3006 hac
604 2956 935 3006 beatitudine
977 2957 1301 3017 considerari
1339 2962 1522 3022 potest
1561 2953 1644 3004 vel
1684 2955 1800 3019 ipsa
1827 2953 2100 3018 possessio

188 3055 258 3087 ex
297 3045 448 3104 parte
488 3038 737 3100 subiecti,
782 3039 931 3105 quod
972 3039 1185 3100 beatur,
1228 3037 1311 3088 vel
1353 3037 1539 3087 bonum
1570 3037 1903 3102 perfectum,
1955 3035 2100 3085 cuius

188 3120 528 3185 possessione
567 3120 768 3170 beatur.
824 3121 1111 3171 Beatitudo
1153 3121 1204 3170 in
1232 3121 1415 3187 priore
1442 3135 1600 3169 sensu
1629 3126 1853 3184 accepta
1879 3125 2101 3168 vocatur

188 3201 476 3251 subieclz'va
519 3201 772 3265 (formalis
812 3219 843 3252 a
882 3203 1151 3252 veteribus
1192 3202 1372 3267 dicta),
1416 3201 1467 3250 in
1507 3200 1802 3266 posteriore
1843 3199 2099 3250 objectiva

191 3283 530 3348 (materialis).
587 3283 738 3333 Haec
779 3285 1042 3350 posterior
1069 3301 1100 3333 a
1128 3283 1180 3333 S.
1222 3284 1429 3334 Tlloma
1459 3282 1528 3346 (Ι,
1562 3296 1609 3343 2,
1641 3299 1692 3348 q.
1726 3295 1772 3343 2,
1803 3299 1847 3331 a.
1881 3283 1934 3347 8)
1975 3280 2099 3330 defi-

192 3365 328 3414 nitur
375 3366 607 3416 «bonum
647 3365 968 3432 perfectum,
1024 3366 1170 3431 quod
1214 3364 1446 3415 totaliter
1493 3364 1696 3430 quietat
1746 3364 2096 3430 appetitum».
