2182 3682
521 172 607 201 LIB.
643 172 689 200 ΙΙ.
737 171 836 200 CAP.
872 171 938 200 111.
985 171 1047 199 DE
1082 170 1337 200 SOCIETATE
1372 172 1528 202 CIVILL
1852 171 1962 227 459

887 302 1060 336 SECTIO
1085 303 1146 335 IV.

275 391 363 428 DE
395 389 876 438 AUCTORITATIS
906 388 1253 428 POLITICAE
1285 387 1766 429 FUNCTIONIBUS.

705 500 732 555 ξ
771 514 804 542 1.
856 502 1061 541 EARUM
1093 502 1329 541 DIVISIO.

72 603 217 668 625.
298 604 617 654 Aristoteles
645 603 815 668 (polit.
847 603 876 654 1.
913 617 958 667 3,
1002 620 1045 654 c.
1085 604 1168 667 12)
1210 611 1315 653 tres
1355 603 1631 669 distinguit
1672 604 1968 654 functiones

69 685 310 753 publicas
361 704 454 736 seu
505 694 682 752 partes
724 684 925 755 (μόρια)
984 686 1263 751 potestatis
1316 684 1589 751 politicae:
1644 693 1968 752 potestatem

68 768 483 818 deliberativam
509 767 590 830 (vr)
615 767 996 836 βθυλευύμενον
1028 769 1143 835 περὶ
1175 771 1275 818 τῶν
1306 771 1485 818 κοινῶν
1484 771 1527 833 j,
1553 767 1969 833 gubernativam

71 849 152 913 (rb
194 852 314 921 περὶ
359 851 450 912 τὰς
489 851 702 921 ἀρχάς),
753 849 1104 899 iudiciariam
1148 850 1224 912 (rb
1267 849 1510 916 δικάζον).
1593 849 1744 900 Haec
1787 851 1969 900 divisio

70 932 353 998 desumpta
403 940 485 982 est
535 950 603 981 ex
645 931 1025 981 constitutione
1078 930 1295 997 politica
1334 930 1771 992 Atheniensium,
1827 933 1970 997 apud

69 1031 207 1080 quos
247 1014 460 1064 comitia
511 1012 697 1080 populi
741 1012 947 1085 (βουλή)
991 1030 1294 1079 supremam
1335 1020 1658 1079 potestatem
1699 1013 1973 1079 legiferam

69 1105 122 1145 et
171 1095 494 1145 iudiciariam
546 1095 820 1144 habebant
870 1101 923 1144 et
972 1093 1230 1160 speciales
1281 1095 1619 1160 magistratus
1671 1103 1723 1144 et
1773 1095 1974 1145 iudices

69 1177 431 1228 nominabant.
511 1177 858 1227 Recentiores
909 1177 1127 1226 easdem
1182 1176 1478 1226 functiones
1527 1177 1761 1226 dividere
1801 1175 1975 1226 solent

68 1260 120 1309 in
161 1267 485 1326 potestatem
526 1258 918 1324 legz'slcztz'vavz,
961 1259 1336 1320 exsecntz'vam,
1380 1258 1747 1320 iudiciariam,
1790 1259 1841 1307 in
1870 1276 1975 1324 qua

70 1350 249 1391 tamen
305 1341 586 1402 divisione,
649 1349 706 1390 ut
762 1340 1187 1406 comprehendat
1241 1348 1410 1390 totam
1467 1349 1789 1406 potestatem
1847 1339 1973 1406 poli-

69 1425 256 1484 ticam,
298 1441 408 1472 vox
455 1424 819 1472 «exsecutiva»
867 1440 1023 1472 sensu
1065 1422 1241 1488 aliquo
1284 1422 1452 1472 multo
1494 1422 1679 1472 latiore
1718 1424 1977 1472 sumenda

71 1512 165 1566 est,
210 1522 371 1570 quam
413 1504 480 1554 de
519 1522 576 1554 se
617 1503 794 1554 habet.
876 1504 1117 1554 Potestas
1167 1522 1415 1570 suprema
1466 1504 1682 1571 politica
1738 1522 1974 1572 compre-

71 1587 257 1637 hendit
311 1586 629 1636 totalitatem
684 1587 897 1647 iurium,
958 1604 1095 1652 quae
1151 1587 1508 1652 requiruntur,
1582 1595 1638 1636 ut
1695 1604 1976 1653 supremus

72 1669 337 1735 imperans
387 1669 699 1718 societatem
751 1668 956 1718 civilem
1008 1669 1059 1718 in
1111 1685 1268 1718 suum
1319 1668 1478 1718 finem
1530 1668 1814 1719 efficaciter
1864 1687 1974 1736 per-

80 1751 274 1801 ducere
315 1751 508 1816 possit:

81 1889 227 1942 626.
307 1890 344 1940 Ι.
389 1890 485 1940 Aa'
518 1891 666 1940 intra
707 1890 871 1940 habet
910 1891 989 1940 ius
1031 1899 1082 1940 et
1123 1890 1384 1940 officium:

92 2030 100 2033 .
158 2001 199 2038 Ι.
243 1987 388 2053 leges
413 1987 646 2051 ferendi
677 2004 771 2037 seu
805 2004 1017 2037 normas
1059 2005 1154 2053 pro
1183 1989 1450 2038 activitate
1478 1987 1658 2038 sociali
1685 1988 1979 2051 statuendi3

153 2090 199 2126 2.
243 2076 539 2126 secundum
580 2076 674 2126 has
716 2076 863 2143 leges
891 2077 1204 2126 societatem
1238 2077 1586 2142 gubernandi
1611 2085 1663 2127 et
1692 2078 1983 2143 generatim

77 2158 255 2207 omnia
296 2158 602 2220 ordinandi,
646 2175 782 2224 quae
824 2176 920 2224 pro
963 2158 1098 2208 datis
1133 2159 1538 2209 circumstantiis
1580 2160 1725 2209 bono
1766 2159 1983 2226 publico

77 2247 201 2289 sunt
232 2241 543 2299 necessaria,
587 2241 683 2290 etsi
724 2239 933 2306 legibus
963 2258 1067 2290 non
1097 2242 1201 2290 sint
1241 2243 1495 2307 praevisa.
1554 2242 1704 2292 Haec
1746 2250 1985 2308 potestas

78 2321 178 2371 sub
219 2339 276 2372 se
317 2322 751 2388 comprehendit:

154 2412 203 2476 a)
249 2419 573 2478 potestatem
633 2410 780 2478 leges
828 2413 1255 2478 promulgandi,
1315 2431 1497 2463 earum
1557 2414 1985 2465 observationem

78 2494 312 2559 angendi
349 2502 401 2544 et
451 2493 711 2544 laesiones
752 2495 1126 2559 praecavendi
1165 2496 1424 2561 (potestas
1477 2497 1783 2546 exsecutiva
1829 2514 1986 2547 sensu

79 2576 359 2640 strictiore)
378 2593 389 2639 ;

155 2664 211 2728 b)
253 2673 576 2731 potestatem
618 2674 892 2732 praeterea
933 2668 1114 2717 omm'a
1157 2668 1474 2730 ordinandi,
1518 2685 1654 2733 quae
1693 2668 1773 2717 aa'
1794 2677 1984 2733 pacem

82 2754 133 2796 et
169 2747 506 2797 securitatem
536 2747 812 2813 publicam
852 2750 1168 2799 servandam
1208 2758 1300 2800 aut
1347 2751 1638 2816 generatim
1679 2750 1746 2799 ad
1789 2749 1987 2799 ordinis

82 2828 283 2878 iuridici
324 2830 623 2879 custodiam
664 2832 959 2881 necessaria
999 2840 1136 2893 sunt,
1181 2841 1233 2882 et

158 2918 206 2981 c)
248 2925 573 2984 potestatem
602 2920 1025 2985 prosperitatem
1056 2921 1332 2987 publicam
1361 2922 1596 2987 positive
1612 2921 1989 2987 promovendi,

85 3008 139 3050 et
179 3000 424 3066 quidem:

159 3089 212 3152 a)
252 3089 303 3138 in
346 3090 500 3140 rebus
539 3091 899 3152 oeconomia-is,
940 3101 1052 3142 tum
1095 3094 1424 3144 removendo
1464 3093 1696 3159 pericula
1730 3110 1797 3142 ex
1837 3101 1986 3159 parte

86 3170 469 3222 elementorum
510 3171 594 3222 vel
647 3174 985 3235 morborum,
1040 3183 1153 3224 turn
1205 3176 1545 3241 procurando
1586 3176 1695 3224 vias
1747 3174 1988 3240 publicas

87 3260 141 3302 et
179 3251 279 3302 alia
320 3254 494 3304 media
535 3257 840 3306 commercii
879 3257 1095 3322 publici,
1139 3267 1251 3307 tum
1293 3258 1451 3307 etiam
1491 3256 1602 3306 aliis
1642 3257 1817 3306 modis
1857 3258 1987 3322 agri-

89 3334 363 3397 culturam,
406 3336 717 3387 industriam
759 3347 858 3388 etc.
902 3340 1088 3388 mediis
1128 3339 1353 3405 publicis
1393 3339 1788 3404 promovend03
1834 3339 1894 3406 β)
1935 3340 1986 3388 in
