<?xml version="1.0" encoding="UTF-8"?>
<!DOCTYPE html PUBLIC "-//W3C//DTD XHTML 1.0 Transitional//EN"
    "http://www.w3.org/TR/xhtml1/DTD/xhtml1-transitional.dtd">
<html xmlns="http://www.w3.org/1999/xhtml" xml:lang="en" lang="en">
 <head>
  <title>
</title>
<meta http-equiv="Content-Type" content="text/html;charset=utf-8" />
  <meta name='ocr-system' content='tesseract 3.04.00' />
  <meta name='ocr-capabilities' content='ocr_page ocr_carea ocr_par ocr_line ocrx_word'/>
</head>
<body>
  <div class='ocr_page' id='page_1' title='image "./philosophiamoral00cath_0244.png"; bbox 0 0 2182 3682; ppageno 0'>
   <div class='ocr_carea' id='block_1_1' title="bbox 238 157 1729 198">
    <p class='ocr_par' dir='ltr' id='par_1_1' title="bbox 238 157 1729 198">
     <span class='ocr_line' id='line_1_1' title="bbox 238 157 1729 198; baseline 0.002 -12"><span class='ocrx_word' id='word_1_1' title='bbox 238 161 345 198; x_wconf 84' lang='lat'>220</span> <span class='ocrx_word' id='word_1_2' title='bbox 646 158 760 187; x_wconf 86' lang='lat' dir='ltr'>PARS</span> <span class='ocrx_word' id='word_1_3' title='bbox 795 158 842 189; x_wconf 87' lang='lat'>11.</span> <span class='ocrx_word' id='word_1_4' title='bbox 891 157 1209 187; x_wconf 87' lang='lat' dir='ltr'>PHILOSOPHIA</span> <span class='ocrx_word' id='word_1_5' title='bbox 1241 157 1445 187; x_wconf 90' lang='lat' dir='ltr'><strong>MORALIS</strong></span> <span class='ocrx_word' id='word_1_6' title='bbox 1480 157 1729 189; x_wconf 85' lang='lat' dir='ltr'><strong>SPECIALIS.</strong></span> 
     </span>
    </p>
   </div>
   <div class='ocr_carea' id='block_1_2' title="bbox 231 294 2140 1931">
    <p class='ocr_par' dir='ltr' id='par_1_2' title="bbox 234 294 2140 689">
     <span class='ocr_line' id='line_1_2' title="bbox 311 294 2136 360; baseline 0.001 -17"><span class='ocrx_word' id='word_1_7' title='bbox 311 294 469 345; x_wconf 67' lang='lat' dir='ltr'>Prob.</span> <span class='ocrx_word' id='word_1_8' title='bbox 523 294 648 344; x_wconf 75' lang='lat' dir='ltr'>min.</span> <span class='ocrx_word' id='word_1_9' title='bbox 751 308 790 344; x_wconf 89' lang='grc' dir='ltr'>Ι.</span> <span class='ocrx_word' id='word_1_10' title='bbox 846 294 1050 345; x_wconf 81' lang='lat' dir='ltr'><strong>Rectus</strong></span> <span class='ocrx_word' id='word_1_11' title='bbox 1109 294 1244 345; x_wconf 93' lang='lat' dir='ltr'>ordo</span> <span class='ocrx_word' id='word_1_12' title='bbox 1304 294 1496 360; x_wconf 80' lang='lat' dir='ltr'>exigit,</span> <span class='ocrx_word' id='word_1_13' title='bbox 1558 303 1617 345; x_wconf 94' lang='lat' dir='ltr'>ut</span> <span class='ocrx_word' id='word_1_14' title='bbox 1674 311 1858 345; x_wconf 91' lang='lat' dir='ltr'>servus</span> <span class='ocrx_word' id='word_1_15' title='bbox 1916 294 2136 344; x_wconf 90' lang='lat' dir='ltr'>domino</span> 
     </span>
     <span class='ocr_line' id='line_1_3' title="bbox 235 376 2135 443; baseline -0.001 -16"><span class='ocrx_word' id='word_1_16' title='bbox 235 377 611 438; x_wconf 86' lang='lat' dir='ltr'>reverentiam,</span> <span class='ocrx_word' id='word_1_17' title='bbox 669 376 958 438; x_wconf 79' lang='lat' dir='ltr'>honorem,</span> <span class='ocrx_word' id='word_1_18' title='bbox 1018 377 1340 443; x_wconf 84' lang='lat' dir='ltr'>obsequium</span> <span class='ocrx_word' id='word_1_19' title='bbox 1393 376 1663 428; x_wconf 81' lang='lat' dir='ltr'>exhibeat.</span> <span class='ocrx_word' id='word_1_20' title='bbox 1745 376 1918 443; x_wconf 77' lang='lat' dir='ltr'>Atqui</span> <span class='ocrx_word' id='word_1_21' title='bbox 1969 376 2135 427; x_wconf 93' lang='lat' dir='ltr'>homo</span> 
     </span>
     <span class='ocr_line' id='line_1_4' title="bbox 235 458 2136 525; baseline -0.001 -15"><span class='ocrx_word' id='word_1_22' title='bbox 235 458 581 510; x_wconf 80' lang='lat' dir='ltr'>essentialiter</span> <span class='ocrx_word' id='word_1_23' title='bbox 620 467 701 510; x_wconf 91' lang='lat' dir='ltr'>est</span> <span class='ocrx_word' id='word_1_24' title='bbox 738 476 921 509; x_wconf 86' lang='lat' dir='ltr'>servus</span> <span class='ocrx_word' id='word_1_25' title='bbox 962 459 1080 521; x_wconf 91' lang='lat' dir='ltr'>Dei,</span> <span class='ocrx_word' id='word_1_26' title='bbox 1125 477 1155 509; x_wconf 91' lang='lat' dir='ltr'>a</span> <span class='ocrx_word' id='word_1_27' title='bbox 1195 477 1303 525; x_wconf 88' lang='lat' dir='ltr'>quo</span> <span class='ocrx_word' id='word_1_28' title='bbox 1331 467 1609 525; x_wconf 82' lang='lat' dir='ltr'>tamquam</span> <span class='ocrx_word' id='word_1_29' title='bbox 1649 477 1679 510; x_wconf 93' lang='lat' dir='ltr'>a</span> <span class='ocrx_word' id='word_1_30' title='bbox 1707 476 1867 510; x_wconf 90' lang='lat' dir='ltr'>causa</span> <span class='ocrx_word' id='word_1_31' title='bbox 1906 467 2136 521; x_wconf 88' lang='lat' dir='ltr'>creante,</span> 
     </span>
     <span class='ocr_line' id='line_1_5' title="bbox 235 540 2140 608; baseline 0 -16"><span class='ocrx_word' id='word_1_32' title='bbox 235 551 619 603; x_wconf 84' lang='lat' dir='ltr'>conservante,</span> <span class='ocrx_word' id='word_1_33' title='bbox 683 550 1034 592; x_wconf 87' lang='lat' dir='ltr'>concurrente</span> <span class='ocrx_word' id='word_1_34' title='bbox 1094 550 1148 592; x_wconf 95' lang='lat' dir='ltr'>et</span> <span class='ocrx_word' id='word_1_35' title='bbox 1207 558 1369 591; x_wconf 89' lang='lat' dir='ltr'>causa</span> <span class='ocrx_word' id='word_1_36' title='bbox 1427 540 1572 591; x_wconf 89' lang='lat' dir='ltr'>finali</span> <span class='ocrx_word' id='word_1_37' title='bbox 1631 541 1878 592; x_wconf 88' lang='lat' dir='ltr'>absolute</span> <span class='ocrx_word' id='word_1_38' title='bbox 1935 542 2140 608; x_wconf 85' lang='lat' dir='ltr'>pendet</span> 
     </span>
     <span class='ocr_line' id='line_1_6' title="bbox 234 622 1591 689; baseline -0.001 -14"><span class='ocrx_word' id='word_1_39' title='bbox 234 623 310 689; x_wconf 79' lang='lat' dir='ltr'>(S.</span> <span class='ocrx_word' id='word_1_40' title='bbox 363 624 571 684; x_wconf 54' lang='grc' dir='ltr'>Πρω,</span> <span class='ocrx_word' id='word_1_41' title='bbox 612 623 669 674; x_wconf 88' lang='lat' dir='ltr'>C.</span> <span class='ocrx_word' id='word_1_42' title='bbox 714 631 855 688; x_wconf 90' lang='lat' dir='ltr'>gent.</span> <span class='ocrx_word' id='word_1_43' title='bbox 901 622 930 673; x_wconf 93' lang='lat' dir='ltr'>l.</span> <span class='ocrx_word' id='word_1_44' title='bbox 978 637 1024 687; x_wconf 81' lang='lat'>3,</span> <span class='ocrx_word' id='word_1_45' title='bbox 1070 641 1112 674; x_wconf 91' lang='lat' dir='ltr'>c.</span> <span class='ocrx_word' id='word_1_46' title='bbox 1166 623 1303 687; x_wconf 84' lang='lat'><strong>119).</strong></span> <span class='ocrx_word' id='word_1_47' title='bbox 1384 623 1539 689; x_wconf 67' lang='lat' dir='ltr'>Ergo</span> <span class='ocrx_word' id='word_1_48' title='bbox 1584 667 1591 674; x_wconf 95' lang='lat'>.</span> 
     </span>
    </p>

    <p class='ocr_par' dir='ltr' id='par_1_3' title="bbox 233 705 2139 1021">
     <span class='ocr_line' id='line_1_7' title="bbox 309 705 2138 761; baseline 0 -5"><span class='ocrx_word' id='word_1_49' title='bbox 309 721 356 757; x_wconf 86' lang='lat'>2.</span> <span class='ocrx_word' id='word_1_50' title='bbox 389 706 582 756; x_wconf 91' lang='lat' dir='ltr'>Honor</span> <span class='ocrx_word' id='word_1_51' title='bbox 622 706 851 756; x_wconf 92' lang='lat' dir='ltr'>debetur</span> <span class='ocrx_word' id='word_1_52' title='bbox 890 705 1044 756; x_wconf 90' lang='lat' dir='ltr'>alicui</span> <span class='ocrx_word' id='word_1_53' title='bbox 1072 707 1275 756; x_wconf 87' lang='lat' dir='ltr'>ratione</span> <span class='ocrx_word' id='word_1_54' title='bbox 1316 705 1682 761; x_wconf 84' lang='lat' dir='ltr'>excellentiae.</span> <span class='ocrx_word' id='word_1_55' title='bbox 1765 707 1916 757; x_wconf 90' lang='lat' dir='ltr'>«Deo</span> <span class='ocrx_word' id='word_1_56' title='bbox 1957 714 2138 757; x_wconf 89' lang='lat' dir='ltr'>autem</span> 
     </span>
     <span class='ocr_line' id='line_1_8' title="bbox 234 787 2138 856; baseline -0.001 -16"><span class='ocrx_word' id='word_1_57' title='bbox 234 790 492 856; x_wconf 90' lang='lat' dir='ltr'>competit</span> <span class='ocrx_word' id='word_1_58' title='bbox 531 787 809 855; x_wconf 88' lang='lat' dir='ltr'>singularis</span> <span class='ocrx_word' id='word_1_59' title='bbox 848 787 1180 851; x_wconf 80' lang='lat' dir='ltr'>excellentia,</span> <span class='ocrx_word' id='word_1_60' title='bbox 1223 788 1275 838; x_wconf 92' lang='lat' dir='ltr'>in</span> <span class='ocrx_word' id='word_1_61' title='bbox 1304 797 1564 855; x_wconf 87' lang='lat' dir='ltr'>quantum</span> <span class='ocrx_word' id='word_1_62' title='bbox 1593 790 1772 840; x_wconf 90' lang='lat' dir='ltr'>omnia</span> <span class='ocrx_word' id='word_1_63' title='bbox 1797 790 1850 840; x_wconf 92' lang='lat' dir='ltr'>in</span> <span class='ocrx_word' id='word_1_64' title='bbox 1877 789 2138 840; x_wconf 88' lang='lat' dir='ltr'>infinitum</span> 
     </span>
     <span class='ocr_line' id='line_1_9' title="bbox 233 870 2139 935; baseline -0.001 -12"><span class='ocrx_word' id='word_1_65' title='bbox 233 872 563 923; x_wconf 86' lang='lat' dir='ltr'>transcendit</span> <span class='ocrx_word' id='word_1_66' title='bbox 602 871 902 921; x_wconf 90' lang='lat' dir='ltr'>secundum</span> <span class='ocrx_word' id='word_1_67' title='bbox 943 870 1318 921; x_wconf 89' lang='lat' dir='ltr'>omnimodum</span> <span class='ocrx_word' id='word_1_68' title='bbox 1358 888 1666 935; x_wconf 80' lang='lat' dir='ltr'>excessum3</span> <span class='ocrx_word' id='word_1_69' title='bbox 1711 872 1854 922; x_wconf 92' lang='lat' dir='ltr'>unde</span> <span class='ocrx_word' id='word_1_70' title='bbox 1894 873 1941 922; x_wconf 91' lang='lat' dir='ltr'>ei</span> <span class='ocrx_word' id='word_1_71' title='bbox 1981 871 2139 922; x_wconf 91' lang='lat' dir='ltr'>debe-</span> 
     </span>
     <span class='ocr_line' id='line_1_10' title="bbox 233 938 1827 1021; baseline -0.001 -16"><span class='ocrx_word' id='word_1_72' title='bbox 233 964 318 1006; x_wconf 87' lang='lat' dir='ltr'>tur</span> <span class='ocrx_word' id='word_1_73' title='bbox 356 938 612 1021; x_wconf 49' lang='lat' dir='ltr'>specialis·</span> <span class='ocrx_word' id='word_1_74' title='bbox 642 953 844 1004; x_wconf 84' lang='lat' dir='ltr'>honor»</span> <span class='ocrx_word' id='word_1_75' title='bbox 894 952 967 1019; x_wconf 75' lang='lat' dir='ltr'>(S.</span> <span class='ocrx_word' id='word_1_76' title='bbox 1023 953 1208 1004; x_wconf 69' lang='lat' dir='ltr'>leom.</span> <span class='ocrx_word' id='word_1_77' title='bbox 1256 967 1303 1014; x_wconf 89' lang='lat'>2,</span> <span class='ocrx_word' id='word_1_78' title='bbox 1349 967 1395 1015; x_wconf 88' lang='lat'>2,</span> <span class='ocrx_word' id='word_1_79' title='bbox 1441 971 1491 1019; x_wconf 88' lang='lat' dir='ltr'>q.</span> <span class='ocrx_word' id='word_1_80' title='bbox 1539 956 1622 1016; x_wconf 86' lang='lat'>81,</span> <span class='ocrx_word' id='word_1_81' title='bbox 1667 972 1712 1006; x_wconf 91' lang='lat' dir='ltr'>a.</span> <span class='ocrx_word' id='word_1_82' title='bbox 1755 955 1827 1019; x_wconf 80' lang='grc'>4).</span> 
     </span>
    </p>

    <p class='ocr_par' dir='ltr' id='par_1_4' title="bbox 231 1036 2139 1763">
     <span class='ocr_line' id='line_1_11' title="bbox 309 1036 2139 1103; baseline 0.001 -17"><span class='ocrx_word' id='word_1_83' title='bbox 309 1050 355 1101; x_wconf 82' lang='lat'>3.</span> <span class='ocrx_word' id='word_1_84' title='bbox 400 1036 551 1086; x_wconf 92' lang='lat' dir='ltr'>Deus</span> <span class='ocrx_word' id='word_1_85' title='bbox 602 1045 683 1086; x_wconf 91' lang='lat' dir='ltr'>est</span> <span class='ocrx_word' id='word_1_86' title='bbox 734 1053 1016 1102; x_wconf 88' lang='lat' dir='ltr'>supremus</span> <span class='ocrx_word' id='word_1_87' title='bbox 1068 1036 1381 1087; x_wconf 91' lang='lat' dir='ltr'>benefactor</span> <span class='ocrx_word' id='word_1_88' title='bbox 1432 1042 1642 1098; x_wconf 85' lang='lat' dir='ltr'>noster,</span> <span class='ocrx_word' id='word_1_89' title='bbox 1696 1053 1728 1087; x_wconf 91' lang='lat' dir='ltr'>a</span> <span class='ocrx_word' id='word_1_90' title='bbox 1768 1055 1876 1103; x_wconf 89' lang='lat' dir='ltr'>quo</span> <span class='ocrx_word' id='word_1_91' title='bbox 1928 1054 2139 1087; x_wconf 88' lang='lat' dir='ltr'>summa</span> 
     </span>
     <span class='ocr_line' id='line_1_12' title="bbox 231 1119 2136 1186; baseline -0.001 -15"><span class='ocrx_word' id='word_1_92' title='bbox 231 1119 494 1172; x_wconf 88' lang='lat' dir='ltr'>beneficia</span> <span class='ocrx_word' id='word_1_93' title='bbox 551 1120 655 1169; x_wconf 88' lang='lat' dir='ltr'>iarn</span> <span class='ocrx_word' id='word_1_94' title='bbox 714 1119 1045 1185; x_wconf 59' lang='lat' dir='ltr'>accepimm,</span> <span class='ocrx_word' id='word_1_95' title='bbox 1103 1119 1300 1169; x_wconf 86' lang='lat' dir='ltr'>cotidie</span> <span class='ocrx_word' id='word_1_96' title='bbox 1360 1119 1682 1185; x_wconf 85' lang='lat' dir='ltr'>accipimus,</span> <span class='ocrx_word' id='word_1_97' title='bbox 1751 1119 1803 1169; x_wconf 92' lang='lat' dir='ltr'>in</span> <span class='ocrx_word' id='word_1_98' title='bbox 1859 1128 2136 1186; x_wconf 90' lang='lat' dir='ltr'>posterum</span> 
     </span>
     <span class='ocr_line' id='line_1_13' title="bbox 231 1200 2136 1270; baseline -0.001 -16"><span class='ocrx_word' id='word_1_99' title='bbox 231 1219 523 1270; x_wconf 83' lang='lat' dir='ltr'>speramus,</span> <span class='ocrx_word' id='word_1_100' title='bbox 592 1201 764 1268; x_wconf 69' lang='lat' dir='ltr'>Atqui</span> <span class='ocrx_word' id='word_1_101' title='bbox 801 1210 977 1252; x_wconf 89' lang='lat' dir='ltr'>rectus</span> <span class='ocrx_word' id='word_1_102' title='bbox 1006 1202 1140 1251; x_wconf 93' lang='lat' dir='ltr'>ordo</span> <span class='ocrx_word' id='word_1_103' title='bbox 1182 1200 1436 1268; x_wconf 89' lang='lat' dir='ltr'>postulat,</span> <span class='ocrx_word' id='word_1_104' title='bbox 1469 1210 1527 1252; x_wconf 91' lang='lat' dir='ltr'>ut</span> <span class='ocrx_word' id='word_1_105' title='bbox 1554 1202 1882 1253; x_wconf 87' lang='lat' dir='ltr'>benefactori</span> <span class='ocrx_word' id='word_1_106' title='bbox 1923 1202 2136 1269; x_wconf 89' lang='lat' dir='ltr'>gratitu-</span> 
     </span>
     <span class='ocr_line' id='line_1_14' title="bbox 234 1284 2137 1351; baseline -0.001 -15"><span class='ocrx_word' id='word_1_107' title='bbox 234 1286 369 1336; x_wconf 90' lang='lat' dir='ltr'>dinis</span> <span class='ocrx_word' id='word_1_108' title='bbox 408 1301 564 1335; x_wconf 91' lang='lat' dir='ltr'>sensa</span> <span class='ocrx_word' id='word_1_109' title='bbox 605 1284 971 1334; x_wconf 76' lang='lat' dir='ltr'>exhibeantur.</span> <span class='ocrx_word' id='word_1_110' title='bbox 1040 1284 1204 1334; x_wconf 89' lang='lat' dir='ltr'>Porro</span> <span class='ocrx_word' id='word_1_111' title='bbox 1246 1284 1379 1334; x_wconf 89' lang='lat' dir='ltr'>haec</span> <span class='ocrx_word' id='word_1_112' title='bbox 1408 1284 1668 1335; x_wconf 74' lang='lat' dir='ltr'>exhibitio</span> <span class='ocrx_word' id='word_1_113' title='bbox 1709 1285 2045 1351; x_wconf 83' lang='lat' dir='ltr'>gratitudinis</span> <span class='ocrx_word' id='word_1_114' title='bbox 2084 1285 2137 1335; x_wconf 92' lang='lat' dir='ltr'>in</span> 
     </span>
     <span class='ocr_line' id='line_1_15' title="bbox 234 1366 2136 1433; baseline -0.001 -14"><span class='ocrx_word' id='word_1_115' title='bbox 234 1370 411 1419; x_wconf 88' lang='lat' dir='ltr'>Deum</span> <span class='ocrx_word' id='word_1_116' title='bbox 455 1376 513 1418; x_wconf 92' lang='lat' dir='ltr'>ut</span> <span class='ocrx_word' id='word_1_117' title='bbox 552 1384 756 1417; x_wconf 87' lang='lat' dir='ltr'>summe</span> <span class='ocrx_word' id='word_1_118' title='bbox 798 1366 1153 1417; x_wconf 85' lang='lat' dir='ltr'>excellentem</span> <span class='ocrx_word' id='word_1_119' title='bbox 1195 1375 1337 1417; x_wconf 91' lang='lat' dir='ltr'>recte</span> <span class='ocrx_word' id='word_1_120' title='bbox 1380 1367 1570 1417; x_wconf 88' lang='lat' dir='ltr'>dicitur</span> <span class='ocrx_word' id='word_1_121' title='bbox 1609 1368 1872 1433; x_wconf 91' lang='lat' dir='ltr'>pertinere</span> <span class='ocrx_word' id='word_1_122' title='bbox 1924 1367 1991 1417; x_wconf 91' lang='lat' dir='ltr'>ad</span> <span class='ocrx_word' id='word_1_123' title='bbox 2034 1367 2136 1418; x_wconf 91' lang='lat' dir='ltr'>cul-</span> 
     </span>
     <span class='ocr_line' id='line_1_16' title="bbox 233 1448 2135 1516; baseline -0.001 -15"><span class='ocrx_word' id='word_1_124' title='bbox 233 1460 347 1501; x_wconf 90' lang='lat' dir='ltr'>tum</span> <span class='ocrx_word' id='word_1_125' title='bbox 388 1451 490 1500; x_wconf 90' lang='lat' dir='ltr'>Dei</span> <span class='ocrx_word' id='word_1_126' title='bbox 542 1458 595 1500; x_wconf 93' lang='lat' dir='ltr'>et</span> <span class='ocrx_word' id='word_1_127' title='bbox 644 1450 894 1499; x_wconf 78' lang='lat' dir='ltr'>virtutem</span> <span class='ocrx_word' id='word_1_128' title='bbox 946 1448 1230 1515; x_wconf 80' lang='lat' dir='ltr'>religionis.</span> <span class='ocrx_word' id='word_1_129' title='bbox 1312 1449 1505 1516; x_wconf 91' lang='lat' dir='ltr'>Longe</span> <span class='ocrx_word' id='word_1_130' title='bbox 1547 1451 1687 1500; x_wconf 89' lang='lat' dir='ltr'>enim</span> <span class='ocrx_word' id='word_1_131' title='bbox 1727 1449 1828 1499; x_wconf 91' lang='lat' dir='ltr'>alia</span> <span class='ocrx_word' id='word_1_132' title='bbox 1867 1459 1949 1501; x_wconf 92' lang='lat' dir='ltr'>est</span> <span class='ocrx_word' id='word_1_133' title='bbox 2004 1451 2135 1501; x_wconf 91' lang='lat' dir='ltr'>ratio</span> 
     </span>
     <span class='ocr_line' id='line_1_17' title="bbox 234 1532 2137 1600; baseline -0.001 -16"><span class='ocrx_word' id='word_1_134' title='bbox 234 1534 570 1600; x_wconf 84' lang='lat' dir='ltr'>gratitudinis</span> <span class='ocrx_word' id='word_1_135' title='bbox 610 1533 660 1582; x_wconf 91' lang='lat' dir='ltr'>in</span> <span class='ocrx_word' id='word_1_136' title='bbox 703 1532 880 1581; x_wconf 90' lang='lat' dir='ltr'>Deum</span> <span class='ocrx_word' id='word_1_137' title='bbox 921 1541 979 1582; x_wconf 87' lang='lat' dir='ltr'>ut</span> <span class='ocrx_word' id='word_1_138' title='bbox 1019 1550 1226 1582; x_wconf 86' lang='lat' dir='ltr'>summe</span> <span class='ocrx_word' id='word_1_139' title='bbox 1269 1532 1654 1600; x_wconf 82' lang='lat' dir='ltr'>excellentem,</span> <span class='ocrx_word' id='word_1_140' title='bbox 1698 1549 1761 1583; x_wconf 89' lang='lat' dir='ltr'>ac</span> <span class='ocrx_word' id='word_1_141' title='bbox 1803 1533 2137 1599; x_wconf 84' lang='lat' dir='ltr'>gratitudinis</span> 
     </span>
     <span class='ocr_line' id='line_1_18' title="bbox 233 1614 2132 1683; baseline 0 -17"><span class='ocrx_word' id='word_1_142' title='bbox 233 1633 360 1683; x_wconf 92' lang='lat' dir='ltr'>erga</span> <span class='ocrx_word' id='word_1_143' title='bbox 400 1615 532 1666; x_wconf 89' lang='lat' dir='ltr'>alios</span> <span class='ocrx_word' id='word_1_144' title='bbox 573 1614 944 1665; x_wconf 87' lang='lat' dir='ltr'>benefactores</span> <span class='ocrx_word' id='word_1_145' title='bbox 987 1614 1061 1679; x_wconf 74' lang='lat' dir='ltr'>(S.</span> <span class='ocrx_word' id='word_1_146' title='bbox 1118 1614 1303 1665; x_wconf 73' lang='lat' dir='ltr'>Tlmm.</span> <span class='ocrx_word' id='word_1_147' title='bbox 1351 1629 1397 1675; x_wconf 86' lang='lat'>2,</span> <span class='ocrx_word' id='word_1_148' title='bbox 1444 1629 1491 1676; x_wconf 86' lang='lat'>2,</span> <span class='ocrx_word' id='word_1_149' title='bbox 1536 1633 1585 1681; x_wconf 87' lang='lat' dir='ltr'>q.</span> <span class='ocrx_word' id='word_1_150' title='bbox 1639 1615 1766 1676; x_wconf 84' lang='lat'>106,</span> <span class='ocrx_word' id='word_1_151' title='bbox 1811 1633 1854 1666; x_wconf 93' lang='lat' dir='ltr'>a.</span> <span class='ocrx_word' id='word_1_152' title='bbox 1908 1630 1925 1665; x_wconf 89' lang='grc' dir='ltr'>Ι</span> <span class='ocrx_word' id='word_1_153' title='bbox 1974 1615 2042 1666; x_wconf 90' lang='lat' dir='ltr'>ad</span> <span class='ocrx_word' id='word_1_154' title='bbox 2092 1629 2132 1666; x_wconf 88' lang='grc' dir='ltr'>Ι.</span> 
     </span>
     <span class='ocr_line' id='line_1_19' title="bbox 233 1697 1396 1763; baseline -0.001 -14"><span class='ocrx_word' id='word_1_155' title='bbox 233 1698 459 1759; x_wconf 61' lang='lat' dir='ltr'>Suares,</span> <span class='ocrx_word' id='word_1_156' title='bbox 500 1698 587 1747; x_wconf 92' lang='lat' dir='ltr'>De</span> <span class='ocrx_word' id='word_1_157' title='bbox 629 1697 741 1747; x_wconf 85' lang='lat' dir='ltr'>Rel.</span> <span class='ocrx_word' id='word_1_158' title='bbox 787 1706 936 1748; x_wconf 88' lang='lat' dir='ltr'>tract.</span> <span class='ocrx_word' id='word_1_159' title='bbox 984 1712 1023 1758; x_wconf 88' lang='grc' dir='ltr'>Ι,</span> <span class='ocrx_word' id='word_1_160' title='bbox 1068 1697 1098 1748; x_wconf 89' lang='lat' dir='ltr'>l.</span> <span class='ocrx_word' id='word_1_161' title='bbox 1146 1711 1192 1761; x_wconf 80' lang='lat'>3,</span> <span class='ocrx_word' id='word_1_162' title='bbox 1238 1715 1281 1748; x_wconf 91' lang='lat' dir='ltr'>c.</span> <span class='ocrx_word' id='word_1_163' title='bbox 1329 1699 1396 1763; x_wconf 81' lang='lat'>8).</span> 
     </span>
    </p>

    <p class='ocr_par' dir='ltr' id='par_1_5' title="bbox 231 1771 2136 1931">
     <span class='ocr_line' id='line_1_20' title="bbox 307 1771 2134 1847; baseline 0 -16"><span class='ocrx_word' id='word_1_164' title='bbox 307 1796 355 1844; x_wconf 76' lang='lat'>4.</span> <span class='ocrx_word' id='word_1_165' title='bbox 419 1780 777 1831; x_wconf 86' lang='lat' dir='ltr'>Confirmatur</span> <span class='ocrx_word' id='word_1_166' title='bbox 816 1771 959 1829; x_wconf 90' lang='lat' dir='ltr'>idem</span> <span class='ocrx_word' id='word_1_167' title='bbox 1013 1798 1081 1830; x_wconf 80' lang='lat' dir='ltr'>ex</span> <span class='ocrx_word' id='word_1_168' title='bbox 1123 1798 1217 1841; x_wconf 91' lang='lat' dir='ltr'>eo,</span> <span class='ocrx_word' id='word_1_169' title='bbox 1275 1781 1422 1847; x_wconf 87' lang='lat' dir='ltr'>quod</span> <span class='ocrx_word' id='word_1_170' title='bbox 1477 1789 1738 1846; x_wconf 88' lang='lat' dir='ltr'>negantes</span> <span class='ocrx_word' id='word_1_171' title='bbox 1778 1781 1882 1832; x_wconf 91' lang='lat' dir='ltr'>Dei</span> <span class='ocrx_word' id='word_1_172' title='bbox 1934 1780 2134 1832; x_wconf 89' lang='lat' dir='ltr'>cultum</span> 
     </span>
     <span class='ocr_line' id='line_1_21' title="bbox 231 1862 2136 1931; baseline 0 -17"><span class='ocrx_word' id='word_1_173' title='bbox 231 1865 427 1931; x_wconf 87' lang='lat' dir='ltr'>apertis</span> <span class='ocrx_word' id='word_1_174' title='bbox 468 1863 733 1914; x_wconf 89' lang='lat' dir='ltr'>erroribus</span> <span class='ocrx_word' id='word_1_175' title='bbox 773 1863 1080 1924; x_wconf 88' lang='lat' dir='ltr'>innituntur,</span> <span class='ocrx_word' id='word_1_176' title='bbox 1124 1862 1214 1913; x_wconf 86' lang='lat' dir='ltr'>sel.</span> <span class='ocrx_word' id='word_1_177' title='bbox 1259 1862 1341 1913; x_wconf 79' lang='lat' dir='ltr'>vel</span> <span class='ocrx_word' id='word_1_178' title='bbox 1394 1863 1733 1929; x_wconf 85' lang='lat' dir='ltr'>pantheismo</span> <span class='ocrx_word' id='word_1_179' title='bbox 1774 1863 1858 1914; x_wconf 87' lang='lat' dir='ltr'>vel</span> <span class='ocrx_word' id='word_1_180' title='bbox 1899 1865 2136 1915; x_wconf 89' lang='lat' dir='ltr'>materia-</span> 
     </span>
    </p>
   </div>
   <div class='ocr_carea' id='block_1_3' title="bbox 231 1945 719 1997">
    <p class='ocr_par' dir='ltr' id='par_1_6' title="bbox 231 1945 719 1997">
     <span class='ocr_line' id='line_1_22' title="bbox 231 1945 719 1997; baseline -0.006 0"><span class='ocrx_word' id='word_1_181' title='bbox 231 1946 385 1997; x_wconf 90' lang='lat' dir='ltr'>lismo</span> <span class='ocrx_word' id='word_1_182' title='bbox 426 1946 509 1996; x_wconf 85' lang='lat' dir='ltr'>vel</span> <span class='ocrx_word' id='word_1_183' title='bbox 551 1945 719 1996; x_wconf 90' lang='lat' dir='ltr'>simili.</span> 
     </span>
    </p>
   </div>
   <div class='ocr_carea' id='block_1_4' title="bbox 235 2097 1459 2152">
    <p class='ocr_par' dir='ltr' id='par_1_7' title="bbox 235 2097 1459 2152">
     <span class='ocr_line' id='line_1_23' title="bbox 235 2097 1459 2152; baseline -0.003 -12"><span class='ocrx_word' id='word_1_184' title='bbox 235 2098 380 2152; x_wconf 89' lang='lat'><em>271.</em></span> <span class='ocrx_word' id='word_1_185' title='bbox 461 2098 627 2137; x_wconf 85' lang='lat' dir='ltr'><em>PARS</em></span> <span class='ocrx_word' id='word_1_186' title='bbox 658 2098 712 2137; x_wconf 84' lang='lat' dir='ltr'>II.</span> <span class='ocrx_word' id='word_1_187' title='bbox 781 2097 952 2147; x_wconf 79' lang='lat' dir='ltr'>Quoad</span> <span class='ocrx_word' id='word_1_188' title='bbox 984 2099 1159 2136; x_wconf 83' lang='lat' dir='ltr'>cultum</span> <span class='ocrx_word' id='word_1_189' title='bbox 1195 2101 1459 2137; x_wconf 80' lang='lat' dir='ltr'>externum.</span> 
     </span>
    </p>
   </div>
   <div class='ocr_carea' id='block_1_5' title="bbox 220 2186 2132 3416">
    <p class='ocr_par' dir='ltr' id='par_1_8' title="bbox 226 2186 2132 2586">
     <span class='ocr_line' id='line_1_24' title="bbox 304 2186 2132 2253; baseline 0.002 -20"><span class='ocrx_word' id='word_1_190' title='bbox 304 2187 470 2234; x_wconf 89' lang='lat' dir='ltr'>Prob.</span> <span class='ocrx_word' id='word_1_191' title='bbox 558 2201 598 2237; x_wconf 92' lang='grc' dir='ltr'>Ι.</span> <span class='ocrx_word' id='word_1_192' title='bbox 642 2186 826 2237; x_wconf 91' lang='lat' dir='ltr'>Homo</span> <span class='ocrx_word' id='word_1_193' title='bbox 887 2205 993 2237; x_wconf 93' lang='lat' dir='ltr'>non</span> <span class='ocrx_word' id='word_1_194' title='bbox 1048 2186 1223 2237; x_wconf 90' lang='lat' dir='ltr'>solum</span> <span class='ocrx_word' id='word_1_195' title='bbox 1264 2187 1443 2253; x_wconf 82' lang='lat' dir='ltr'>quoad</span> <span class='ocrx_word' id='word_1_196' title='bbox 1499 2194 1763 2249; x_wconf 90' lang='lat' dir='ltr'>mentem,</span> <span class='ocrx_word' id='word_1_197' title='bbox 1821 2187 1916 2237; x_wconf 94' lang='lat' dir='ltr'>sed</span> <span class='ocrx_word' id='word_1_198' title='bbox 1973 2187 2132 2237; x_wconf 86' lang='lat' dir='ltr'>etiam</span> 
     </span>
     <span class='ocr_line' id='line_1_25' title="bbox 229 2268 2131 2336; baseline 0.001 -19"><span class='ocrx_word' id='word_1_199' title='bbox 229 2268 408 2334; x_wconf 85' lang='lat' dir='ltr'>quoad</span> <span class='ocrx_word' id='word_1_200' title='bbox 451 2286 647 2335; x_wconf 88' lang='lat' dir='ltr'>corpus</span> <span class='ocrx_word' id='word_1_201' title='bbox 686 2269 843 2335; x_wconf 89' lang='lat' dir='ltr'>plene</span> <span class='ocrx_word' id='word_1_202' title='bbox 884 2287 915 2319; x_wconf 91' lang='lat' dir='ltr'>a</span> <span class='ocrx_word' id='word_1_203' title='bbox 955 2270 1075 2319; x_wconf 92' lang='lat' dir='ltr'>Deo</span> <span class='ocrx_word' id='word_1_204' title='bbox 1118 2270 1320 2336; x_wconf 90' lang='lat' dir='ltr'>pendet</span> <span class='ocrx_word' id='word_1_205' title='bbox 1358 2278 1634 2336; x_wconf 87' lang='lat' dir='ltr'>tamquam</span> <span class='ocrx_word' id='word_1_206' title='bbox 1674 2287 1704 2319; x_wconf 93' lang='lat' dir='ltr'>a</span> <span class='ocrx_word' id='word_1_207' title='bbox 1736 2287 1834 2320; x_wconf 89' lang='lat' dir='ltr'>suo</span> <span class='ocrx_word' id='word_1_208' title='bbox 1876 2278 2131 2331; x_wconf 89' lang='lat' dir='ltr'>creatore,</span> 
     </span>
     <span class='ocr_line' id='line_1_26' title="bbox 228 2350 2132 2415; baseline 0.002 -15"><span class='ocrx_word' id='word_1_209' title='bbox 228 2350 470 2413; x_wconf 90' lang='lat' dir='ltr'>domin0‚</span> <span class='ocrx_word' id='word_1_210' title='bbox 516 2351 701 2402; x_wconf 91' lang='lat' dir='ltr'>ultimo</span> <span class='ocrx_word' id='word_1_211' title='bbox 744 2351 848 2402; x_wconf 84' lang='lat' dir='ltr'>fine</span> <span class='ocrx_word' id='word_1_212' title='bbox 889 2362 988 2403; x_wconf 84' lang='lat' dir='ltr'>etc.</span> <span class='ocrx_word' id='word_1_213' title='bbox 1069 2352 1206 2402; x_wconf 84' lang='lat' dir='ltr'>Aliis</span> <span class='ocrx_word' id='word_1_214' title='bbox 1246 2353 1447 2403; x_wconf 84' lang='lat' dir='ltr'>verbis:</span> <span class='ocrx_word' id='word_1_215' title='bbox 1491 2370 1599 2403; x_wconf 93' lang='lat' dir='ltr'>non</span> <span class='ocrx_word' id='word_1_216' title='bbox 1639 2352 1755 2403; x_wconf 89' lang='lat' dir='ltr'>sola</span> <span class='ocrx_word' id='word_1_217' title='bbox 1794 2353 1991 2415; x_wconf 89' lang='lat' dir='ltr'>anima,</span> <span class='ocrx_word' id='word_1_218' title='bbox 2035 2353 2132 2403; x_wconf 87' lang='lat' dir='ltr'>sed</span> 
     </span>
     <span class='ocr_line' id='line_1_27' title="bbox 226 2432 2131 2502; baseline 0.002 -20"><span class='ocrx_word' id='word_1_219' title='bbox 226 2432 383 2483; x_wconf 71' lang='lat' dir='ltr'>leonto</span> <span class='ocrx_word' id='word_1_220' title='bbox 425 2440 505 2484; x_wconf 90' lang='lat' dir='ltr'>est</span> <span class='ocrx_word' id='word_1_221' title='bbox 544 2434 890 2485; x_wconf 87' lang='lat' dir='ltr'>essentialiter</span> <span class='ocrx_word' id='word_1_222' title='bbox 928 2452 1111 2485; x_wconf 81' lang='lat' dir='ltr'>servus</span> <span class='ocrx_word' id='word_1_223' title='bbox 1139 2435 1255 2485; x_wconf 91' lang='lat' dir='ltr'>Dei.</span> <span class='ocrx_word' id='word_1_224' title='bbox 1325 2436 1472 2502; x_wconf 87' lang='lat' dir='ltr'>Ergo</span> <span class='ocrx_word' id='word_1_225' title='bbox 1513 2436 1671 2485; x_wconf 92' lang='lat' dir='ltr'>etiam</span> <span class='ocrx_word' id='word_1_226' title='bbox 1713 2435 1895 2502; x_wconf 89' lang='lat' dir='ltr'>quoad</span> <span class='ocrx_word' id='word_1_227' title='bbox 1935 2452 2131 2501; x_wconf 89' lang='lat' dir='ltr'>corpus</span> 
     </span>
     <span class='ocr_line' id='line_1_28' title="bbox 227 2514 1579 2586; baseline 0.002 -21"><span class='ocrx_word' id='word_1_228' title='bbox 227 2515 402 2565; x_wconf 89' lang='lat' dir='ltr'>eidem</span> <span class='ocrx_word' id='word_1_229' title='bbox 442 2516 634 2566; x_wconf 80' lang='lat' dir='ltr'>servire</span> <span class='ocrx_word' id='word_1_230' title='bbox 675 2516 840 2567; x_wconf 92' lang='lat' dir='ltr'>debet</span> <span class='ocrx_word' id='word_1_231' title='bbox 879 2518 949 2581; x_wconf 78' lang='lat'>(2,</span> <span class='ocrx_word' id='word_1_232' title='bbox 996 2531 1042 2578; x_wconf 87' lang='lat'>2,</span> <span class='ocrx_word' id='word_1_233' title='bbox 1088 2534 1136 2583; x_wconf 85' lang='lat' dir='ltr'>q.</span> <span class='ocrx_word' id='word_1_234' title='bbox 1184 2519 1268 2581; x_wconf 78' lang='lat'>83,</span> <span class='ocrx_word' id='word_1_235' title='bbox 1312 2535 1356 2567; x_wconf 90' lang='lat' dir='ltr'>a.</span> <span class='ocrx_word' id='word_1_236' title='bbox 1410 2531 1468 2567; x_wconf 85' lang='lat'>12</span> <span class='ocrx_word' id='word_1_237' title='bbox 1513 2514 1579 2586; x_wconf 91' lang='lat' dir='ltr'>c).</span> 
     </span>
    </p>

    <p class='ocr_par' dir='ltr' id='par_1_9' title="bbox 222 2599 2130 3000">
     <span class='ocr_line' id='line_1_29' title="bbox 302 2599 2128 2674; baseline 0.002 -19"><span class='ocrx_word' id='word_1_238' title='bbox 302 2619 349 2655; x_wconf 86' lang='lat'>2.</span> <span class='ocrx_word' id='word_1_239' title='bbox 401 2606 473 2656; x_wconf 89' lang='lat' dir='ltr'>Vi</span> <span class='ocrx_word' id='word_1_240' title='bbox 528 2607 737 2657; x_wconf 89' lang='lat' dir='ltr'>unionis</span> <span class='ocrx_word' id='word_1_241' title='bbox 792 2606 1154 2658; x_wconf 88' lang='lat' dir='ltr'>substantialis</span> <span class='ocrx_word' id='word_1_242' title='bbox 1217 2607 1352 2657; x_wconf 90' lang='lat' dir='ltr'>inter</span> <span class='ocrx_word' id='word_1_243' title='bbox 1406 2599 1602 2674; x_wconf 85' lang='lat' dir='ltr'>corpus</span> <span class='ocrx_word' id='word_1_244' title='bbox 1658 2617 1711 2658; x_wconf 94' lang='lat' dir='ltr'>et</span> <span class='ocrx_word' id='word_1_245' title='bbox 1769 2608 2000 2658; x_wconf 89' lang='lat' dir='ltr'>animam</span> <span class='ocrx_word' id='word_1_246' title='bbox 2057 2609 2128 2658; x_wconf 88' lang='lat' dir='ltr'>in-</span> 
     </span>
     <span class='ocr_line' id='line_1_30' title="bbox 223 2688 2130 2756; baseline 0.002 -19"><span class='ocrx_word' id='word_1_247' title='bbox 223 2688 384 2738; x_wconf 90' lang='lat' dir='ltr'>terior</span> <span class='ocrx_word' id='word_1_248' title='bbox 424 2689 675 2749; x_wconf 80' lang='lat' dir='ltr'>affectuS,</span> <span class='ocrx_word' id='word_1_249' title='bbox 719 2689 885 2739; x_wconf 92' lang='lat' dir='ltr'>modo</span> <span class='ocrx_word' id='word_1_250' title='bbox 926 2690 993 2740; x_wconf 91' lang='lat' dir='ltr'>sit</span> <span class='ocrx_word' id='word_1_251' title='bbox 1031 2690 1298 2750; x_wconf 81' lang='lat' dir='ltr'>sinceruS,</span> <span class='ocrx_word' id='word_1_252' title='bbox 1352 2706 1448 2740; x_wconf 90' lang='lat' dir='ltr'>sua</span> <span class='ocrx_word' id='word_1_253' title='bbox 1495 2698 1690 2756; x_wconf 90' lang='lat' dir='ltr'>sponte</span> <span class='ocrx_word' id='word_1_254' title='bbox 1731 2699 1785 2741; x_wconf 93' lang='lat' dir='ltr'>et</span> <span class='ocrx_word' id='word_1_255' title='bbox 1822 2689 2130 2741; x_wconf 89' lang='lat' dir='ltr'>naturaliter</span> 
     </span>
     <span class='ocr_line' id='line_1_31' title="bbox 223 2771 2125 2838; baseline 0.002 -19"><span class='ocrx_word' id='word_1_256' title='bbox 223 2771 275 2819; x_wconf 93' lang='lat' dir='ltr'>in</span> <span class='ocrx_word' id='word_1_257' title='bbox 316 2787 513 2837; x_wconf 91' lang='lat' dir='ltr'>eorpus</span> <span class='ocrx_word' id='word_1_258' title='bbox 554 2771 822 2821; x_wconf 86' lang='lat' dir='ltr'>redundat</span> <span class='ocrx_word' id='word_1_259' title='bbox 861 2789 1029 2838; x_wconf 83' lang='lat' dir='ltr'>seque</span> <span class='ocrx_word' id='word_1_260' title='bbox 1070 2772 1424 2822; x_wconf 90' lang='lat' dir='ltr'>exterioribus</span> <span class='ocrx_word' id='word_1_261' title='bbox 1464 2772 1771 2823; x_wconf 91' lang='lat' dir='ltr'>manifestat</span> <span class='ocrx_word' id='word_1_262' title='bbox 1810 2772 2125 2835; x_wconf 90' lang='lat' dir='ltr'>actionibus,</span> 
     </span>
     <span class='ocr_line' id='line_1_32' title="bbox 222 2852 2127 2920; baseline 0.002 -18"><span class='ocrx_word' id='word_1_263' title='bbox 222 2852 295 2902; x_wconf 88' lang='lat' dir='ltr'>ita</span> <span class='ocrx_word' id='word_1_264' title='bbox 333 2860 393 2902; x_wconf 96' lang='lat' dir='ltr'>ut</span> <span class='ocrx_word' id='word_1_265' title='bbox 433 2853 665 2903; x_wconf 85' lang='lat' dir='ltr'>exterior</span> <span class='ocrx_word' id='word_1_266' title='bbox 706 2853 880 2903; x_wconf 90' lang='lat' dir='ltr'>cultus</span> <span class='ocrx_word' id='word_1_267' title='bbox 934 2871 1003 2903; x_wconf 91' lang='lat' dir='ltr'>ex</span> <span class='ocrx_word' id='word_1_268' title='bbox 1058 2855 1173 2920; x_wconf 90' lang='lat' dir='ltr'>ipsa</span> <span class='ocrx_word' id='word_1_269' title='bbox 1227 2864 1445 2905; x_wconf 87' lang='lat' dir='ltr'>naturae</span> <span class='ocrx_word' id='word_1_270' title='bbox 1497 2855 1828 2906; x_wconf 89' lang='lat' dir='ltr'>institutione</span> <span class='ocrx_word' id='word_1_271' title='bbox 1879 2855 1946 2905; x_wconf 92' lang='lat' dir='ltr'>sit</span> <span class='ocrx_word' id='word_1_272' title='bbox 1986 2872 2127 2906; x_wconf 90' lang='lat' dir='ltr'>com-</span> 
     </span>
     <span class='ocr_line' id='line_1_33' title="bbox 222 2933 873 3000; baseline 0.005 -17"><span class='ocrx_word' id='word_1_273' title='bbox 222 2933 557 3000; x_wconf 88' lang='lat' dir='ltr'>plementum</span> <span class='ocrx_word' id='word_1_274' title='bbox 598 2935 873 2986; x_wconf 89' lang='lat' dir='ltr'>interioris.</span> 
     </span>
    </p>

    <p class='ocr_par' dir='ltr' id='par_1_10' title="bbox 221 3017 2125 3251">
     <span class='ocr_line' id='line_1_34' title="bbox 300 3017 2125 3086; baseline 0.003 -21"><span class='ocrx_word' id='word_1_275' title='bbox 300 3031 344 3080; x_wconf 79' lang='lat'>3.</span> <span class='ocrx_word' id='word_1_276' title='bbox 406 3017 494 3066; x_wconf 87' lang='lat' dir='ltr'>Ex</span> <span class='ocrx_word' id='word_1_277' title='bbox 552 3017 781 3067; x_wconf 91' lang='lat' dir='ltr'>hominis</span> <span class='ocrx_word' id='word_1_278' title='bbox 845 3027 1033 3069; x_wconf 91' lang='lat' dir='ltr'>natura</span> <span class='ocrx_word' id='word_1_279' title='bbox 1097 3020 1313 3069; x_wconf 89' lang='lat' dir='ltr'>interior</span> <span class='ocrx_word' id='word_1_280' title='bbox 1370 3019 1542 3070; x_wconf 89' lang='lat' dir='ltr'>cultus</span> <span class='ocrx_word' id='word_1_281' title='bbox 1597 3021 1669 3070; x_wconf 90' lang='lat' dir='ltr'>ita</span> <span class='ocrx_word' id='word_1_282' title='bbox 1725 3019 1999 3086; x_wconf 89' lang='lat' dir='ltr'>dependet</span> <span class='ocrx_word' id='word_1_283' title='bbox 2057 3020 2125 3070; x_wconf 94' lang='lat' dir='ltr'>ab</span> 
     </span>
     <span class='ocr_line' id='line_1_35' title="bbox 221 3098 2123 3169; baseline 0.002 -22"><span class='ocrx_word' id='word_1_284' title='bbox 221 3098 498 3160; x_wconf 88' lang='lat' dir='ltr'>exteriore,</span> <span class='ocrx_word' id='word_1_285' title='bbox 542 3108 600 3150; x_wconf 92' lang='lat' dir='ltr'>ut</span> <span class='ocrx_word' id='word_1_286' title='bbox 638 3099 725 3150; x_wconf 92' lang='lat' dir='ltr'>ille</span> <span class='ocrx_word' id='word_1_287' title='bbox 765 3099 876 3150; x_wconf 91' lang='lat' dir='ltr'>sine</span> <span class='ocrx_word' id='word_1_288' title='bbox 927 3100 1033 3151; x_wconf 92' lang='lat' dir='ltr'>hoc</span> <span class='ocrx_word' id='word_1_289' title='bbox 1085 3101 1401 3169; x_wconf 83' lang='lat' dir='ltr'>plerumque</span> <span class='ocrx_word' id='word_1_290' title='bbox 1452 3119 1628 3168; x_wconf 86' lang='lat' dir='ltr'>neque</span> <span class='ocrx_word' id='word_1_291' title='bbox 1670 3102 1908 3153; x_wconf 91' lang='lat' dir='ltr'>debitam</span> <span class='ocrx_word' id='word_1_292' title='bbox 1959 3102 2123 3152; x_wconf 92' lang='lat' dir='ltr'>inten-</span> 
     </span>
     <span class='ocr_line' id='line_1_36' title="bbox 221 3181 1509 3251; baseline 0.004 -21"><span class='ocrx_word' id='word_1_293' title='bbox 221 3181 433 3232; x_wconf 92' lang='lat' dir='ltr'>sitatem</span> <span class='ocrx_word' id='word_1_294' title='bbox 473 3199 648 3249; x_wconf 87' lang='lat' dir='ltr'>neque</span> <span class='ocrx_word' id='word_1_295' title='bbox 689 3183 1045 3233; x_wconf 89' lang='lat' dir='ltr'>constantiam</span> <span class='ocrx_word' id='word_1_296' title='bbox 1086 3183 1284 3235; x_wconf 90' lang='lat' dir='ltr'>habere</span> <span class='ocrx_word' id='word_1_297' title='bbox 1327 3185 1509 3251; x_wconf 89' lang='lat' dir='ltr'>possit.</span> 
     </span>
    </p>

    <p class='ocr_par' dir='ltr' id='par_1_11' title="bbox 220 3263 2123 3416">
     <span class='ocr_line' id='line_1_37' title="bbox 297 3263 2121 3325; baseline 0.002 -12"><span class='ocrx_word' id='word_1_298' title='bbox 297 3276 345 3325; x_wconf 83' lang='lat'>4.</span> <span class='ocrx_word' id='word_1_299' title='bbox 407 3263 557 3314; x_wconf 89' lang='lat' dir='ltr'>Idem</span> <span class='ocrx_word' id='word_1_300' title='bbox 614 3264 776 3315; x_wconf 91' lang='lat' dir='ltr'>docet</span> <span class='ocrx_word' id='word_1_301' title='bbox 836 3266 1134 3316; x_wconf 89' lang='lat' dir='ltr'>communis</span> <span class='ocrx_word' id='word_1_302' title='bbox 1201 3275 1253 3316; x_wconf 92' lang='lat' dir='ltr'>et</span> <span class='ocrx_word' id='word_1_303' title='bbox 1309 3275 1561 3317; x_wconf 91' lang='lat' dir='ltr'>constans</span> <span class='ocrx_word' id='word_1_304' title='bbox 1616 3266 1952 3317; x_wconf 87' lang='lat' dir='ltr'>consuetudo</span> <span class='ocrx_word' id='word_1_305' title='bbox 2013 3284 2121 3316; x_wconf 91' lang='lat' dir='ltr'>om-</span> 
     </span>
     <span class='ocr_line' id='line_1_38' title="bbox 220 3344 2123 3416; baseline 0.004 -24"><span class='ocrx_word' id='word_1_306' title='bbox 220 3344 363 3393; x_wconf 91' lang='lat' dir='ltr'>nium</span> <span class='ocrx_word' id='word_1_307' title='bbox 420 3346 771 3413; x_wconf 89' lang='lat' dir='ltr'>populorum,</span> <span class='ocrx_word' id='word_1_308' title='bbox 835 3348 924 3414; x_wconf 88' lang='lat' dir='ltr'>qui</span> <span class='ocrx_word' id='word_1_309' title='bbox 981 3365 1193 3414; x_wconf 90' lang='lat' dir='ltr'>semper</span> <span class='ocrx_word' id='word_1_310' title='bbox 1248 3357 1301 3398; x_wconf 93' lang='lat' dir='ltr'>et</span> <span class='ocrx_word' id='word_1_311' title='bbox 1359 3349 1559 3416; x_wconf 89' lang='lat' dir='ltr'>ubique</span> <span class='ocrx_word' id='word_1_312' title='bbox 1615 3366 1865 3415; x_wconf 89' lang='lat' dir='ltr'>supremo</span> <span class='ocrx_word' id='word_1_313' title='bbox 1921 3348 2123 3399; x_wconf 89' lang='lat' dir='ltr'>numini</span> 
     </span>
    </p>
   </div>
  </div>
 </body>
</html>
