2182 3682
524 149 677 179 CAPUT
710 150 772 178 IV.
821 149 883 177 DE
918 149 1199 177 VIRTUTIBUS
1233 149 1292 177 ET
1326 149 1480 177 VITIIS.
1856 153 1873 187 Ῑ
1894 152 1947 187 ῙῙ

60 288 91 338 i.
134 304 178 337 e.
221 286 478 336 inclinans
518 285 586 335 ad
635 293 815 334 actum
854 284 1093 344 liberum,
1138 284 1229 348 qui
1270 282 1516 332 electioni
1555 284 1764 346 subest;
1817 285 1865 349 c)
1906 285 1955 334 in

61 368 428 417 mediocritate
466 385 558 417 seu
599 367 776 416 medio
819 365 1129 426 consistens,
1172 382 1281 429 quo
1321 364 1648 429 significatur
1688 366 1957 416 obiectum

60 456 210 499 actus
249 448 422 509 liberi,
468 448 615 514 quod
656 457 736 497 est
775 447 1011 496 medium
1051 446 1371 496 servandum
1413 446 1548 495 inter
1587 463 1866 496 excessum
1907 456 1959 496 et

61 530 358 591 defectum;
402 523 457 595 (1)
491 530 674 595 quoad
694 546 807 589 7205,
848 546 956 594 quo
986 529 1247 578 indicatur
1273 545 1466 577 norma
1497 527 1752 577 objectiva
1781 529 1956 589 medii,

60 612 151 663 scl.
206 630 276 662 ex
327 612 482 662 nobis
532 612 657 677 ipsis
709 611 970 660 debemus
1022 611 1338 671 diiudicare,
1394 627 1520 659 num
1573 610 1843 659 obiectum
1893 611 1960 659 sit

60 695 215 744 nobis
265 695 731 760 proportionatum
772 701 826 742 et
866 693 1212 752 conveniens,
1257 710 1303 741 v.
1349 709 1399 756 g.
1444 691 1624 757 quoad
1665 700 1957 757 temperan-

58 776 213 838 tiam;
256 777 305 840 e)
347 793 483 841 qnae
523 775 734 840 quidem
775 774 1120 823 mediocritas
1152 774 1225 822 sit
1251 774 1461 823 ratione
1489 773 1726 840 definita,
1768 773 1961 838 quibus

59 857 235 907 verbis
284 857 545 907 indicatur
597 855 780 923 regula
830 856 1124 905 subiectiva
1175 872 1485 921 proponens
1537 855 1770 904 medium
1815 872 1959 920 prae-

60 939 288 1000 dictum;
321 939 549 1004 denique
577 938 815 988 additur:
848 937 888 1001 f>
917 945 1074 1002 alque
1103 937 1197 997 ila,
1226 945 1282 986 nl
1296 937 1539 1001 prudens
1561 937 1962 997 detemnz'nczret,

60 1021 127 1070 ad
180 1020 577 1071 excludendum
630 1020 883 1070 iudicium
924 1036 1202 1069 erroneum
1246 1019 1486 1080 rationis,
1542 1017 1697 1084 quale
1737 1018 1964 1068 habetur

59 1103 111 1152 in
151 1102 368 1152 homine
406 1103 760 1168 imprudente.

135 1192 220 1242 Ex
270 1192 371 1242 hac
423 1177 736 1242 definitione*
784 1190 1130 1256 intellegitur,
1187 1207 1280 1240 cur
1318 1190 1483 1239 virtus
1535 1189 1591 1239 in
1638 1190 1811 1239 medio
1853 1208 1964 1239 6072-

59 1274 251 1324 sz'slere
291 1275 496 1324 dicatur
545 1274 618 1338 (S.
674 1273 858 1323 Tllom.
912 1288 952 1333 Ι,
1000 1287 1046 1333 2,
1090 1290 1140 1338 q.
1185 1273 1271 1334 64,
1316 1289 1359 1321 a.
1413 1272 1474 1336 Ι).
1556 1272 1781 1321 Virtutis
1822 1273 1961 1321 enim

61 1365 170 1417 est,
238 1355 487 1406 inclinare
546 1355 877 1405 voluntatem
943 1355 1012 1404 acl
1078 1354 1212 1414 hoc,
1281 1363 1337 1403 ut
1396 1354 1447 1402 in
1505 1354 1610 1403 suis
1668 1354 1964 1404 actionibus

61 1437 275 1503 regulae
331 1438 545 1487 rationis
585 1455 642 1487 se
683 1437 982 1487 conformet
1022 1454 1114 1486 seu
1156 1436 1331 1485 eidem
1372 1444 1645 1501 tamquam
1687 1453 1964 1485 mensurae

60 1537 118 1569 se
158 1520 435 1586 adaequet.
506 1519 657 1569 Haec
698 1518 882 1585 regula
922 1526 1102 1568 autem
1144 1518 1417 1567 constituit
1458 1519 1608 1583 quasi
1641 1518 1890 1579 medium,
1935 1535 1966 1568 a

62 1619 172 1667 quo
223 1609 339 1651 tum
390 1618 485 1668 per
536 1618 865 1661 excessum,·
898 1609 1012 1649 tum
1064 1617 1158 1665 per
1210 1599 1479 1649 defectum
1530 1600 1726 1649 deviari
1766 1608 1961 1666 potest.

137 1703 186 1751 4.
243 1690 426 1739 Potest
465 1690 628 1739 virtus
671 1690 829 1739 etiam
883 1688 1086 1738 definiri
1128 1705 1247 1738 cum
1291 1687 1343 1737 S.
1388 1689 1720 1751 A74grnsll'720:
1780 1689 1966 1738 «Bona

60 1772 301 1837 qualitas
352 1772 569 1833 mentis,
624 1789 728 1837 qna
772 1780 909 1821 recle
949 1771 1179 1825 f'l‘r'l'lm‘,
1235 1788 1339 1835 qna
1381 1770 1560 1819 mllllls
1600 1770 1744 1819 male
1784 1771 1966 1829 mitur,

59 1871 218 1919 quam
282 1853 425 1903 Deus
479 1855 535 1904 in
590 1854 739 1903 nobis
792 1853 907 1902 sine
961 1852 1110 1902 mobis
1166 1861 1468 1916 efferatur.»
1569 1852 1665 1902 Est
1730 1854 1774 1916 Ι)
1831 1853 1966 1902 bona

60 1935 328 2000 qualitas,
369 1937 398 1986 i.
443 1953 486 1985 e.
532 1935 770 1996 habitus;
830 1941 880 1998 2)
924 1935 1138 1986 aucuns.
1180 1936 1208 1984 i.
1254 1952 1297 1984 e.
1343 1951 1480 2000 quae
1521 1935 1570 1983 in
1613 1935 1851 2000 potentia
1894 1952 1966 1984 ra-

63 2017 245 2067 tionali
286 2026 560 2083 tamquam
600 2018 845 2067 subiecto
887 2018 1047 2078 inest3
1091 2017 1304 2066 additur
1347 2018 1399 2080 3)
1442 2034 1545 2081 qna
1582 2025 1717 2065 resse
1746 2016 1967 2075 vivitur,

61 2108 117 2148 ut
169 2099 524 2150 excludantur
575 2100 815 2160 habitus,
874 2100 962 2165 qui
1002 2116 1214 2164 semper
1254 2108 1373 2148 sunt
1414 2099 1481 2147 ad
1535 2098 1731 2147 malum
1774 2099 1962 2163 <vitia);

59 2182 114 2246 4)
156 2199 261 2247 qua
302 2200 452 2231 nemo
481 2181 625 2231 male
665 2182 847 2241 usz'lm',
890 2190 946 2230 ut
975 2181 1330 2230 excludantur
1369 2181 1580 2229 habitus
1608 2181 1967 2230 indifferentes

59 2263 128 2312 ad
172 2265 375 2313 bonum
416 2271 469 2313 et
510 2262 724 2323 malum,
768 2282 814 2313 v.
847 2280 896 2328 g.
942 2263 1153 2312 habitus
1194 2262 1459 2329 opinionis
1489 2261 1561 2326 (S.
1605 2261 1790 2312 Tlmm.
1830 2277 1870 2323 Ι,
1917 2276 1963 2322 2,

61 2362 111 2411 q.
161 2355 254 2408 55,
297 2363 340 2396 a.
385 2346 456 2408 4).
539 2344 704 2410 Quod
747 2346 983 2395 additur:
1039 2361 1199 2410 quam
1241 2346 1390 2394 Deus
1431 2353 1681 2411 operatur
1721 2346 1771 2393 in
1814 2345 1967 2394 nobis

59 2427 172 2476 sine
212 2428 383 2489 nobis,
427 2427 566 2477 valet
608 2427 781 2477 solum
824 2428 891 2476 de
932 2427 1214 2476 virtutibus
1254 2426 1450 2477 infusis.

68 2580 208 2632 127.
288 2569 381 2619 IV.
428 2569 721 2620 Subiectum
761 2571 965 2620 virtutis
1004 2568 1312 2635 simpliciter
1353 2587 1458 2618 non
1501 2578 1681 2635 potest
1715 2587 1830 2619 esse
1871 2570 1966 2619 nisi

62 2651 309 2701 volumus
336 2652 425 2702 vel
450 2653 639 2718 aliqua
671 2653 933 2718 potentia,
973 2652 1253 2701 secemdmll
1283 2652 1427 2717 qued
1453 2661 1531 2701 cst
1557 2660 1698 2701 mosa
1728 2669 1761 2700 a
1791 2651 1966 2700 volme-

62 2742 169 2783 tale
210 2732 284 2797 (S.
339 2734 522 2785 Tlmm.
576 2750 627 2795 Ι,
674 2749 731 2795 2,
779 2752 828 2800 q.
878 2735 970 2798 56,
1026 2752 1069 2783 a.
1119 2734 1185 2797 3).
1269 2734 1427 2783 Ratio
1470 2742 1576 2795 est,
1633 2734 1754 2799 quia
1805 2734 1968 2782 virtus

61 2815 369 2881 simpliciter
409 2835 513 2866 non
557 2817 730 2866 solum
772 2818 864 2867 dat
907 2815 1212 2866 facultatem
1256 2816 1394 2865 bene
1434 2816 1646 2881 agendi,
1689 2816 1785 2865 sed
1828 2814 1964 2875 facit,

62 2906 119 2946 ut
171 2906 292 2947 actu
343 2898 481 2948 bene
532 2915 770 2965 agamus.
851 2898 1022 2965 Atqui
1073 2897 1220 2947 solae
1260 2898 1502 2958 virtutes,
1559 2914 1696 2962 quae
1747 2904 1869 2946 sunt
1916 2896 1966 2945 in

61 2979 337 3029 voluntate
376 2980 460 3030 vel
501 2982 551 3030 in
594 2981 771 3047 aliqua
810 2981 1067 3046 potentia,
1110 2980 1408 3030 secundum
1442 2979 1589 3045 quod
1630 2987 1710 3028 est
1751 2986 1898 3027 mota
1938 2995 1967 3027 a

62 3060 361 3122 voluntate,
424 3063 647 3124 faciunt,
710 3071 768 3112 ut
824 3072 944 3113 actu
1000 3062 1138 3112 bene
1194 3078 1430 3127 agamus.
1527 3061 1664 3109 Nam
1720 3059 1969 3109 voluntas

63 3142 296 3209 applicat
337 3161 524 3194 omnes
564 3146 844 3211 potentias,
890 3161 1027 3210 quae
1063 3153 1186 3193 sunt
1226 3142 1520 3208 aliqualiter
1559 3141 1855 3201 rationales,
1899 3142 1965 3190 ad

63 3233 258 3276 actum.
339 3225 415 3276 Ut
456 3243 586 3292 ergo
626 3228 790 3276 virtus
831 3227 987 3276 faciat
1027 3233 1148 3275 actu
1192 3228 1328 3275 bene
1369 3241 1543 3289 agere,
1594 3223 1758 3272 debet
1797 3223 1967 3288 ipsam

64 3307 393 3359 voluntatem
444 3309 493 3357 in
548 3309 749 3358 bonum
802 3308 1088 3358 honestum
1141 3306 1405 3356 inclinare.
1486 3305 1579 3353 Ad
1631 3304 1737 3353 hoc
1788 3312 1964 3354 autem
