2182 3682
447 153 474 207 ἓ
508 166 546 194 2.
597 165 659 193 DE
692 165 925 193 FONTIBUS
962 163 1305 192 PHILOSOPHIAE
1339 162 1558 192 MORALIS.
1917 164 1943 214 3

55 306 82 361 ἓ
116 320 154 348 2.
218 309 297 347 DE
329 306 615 346 FONTIBUS
648 305 1082 345 PHILOSOPHIAE
1114 303 1373 343 MORALIS
1413 304 1611 352 DEQUE
1651 303 1947 342 METHODO

743 373 867 411 EAM
898 372 1256 410 TRACTANDI.

151 476 328 531 (Meyer,
360 476 649 515 Institutiones
680 476 777 514 iuris
810 475 1009 513 naturalis
1041 475 1073 522 Ι,
1108 488 1149 513 n.
1186 485 1223 513 2.
1288 474 1535 519 Liberalem,
1569 474 1853 513 Institutiones

704 542 880 581 Ethicae
915 538 1063 594 [1880]
1105 552 1152 591 13
1178 539 1290 592 sqq.)

59 667 114 707 2.
230 654 458 721 Fontem
488 653 842 719 praecipuum
883 650 1259 716 Philosophiae
1301 649 1513 700 moralis
1542 667 1657 699 esse
1697 651 1953 716 principia

58 736 274 786 rationis
325 734 574 785 naturalis
615 734 780 784 modo
823 734 1070 782 diximus.
1150 732 1296 781 Fons
1334 749 1462 781 vero
1504 732 1741 781 eiusdem
1781 750 1951 782 secem-

54 818 246 867 darius
273 826 353 867 est
381 817 614 867 historia
644 824 696 865 et
724 815 1058 880 experientia
1087 823 1200 863 tum
1228 814 1442 880 propria
1470 822 1584 863 tum
1612 814 1796 863 aliena.
1841 815 1954 878 Nisi

54 885 592 967 epim4„Pliilosophia
647 896 860 947 moralis
919 903 1180 963 perpetuo
1239 896 1458 945 historia
1516 904 1568 945 et
1628 896 1955 962 experientia

55 982 250 1032 comite
291 989 344 1031 et
384 981 639 1030 adiutrice
680 986 881 1040 utatur,
938 979 1134 1044 poterit
1175 977 1398 1027 fortasse
1441 977 1653 1043 regulas
1693 979 1955 1043 quasdam

55 1064 348 1112 abstractas
389 1071 442 1112 et
481 1061 801 1111 universales
840 1078 910 1110 ex
948 1069 1133 1109 natura
1172 1059 1402 1109 humana
1440 1059 1491 1108 in
1531 1059 1799 1109 abstracto
1835 1078 1955 1110 con-

55 1145 284 1195 siderata
335 1145 630 1204 deducere,
688 1144 784 1193 sed
826 1160 933 1192 non
974 1141 1173 1191 valebit
1224 1141 1530 1190 hominibus
1571 1141 1952 1202 demonstrare,

56 1227 336 1292 quomodo
371 1226 665 1276 secundum
695 1224 782 1274 illa
822 1224 1078 1290 principia
1119 1241 1216 1289 pro
1246 1223 1549 1272 diversitate
1579 1224 1954 1274 condicionum

56 1317 109 1358 et
136 1318 440 1375 temporum
468 1309 518 1357 in
549 1307 811 1358 concretis
839 1315 892 1356 et
920 1304 1146 1355 realibus
1176 1323 1348 1355 rerum
1371 1306 1774 1355 circumstantiis
1795 1307 1957 1355 vitam

58 1399 170 1440 tum
215 1391 475 1456 privatam
515 1397 630 1439 tum
671 1388 941 1456 publicam
972 1396 1114 1437 recte
1144 1388 1388 1437 ordinare
1418 1388 1666 1448 debeant,
1711 1398 1769 1438 ut
1797 1388 1958 1438 finem

55 1472 297 1522 ultimum
338 1479 748 1538 consequantur.
803 1503 876 1508 ——
928 1469 1206 1520 Revelatio
1247 1470 1659 1536 supernaturalis
1700 1487 1808 1541 non
1850 1471 1958 1536 qui-

58 1637 304 1702 negative
345 1636 630 1702 dependet,
675 1644 937 1701 quatenus
977 1634 1099 1683 nihil
1133 1644 1189 1683 ut
1216 1651 1400 1683 verum
1428 1651 1722 1699 agnoscere
1761 1643 1956 1700 potest,

59 1719 203 1784 quod
256 1718 380 1768 fidei
427 1727 702 1786 repugnet.
785 1717 987 1766 Verum
1027 1733 1153 1765 vero
1195 1716 1562 1766 contradicere
1602 1734 1709 1766 non
1762 1725 1955 1783 potest.

59 1787 403 1866 Quapropter
452 1817 581 1850 sana
632 1800 763 1863 ratio
817 1800 1008 1865 dictat:
1065 1815 1201 1865 quae
1242 1798 1548 1848 veritatibus
1589 1808 1734 1849 certo
1769 1798 1961 1849 revela-

55 1883 120 1932 tis
176 1883 548 1932 contradicunt
598 1883 649 1931 in
690 1881 1036 1948 Philosophia
1088 1890 1145 1930 ut
1197 1897 1320 1930 vera
1374 1882 1582 1930 admitti
1633 1899 1740 1931 non
1780 1899 1957 1948 posse.

54 1964 283 2015 Proinde
334 1964 686 2031 philosophus
735 1964 1048 2014 christianus
1101 1963 1479 2013 revelationem
1520 1961 1682 2013 veluti
1733 1964 1960 2030 pharum

55 2064 182 2113 prae
224 2046 391 2097 oculis
430 2046 628 2097 habeat
669 2055 911 2112 oportet,
971 2063 1036 2095 ne
1077 2046 1129 2095 in
1169 2045 1423 2111 scopulos
1464 2062 1702 2095 errorum
1742 2047 1956 2096 incidat.

56 2128 172 2178 Nec
223 2129 356 2179 haec
398 2129 758 2195 dependentia
800 2129 1045 2194 dignitati
1086 2127 1462 2193 Philosophiae
1504 2144 1801 2193 repugnare
1843 2146 1959 2179 cen-

57 2211 224 2261 senda
267 2219 362 2262 est.
442 2211 766 2277 Exemplum
821 2211 961 2260 enim
992 2210 1084 2260 ‘vel
1138 2227 1470 2259 summorum
1511 2210 1959 2277 Philosophorum

57 2292 328 2359 gentilium
371 2295 609 2343 omnium
649 2300 882 2343 aetatum
925 2293 1273 2353 demonstrat,
1318 2310 1479 2358 quam
1522 2292 1673 2342 facile
1702 2294 1834 2343 ratio
1862 2294 1961 2344 sibi

57 2375 260 2438 relicta,
303 2376 613 2442 praesertim
656 2376 706 2425 in
749 2393 803 2425 re
845 2375 1091 2441 religiosa
1132 2384 1183 2424 et
1226 2374 1437 2436 morali,
1495 2392 1524 2424 a
1564 2393 1691 2425 vero
1733 2375 1956 2427 aberret.

62 2540 118 2591 3.
235 2530 367 2579 Inde
416 2531 656 2597 sequitur
710 2531 760 2580 in
814 2530 1155 2596 Philosophia
1207 2529 1394 2580 morali
1449 2530 1726 2579 tractanda
1781 2529 1958 2596 plures

58 2628 260 2661 errores
299 2613 546 2663 vitandos
588 2630 729 2674 esse,
785 2630 1010 2679 quorum
1063 2612 1147 2662 alii
1184 2612 1292 2662 vim
1333 2612 1548 2661 rationis
1587 2612 1639 2661 in
1680 2629 1734 2661 re
1775 2611 1961 2662 morali

57 2703 413 2759 exaggerant,
456 2694 540 2744 alii
579 2712 706 2744 vero
748 2702 1038 2745 exlemcant
1074 2703 1237 2760 atque
1278 2694 1526 2744 abiciunt.

141 2819 181 2855 Ι.
225 2805 595 2873 &aggerant
630 2806 744 2855 vim
785 2806 1018 2856 rationis
1032 2826 1048 2856 :

133 2902 182 2966 a)
223 2901 482 2952 Asseclae
534 2902 772 2952 theoriae
812 2903 964 2970 juris
1014 2910 1244 2952 naturae
1272 2901 1413 2967 puri
1449 2901 1596 2967 quod
1637 2908 1858 2961 vocant,
1902 2907 1960 2950 ut

58 2983 96 3033 Ι.
140 2983 176 3032 Ι.
220 2983 497 3034 Rousseau
537 2983 746 3050 aliique,
790 2986 879 3051 qui
919 2984 1061 3034 nulla
1103 2984 1209 3033 fere
1250 2983 1454 3033 ratione
1495 2982 1676 3032 habita
1710 2982 1960 3032 historiae

57 3072 111 3114 et
165 3066 526 3131 experientiae
576 3083 721 3116 mere
771 3083 801 3116 a
853 3067 1013 3133 priori
1064 3083 1134 3115 ex
1184 3073 1372 3115 natura
1423 3066 1654 3114 humana
1695 3064 1960 3114 abstracta

249 3135 384 3142 m—-r-

58 3129 457 3214 Philosophiam
497 3147 753 3199 moralem
796 3156 965 3199 totam
1007 3148 1276 3198 deducere
1316 3146 1526 3209 volunt;

132 3243 189 3308 b)
229 3244 652 3315 qufzfonfllgglssq
687 3246 777 3311 qui
817 3246 962 3295 omni
1001 3244 1323 3295 revelatione
1355 3241 1739 3310 supernaturali
1767 3243 1960 3292 reiecta

60 3325 318 3375 rationem
358 3326 645 3378 humanam
686 3328 902 3378 unicum
929 3327 1037 3377 veri
1064 3335 1117 3377 et
1146 3326 1274 3387 falsi,
1317 3327 1444 3376 boni
1473 3333 1527 3375 et
1554 3323 1677 3374 mali
1702 3325 1959 3375 arbitrum

1639 3423 1654 3450 Ι
1679 3411 1701 3436 ²1⁶
