2182 3682
211 156 311 216 184
603 164 717 194 PARS
753 165 781 194 1.
833 165 1150 195 PHILOSOPHIA
1185 165 1394 195 MORALIS
1429 167 1707 197 GENERALIS.

202 302 325 367 quia
365 301 571 351 bonum
610 300 943 368 singulorum
984 303 1250 353 redundat
1289 303 1340 352 in
1369 302 1574 352 bonum
1600 303 1868 354 societatis
1896 312 1949 355 et
1974 305 2107 356 vice-

200 400 371 446 versa;
417 383 538 434 hinc
577 383 619 433 si
658 383 936 435 utilitatem
978 384 1142 435 affero
1178 385 1417 451 privatae
1444 402 1723 452 personae,
1765 385 1919 436 simul
1948 387 2107 438 etiam

200 465 442 516 societati
483 465 647 516 affero
689 465 1116 517 emolumentum
1158 466 1231 531 (S.
1285 466 1470 517 leom.
1514 467 1545 518 l.
1590 468 1673 532 c.).

279 568 481 621 Cm'oll.
526 585 572 620 2.
654 568 847 620 Omnes
887 571 1120 620 actiones
1170 570 1422 621 honestae
1462 589 1674 634 eorum,
1731 572 1821 640 qui
1871 573 1923 623 in
1965 590 2106 625 com-

201 653 457 702 munitate
499 652 673 719 aliqua
711 653 911 714 vivunt,
955 652 1060 703 hoc
1102 653 1235 720 ipso,
1280 653 1429 720 quod
1476 653 1735 705 honestae
1780 663 1916 717 sunt,
1959 657 2107 707 meri-

200 742 315 785 tum
380 735 580 785 habent
645 734 790 801 apud
855 743 1026 785 totam
1092 737 1558 799 communitatem;
1627 737 1910 803 perficiunt
1968 739 2109 788 enim

199 817 506 867 immediate
562 817 864 867 membrum
916 816 1135 884 aliquod
1192 819 1464 868 societatis
1513 819 1746 885 ideoque
1796 820 1849 870 in
1903 819 2109 871 bonum

199 899 468 950 societatis
510 899 826 950 redundant.

276 981 551 1032 Contraria
591 981 836 1032 obtinent
876 982 927 1031 in
970 982 1265 1032 actionibus
1306 982 1615 1033 inhoneslz's.

351 1150 379 1205 ξ
413 1163 451 1204 3.
501 1153 580 1192 DE
613 1153 918 1193 NATURALI
951 1153 1204 1193 HOMINIS
1238 1154 1465 1193 MERITO
1500 1155 1616 1193 VEL
1649 1154 1960 1195 DEMERITO

969 1222 1125 1260 APUD
1162 1221 1341 1261 DEUM.

862 1346 1130 1395 THESIS
1167 1347 1450 1394 XXXVII.

204 1455 349 1507 219.
434 1450 606 1500 Omni
644 1457 772 1498 actu
814 1450 1118 1499 inhonesto
1169 1451 1541 1508 demeritum,
1592 1458 1720 1500 actu
1769 1459 1961 1501 autem
2012 1453 2109 1500 ho-

202 1534 363 1575 nesto
403 1526 673 1574 meritum
713 1527 864 1587 apud
903 1527 1093 1573 Deum
1132 1526 1452 1588 acquiritur.

276 1633 363 1686 St.
422 1634 498 1702 Q.
588 1651 627 1686 Ι.
688 1635 781 1685 Ad
837 1636 1084 1686 meritum
1141 1637 1320 1687 stricte
1377 1637 1580 1687 dictum
1637 1638 1829 1704 requiri
1884 1637 2107 1698 videtur,

201 1729 257 1770 ut
300 1736 550 1785 persona,
596 1736 734 1785 quae
775 1719 960 1768 mereri
1005 1719 1215 1780 dicitur,
1259 1718 1458 1786 aliquid
1500 1719 1723 1782 habeat,
1767 1719 1916 1789 quod
1955 1737 2111 1789 suum

200 1819 392 1852 vocare
443 1801 613 1868 possit
665 1810 717 1851 et
770 1800 918 1867 quod
971 1800 1119 1851 alteri
1173 1802 1398 1852 reddere
1440 1803 1623 1852 stricto
1664 1803 1774 1853 iure
1815 1819 1923 1873 non
1963 1787 2108 1853 tene:

201 1893 333 1943 atur.
425 1883 512 1933 Ex
566 1884 670 1934 hoc
723 1883 1096 1934 Pufendorfius
1153 1883 1344 1950 aliique
1400 1884 1628 1934 inferunt
1684 1872 2155 1952 ῙῙΟῐΠίῐιὶξἶβῖιῖἱνὴ

201 1968 378 2017 Deum
431 1968 677 2017 meritum
730 1967 948 2017 omnino
1002 1983 1118 2016 esse
1171 1984 1278 2016 non
1320 1984 1495 2033 posse.
1578 1967 1763 2018 Homo
1806 1968 1946 2018 enim
1986 1966 2111 2017 nihil

200 2050 378 2111 habet,
423 2049 570 2116 quod
612 2066 642 2099 a
670 2049 791 2099 Deo
834 2066 940 2098 non
975 2050 1257 2115 acceperit,
1289 2058 1342 2099 et
1371 2049 1519 2099 cuius
1549 2050 1797 2100 dominus
1826 2050 1976 2100 Deus
2004 2067 2111 2100 non

200 2133 281 2194 sit,
326 2141 393 2194 et,
437 2131 698 2198 quidquid
740 2132 861 2181 Deo
903 2140 1171 2197 praestare
1213 2139 1407 2198 potest,
1452 2132 1573 2182 Deo
1617 2132 1860 2183 debitum
1902 2139 1996 2182 est.

277 2215 692 2281 Respondemus
733 2213 837 2263 hoc
880 2214 1096 2279 quidem
1139 2231 1323 2264 verum
1373 2231 1488 2264 esse
1530 2213 2108 2285 absoluteyloquendo,

202 2297 292 2348 scl.
336 2298 380 2347 si
434 2296 610 2346 solum
669 2297 721 2346 in
776 2296 1047 2347 abstracto
1105 2297 1471 2346 consideratur
1526 2296 1758 2347 hominis
1810 2297 1878 2347 ad
1930 2297 2110 2347 Deum

201 2379 400 2430 relatio.
470 2378 635 2428 Aliud
664 2395 789 2428 vero
820 2379 1124 2439 dicendum,
1168 2379 1211 2428 si
1239 2378 1404 2428 homo
1435 2380 1815 2441 consideratur,
1848 2387 2110 2452 quatenus

201 2480 232 2512 a
271 2463 392 2512 Deo
434 2463 485 2512 in
526 2461 913 2511 beatitudinem
954 2460 1331 2534 condicionate
1372 2454 1766 2528 assequendam
1820 2461 2108 2537 ordinatur,

201 2553 260 2594 ut
300 2562 370 2594 ex
410 2544 736 2610 argumentis
778 2543 996 2610 patebit.

202 2648 205 2650 ’
278 2641 324 2677 2.
385 2626 751 2692 Supponimus
807 2626 858 2674 in
912 2624 1048 2675 thesi
1099 2624 1373 2675 hominem
1429 2624 1576 2675 nullo
1628 2634 1856 2692 peccato
1896 2624 2109 2676 mortali

203 2709 520 2760 obstrictum
561 2725 677 2757 esse
717 2725 810 2757 seu
840 2724 947 2757 non
989 2708 1185 2757 versari
1212 2707 1262 2756 in
1303 2716 1444 2757 statu
1483 2708 1785 2758 inimicitiae
1814 2725 1936 2758 cum
1965 2707 2106 2758 Deo,

280 2805 325 2855 3.
385 2791 617 2857 Agimus
658 2791 725 2839 de
766 2789 882 2840 solo
924 2790 1113 2839 merito
1154 2790 1420 2851 naturali,
1462 2807 1570 2840 non
1611 2789 2014 2857 supernaturali.

207 2940 353 2981 220.
436 2939 602 2978 PARS
633 2939 665 2977 Ι.
734 2938 905 2988 Quoad
937 2939 1230 2977 demeritum.

281 3028 445 3075 Prob.
526 3026 861 3076 Demeritum
916 3027 1125 3077 actione
1181 3025 1463 3076 inhonesta
1503 3027 1649 3092 apud
1690 3025 1870 3076 Deum
1910 3025 2109 3091 acquiri

204 3117 367 3175 patet.
449 3107 556 3173 Qui
596 3108 735 3158 enim
776 3109 940 3159 libere
981 3109 1223 3158 ordinem
1265 3109 1367 3158 Dei
1406 3108 1665 3174 infringit,
1716 3125 1969 3174 supremo
2008 3124 2107 3157 suo
2148 3171 2150 3173 ‚

165 3246 168 3247 ⁷
207 3191 425 3241 domino
466 3191 778 3241 adversatur
818 3199 885 3252 et,
930 3199 1189 3256 quantum
1231 3208 1300 3240 ex
1339 3208 1396 3241 se
1438 3199 1543 3252 est,
1597 3189 1798 3240 malum
1838 3191 1885 3240 ei
1924 3190 2105 3259 infert;

205 3273 311 3323 hoc
352 3281 531 3323 autem
571 3291 635 3323 eo
676 3274 848 3339 magis
890 3280 1177 3339 repugnat,
1234 3290 1341 3338 quo
1394 3274 1562 3323 maior
1603 3280 1682 3323 est
1723 3272 1974 3323 distantia
2011 3288 2105 3322 seu

207 3354 552 3422 inaequalitas
592 3356 732 3406 inter
766 3355 944 3405 Deum
986 3361 1039 3405 et
1078 3354 1364 3405 hominem.
