2182 3682
208 166 279 226 46
614 174 728 203 PARS
763 175 791 203 1.
842 175 1159 204 PHILOSOPHIA
1193 176 1396 204 MORALIS
1431 176 1711 205 GENERALIS.

210 335 311 387 43.
392 325 453 375 II.
496 325 582 375 De
609 326 939 392 ignorantiae
966 327 1018 376 in
1046 326 1404 377 voluntarium
1433 326 1639 393 influxu
1661 327 1843 395 regula
1863 329 1930 378 sit
1958 328 2114 379 haec:

964 460 1234 509 THESIS
1271 462 1366 508 V1.

286 564 452 625 Quod
487 565 550 611 fit
588 580 653 612 ex
688 564 1001 626 ignorantia
1025 564 1348 622 invincibili,
1388 580 1494 614 nec
1518 566 1762 614 liberum
1790 580 1896 613 nec
1919 566 2117 614 volun-

205 639 412 686 tarium
452 646 537 687 est
573 642 894 687 secundum
932 639 1003 696 id,
1043 641 1195 701 quod
1219 640 1534 701 ignoratum
1574 643 1726 702 quod
1751 647 1939 688 autem
1964 641 2028 687 fit
2053 655 2119 688 ex

205 713 516 774 ignorantia
551 714 823 771 vincibili,
875 722 961 762 est
995 715 1381 762 voluntarium
1421 722 1476 763 et
1522 715 1766 763 liberum
1814 716 2019 763 saltem
2060 715 2116 762 in

207 802 392 835 causa.

281 885 446 932 Prob.
487 883 635 955 Pars
673 884 719 934 J.
800 883 967 950 Quod
1023 885 1082 935 fit
1133 904 1202 935 ex
1242 886 1544 952 ignorantia
1584 886 1918 947 invincibili,
1969 885 2115 936 nullo

205 968 371 1017 modo
414 957 760 1032 cognoscitur
799 985 897 1018 nec
940 969 1197 1034 cognosci
1237 969 1424 1036 potuit.
1481 969 1653 1035 Atqui
1678 969 1916 1035 cognitio
1945 986 2117 1019 essen-

204 1049 395 1099 tialiter
435 1050 714 1115 requiritur
754 1051 821 1100 ad
862 1050 1235 1101 voluntarium.
1299 1049 1409 1102 Sed
1452 1052 1666 1102 additur
1706 1051 2002 1102 secundum
2043 1051 2114 1112 id,

206 1131 352 1197 quod
391 1132 681 1198 ignoratur,
726 1133 847 1198 quia
875 1133 1001 1182 nihil
1042 1134 1281 1199 impedit,
1327 1134 1613 1200 quominus
1653 1134 1842 1184 eadem
1868 1134 2012 1184 actio
2040 1151 2116 1184 se-

206 1214 441 1263 cundum
470 1214 625 1264 aliam
655 1215 915 1265 rationem
946 1217 1188 1282 operanti
1217 1218 1489 1281 cognitam
1516 1217 1583 1266 sit
1608 1215 1919 1278 voluntaria,
1949 1217 2115 1266 immo

205 1296 310 1346 hoc
350 1297 400 1346 in
443 1298 588 1346 omni
628 1304 748 1347 actu
790 1297 1042 1358 humano,
1087 1299 1177 1363 qui
1211 1315 1277 1348 ex
1306 1299 1606 1364 ignorantia
1633 1298 1860 1364 ponitur,
1904 1298 2112 1349 accidit.

279 1393 428 1443 Pars
466 1393 540 1443 [J.
613 1394 776 1460 Quod
820 1394 879 1444 fit
916 1411 984 1444 ex
1011 1395 1312 1460 ignorantia
1339 1394 1601 1457 vincibili,
1645 1395 1830 1445 debuit
1859 1395 2117 1461 cognosci

206 1486 259 1526 et
309 1478 490 1542 aliquo
532 1477 698 1527 modo
741 1478 1017 1543 cognitum
1059 1477 1152 1526 suit
1204 1478 1255 1527 in
1297 1495 1459 1527 causa
1500 1477 1796 1528 voluntarie
1848 1486 1901 1528 et
1952 1477 2116 1528 libere

205 1560 406 1625 posita,
462 1558 583 1610 licet
635 1559 720 1610 hic
773 1569 825 1609 et
877 1577 1017 1609 nunc
1069 1569 1193 1610 actu
1235 1578 1343 1609 non
1385 1569 1760 1626 cognoscatur.
1842 1559 1990 1626 Ergo
2032 1570 2114 1610 est

203 1640 382 1708 aliquo
424 1642 590 1692 modo
619 1641 975 1692 voluntarium
1017 1642 1071 1691 in
1113 1642 1244 1702 alie,
1286 1651 1339 1692 et
1380 1643 1599 1709 quidem
1628 1643 1800 1709 magis
1826 1642 1909 1693 vel
1938 1642 2113 1692 minus

203 1741 300 1790 pro
343 1725 512 1790 gradu
553 1723 927 1790 neglegentiae
967 1725 1019 1774 in
1061 1724 1380 1774 adhibendis
1415 1725 1604 1775 mediis
1632 1725 1700 1775 ad
1730 1725 2111 1792 deponendam

202 1806 556 1872 ignorantiam
599 1807 879 1872 admissae.

206 1958 309 2011 44.
395 1945 594 1998 Cel'ell.
623 1964 669 1998 J.
713 1949 860 2014 Ergo
883 1949 1181 2015 ignorantia
1203 1948 1536 1998 invincibilis
1556 1948 1869 1998 antecedens
1890 1948 2109 1997 omnino

163 2026 429 2080 'excusat
483 2048 513 2080 a
568 2040 823 2098 peccam,
881 2032 991 2081 sive
1042 2033 1109 2081 sit
1160 2032 1460 2097 ignorantia
1514 2031 1635 2081 facti
1688 2032 1797 2081 sive
1849 2030 1999 2090 iuris,
2057 2038 2111 2080 et

205 2113 422 2178 quidem
462 2114 572 2163 sive
611 2114 735 2163 iuris
776 2114 936 2163 divini
978 2114 1087 2164 sive
1127 2114 1360 2164 humani.

283 2207 481 2259 Coroll.
540 2225 587 2259 2.
669 2210 977 2276 Ignorantia
1030 2209 1301 2260 vincibilis
1355 2218 1407 2259 cl
1459 2209 1746 2275 culpabilis
1800 2209 2111 2261 antecedens

203 2291 539 2358 aliquatenus
592 2293 777 2342 minuit
816 2291 1201 2354 voluntarium,
1258 2302 1310 2342 et
1363 2293 1581 2358 quidem
1633 2309 1699 2342 eo
1751 2293 1947 2358 magiS,
2001 2309 2110 2358 quo

200 2375 372 2425 minor
412 2383 493 2424 est
533 2374 730 2441 gradus
771 2375 1035 2425 admissae
1076 2374 1465 2441 neglegentiae.

277 2469 451 2520 Schol.
535 2470 848 2536 Quaeritur,
904 2473 1185 2539 quomodo
1240 2473 1565 2537 ignorantia,
1621 2480 1811 2538 utpote
1864 2472 2104 2538 privati0‚

199 2553 369 2619 possit
421 2553 523 2603 dici
564 2571 727 2604 causa
769 2554 1023 2605 actionis?
1100 2555 1263 2620 Resp.
1345 2554 1653 2620 Ignorantia
1693 2563 1773 2604 est
1813 2570 1973 2604 causa
1999 2562 2109 2619 per

200 2634 444 2684 accidens
482 2653 575 2685 seu
617 2654 895 2686 removens
918 2636 1217 2702 prohibens
1259 2635 1335 2699 (S.
1377 2635 1426 2685 T
1424 2636 1564 2686 lieni.
1602 2651 1643 2697 Ι,
1678 2650 1725 2697 2,
1757 2654 1806 2702 q.
1841 2637 1926 2700 76,
1957 2653 2002 2686 a.
2041 2636 2104 2699 Ι),

200 2718 323 2783 quia
365 2717 613 2779 occultat,
659 2735 797 2784 quae
838 2720 888 2768 in
931 2719 1145 2768 obiecto
1187 2718 1449 2768 voluntati
1490 2718 1788 2784 displicent.

283 2837 384 2877 Obi.
419 2837 581 2876 centra
615 2831 688 2877 ll.
717 2837 851 2893 part.
922 2830 1268 2877 Voluntarium
1304 2839 1401 2888 est,
1441 2830 1576 2891 quod
1612 2830 1840 2892 procedit
1876 2847 1905 2877 a
1941 2830 2108 2892 cogni-

198 2900 348 2951 tione.
421 2906 575 2967 Atqui
607 2906 744 2967 quod
779 2907 832 2952 fit
868 2921 929 2953 ex
964 2905 1270 2967 ignorantia,
1319 2920 1421 2952 non
1458 2904 1686 2966 procedit
1727 2921 1755 2951 a
1804 2905 2104 2967 cognitione.

198 2979 335 3038 Ergo
370 2995 474 3026 non
512 2988 584 3027 est
619 2980 963 3027 voluntarium.

277 3078 428 3126 Resp.
480 3069 613 3116 Cenc.
641 3071 749 3116 mai.
791 3071 922 3117 Dz'st.
953 3070 1062 3116 min.
1083 3087 1096 3116 .·
1132 3069 1283 3129 Quod
1318 3069 1371 3116 fit
1407 3084 1468 3116 ex
1501 3068 1782 3129 ignorantia
1817 3068 2104 3126 invincibili,

198 3158 342 3199 conc„
398 3145 535 3204 quod
581 3145 633 3190 fit
679 3159 740 3191 ex
785 3144 1066 3205 ignorantia
1112 3143 1356 3200 vincibili,
1405 3144 1626 3190 sublim.-
1675 3159 1779 3190 non
1814 3143 2044 3206 procedit
2078 3159 2107 3190 a
2156 3140 2161 3143 ’

199 3217 508 3278 cognitione,
548 3233 647 3279 qua
683 3235 760 3266 res
795 3219 847 3266 in
884 3235 935 3266 se
971 3219 1078 3281 ipsa
1115 3217 1444 3279 cognoscitur,
1482 3233 1627 3274 conc„
1676 3233 1779 3265 non
1815 3217 2044 3280 procedit
2078 3233 2107 3263 a

199 3292 485 3352 cognitione
533 3308 710 3340 causae
759 3294 855 3351 rei,
910 3293 960 3340 in
1009 3308 1107 3354 qua
1153 3293 1325 3339 saltem
1373 3292 1578 3339 confuse
1625 3291 1791 3353 aliquo
1838 3293 1992 3340 modo
2023 3307 2111 3339 res·

200 3367 529 3426 cognoscitur,
567 3382 694 3427 nege.
