2182 3682
358 162 443 191 LIB.
478 161 505 189 Ι.
553 160 652 190 ΟΑΡ.
688 160 715 189 Ι.
761 159 823 188 DE
855 158 1053 188 OFF1C11S
1090 158 1289 186 HOMINIS
1324 158 1449 185 ERGA
1483 158 1629 188 DEUM.
1839 158 1939 208 223

50 299 172 348 vino
224 297 601 347 dedicatarum.
682 295 958 344 Praeterea
1009 292 1324 342 secundario
1372 292 1439 340 ad
1491 300 1641 340 actus
1682 290 1948 356 religionis

53 378 356 430 immediate
397 378 686 443 imperatos
728 376 992 442 pertinent
1031 375 1382 423 iuramentum
1423 380 1475 422 et
1513 381 1714 422 votum.
1771 373 1827 421 In
1868 372 1948 421 his

53 461 259 512 actibus
299 460 604 508 immediate
645 457 914 524 imperatis
955 457 1116 505 virtus
1168 454 1435 520 religionis
1485 455 1595 503 sine
1635 454 1949 503 intermedio

53 542 262 592 alterius
302 541 505 590 virtutis
547 548 729 589 movet
781 536 1110 588 intellectum
1150 536 1233 586 vel
1274 536 1401 585 alias
1454 534 1730 585 facultates
1770 535 1839 584 ad
1879 552 1950 583 re-

51 624 341 674 verentiam
397 629 450 671 et
505 621 893 671 subiectionem
947 619 1070 669 Deo
1127 618 1504 668 exhibendam.
1597 615 1651 666 S.
1717 616 1952 665 Thomas

54 706 122 769 (2,
157 718 204 763 2,
235 721 285 769 q.
319 705 402 763 81,
433 719 478 752 a.
518 717 536 751 Ι
572 703 639 751 ad
678 703 722 765 Ι)
752 702 850 751 hos
878 710 1028 751 actus
1056 700 1361 749 immediate
1389 699 1675 763 imperatos
1712 706 1953 746 numerat

53 788 187 836 inter
237 794 385 835 actus
436 784 703 849 religionis
754 783 981 843 elicitos,
1037 782 1183 848 quod
1236 799 1344 830 non
1394 781 1468 830 sic
1516 778 1950 845 intellegendum,

56 869 204 934 quasi
230 866 475 916 voluntas
503 867 617 932 ipsa
645 883 767 915 cum
796 865 980 915 habitu
1009 863 1275 929 religionis
1304 879 1396 912 eos
1425 861 1612 921 eliciat,
1655 861 1749 911 sed
1779 860 1953 910 solum

55 949 317 1015 significat
356 947 473 998 illos
513 956 661 997 actus
702 964 809 997 non
850 947 961 996 fieri
1001 946 1267 995 mediante
1308 944 1408 994 alia
1446 944 1652 993 virtute.

59 1085 206 1139 275.
288 1074 462 1124 Sahal.
518 1088 567 1123 2.
649 1072 841 1123 Officia
893 1089 1018 1137 erga
1070 1072 1247 1120 Deum
1301 1088 1394 1120 seu
1448 1069 1694 1134 religiosa
1745 1066 1956 1132 reliquis

57 1158 242 1208 officiis
294 1156 455 1222 longe
507 1164 774 1221 praestare
816 1154 1094 1204 deducitur
1142 1168 1182 1203 Ι.
1227 1171 1296 1202 ex
1337 1170 1428 1213 eo,
1484 1151 1630 1217 quod
1672 1149 1958 1207 fundantur

55 1241 107 1290 in
148 1239 427 1299 relatione,
483 1254 619 1304 quae
660 1238 793 1287 inter
832 1254 1020 1287 omnes
1062 1234 1343 1285 relationes
1383 1234 1613 1283 hominis
1653 1242 1733 1282 est
1774 1231 1958 1281 ordine

57 1322 240 1388 prima.
297 1321 437 1370 Nam
479 1337 665 1369 omnes
706 1319 837 1368 aliae
878 1318 1160 1368 relationes
1200 1317 1390 1367 saltem
1431 1317 1632 1366 ratione
1673 1314 1814 1381 prius
1841 1331 1956 1379 sup-

57 1409 263 1470 ponunt
302 1403 470 1468 ipsam
513 1411 752 1451 naturam
782 1402 1154 1463 exsistentem;
1199 1399 1382 1449 relatio
1412 1416 1536 1449 vero
1567 1396 1958 1463 dependentiae

58 1503 89 1536 a
128 1485 250 1535 Deo
291 1486 342 1534 in
383 1486 497 1551 ipsa
549 1485 750 1534 ratione
803 1492 1020 1533 naturae
1063 1490 1271 1533 creatae
1313 1490 1369 1531 ut
1410 1482 1543 1531 entis
1585 1479 1955 1544 contingentis,

59 1568 357 1635 participati
398 1576 496 1617 etc.
541 1567 847 1616 immediate
889 1566 1211 1627 continetur3
1270 1578 1315 1614 2.
1361 1582 1429 1613 ex
1470 1581 1551 1624 eo,
1595 1562 1742 1629 quod
1785 1560 1959 1610 officia

59 1668 124 1700 eo
151 1659 273 1700 sunt
312 1650 713 1716 praestantiora,
758 1666 864 1714 quo
894 1648 1064 1712 magis
1091 1647 1396 1697 immediate
1423 1662 1688 1695 summum
1730 1643 1959 1693 hominis

60 1733 261 1782 bonum
314 1732 600 1797 respiciunt
652 1740 704 1780 et
755 1730 1025 1780 hominem
1078 1730 1145 1778 ad
1198 1728 1442 1778 ultimum
1493 1727 1652 1777 finem
1696 1726 1956 1775 ordinant.

57 1815 165 1864 Iam
218 1831 344 1864 vero
395 1813 511 1863 sola
561 1812 735 1863 officia
787 1812 1031 1878 religiosa
1082 1811 1310 1861 hominis
1363 1810 1603 1860 ultimum
1656 1808 1816 1858 finem
1869 1808 1957 1856 in]-

60 1897 291 1946 mediate
332 1904 384 1946 et
426 1896 624 1945 directe
666 1896 966 1961 respiciunt.

133 1978 308 2028 Schol.
345 1993 400 2042 3.
459 1977 732 2028 Genuinae
773 1977 1012 2043 religioni
1054 1977 1344 2042 opponitur
1392 1989 1431 2025 Ι.
1475 1973 1797 2039 εῑφεηίίῖἱθ,
1840 1973 1868 2022 i.
1914 1989 1957 2021 e.

59 2060 230 2112 cultus
289 2060 562 2126 religiosus
619 2061 851 2110 vitiosus.
949 2058 1265 2124 Superstitio
1325 2056 1407 2107 vel
1469 2056 1666 2106 cultum
1707 2056 1961 2124 ‚divinum

60 2143 310 2194 creaturis
351 2142 572 2192 exhibet
610 2141 694 2192 vel
724 2143 845 2192 Deo
888 2141 1089 2192 cultum
1130 2158 1238 2190 non
1281 2140 1463 2189 debito
1493 2139 1658 2188 modo
1699 2146 1960 2204 praestat;

62 2239 108 2276 2.
152 2225 570 2290 irrelzgl'osilas,
614 2241 749 2291 quae
791 2232 870 2273 est
909 2224 1243 2273 irreverentia
1287 2220 1545 2288 specialis,
1589 2221 1710 2269 Deo
1752 2218 1834 2269 vel
1876 2219 1963 2268 im-

60 2308 291 2357 mediate
332 2307 383 2356 in
424 2324 481 2356 se
520 2306 603 2356 vel
647 2307 879 2356 mediate
919 2306 970 2355 in
1023 2305 1264 2371 personis
1306 2313 1397 2354 aut
1448 2304 1604 2353 rebus
1642 2303 1819 2352 sacris.
1843 2303 1963 2351 irro-

63 2397 188 2456 gata
229 2388 304 2454 (S.
359 2389 543 2439 Tlmm.
590 2402 636 2449 2,
684 2402 730 2449 2,
774 2406 824 2454 q.
877 2401 973 2437 102
1004 2388 1142 2454 sqq).

765 2543 1033 2591 THESIS
1071 2543 1270 2590 XLVI.

69 2645 212 2710 276.
282 2655 503 2712 Homo,
555 2669 726 2716 quam
764 2655 1017 2715 primum
1057 2654 1246 2700 Deum
1286 2651 1572 2713 cognovit,
1609 2657 1835 2699 tenetur
1871 2664 1966 2697 eas

67 2730 324 2777 notiones
383 2729 698 2791 acquirere,
761 2743 903 2790 quae
964 2727 1314 2776 necessariae
1374 2733 1507 2774 sunt
1565 2727 1634 2773 ad
1695 2726 1967 2786 explenda

68 2803 248 2852 officia
283 2819 401 2851 sua.

141 2916 306 2963 Prob.
373 2914 457 2963 Ex
498 2913 805 2979 cognitione
845 2913 1188 2963 elementaria
1228 2920 1280 2962 et
1322 2911 1480 2961 obvia
1520 2911 1621 2959 Dei
1661 2909 1967 2959 immediate

68 2996 333 3046 derivatur
360 2995 636 3061 obligatio,
669 3013 790 3045 eum
813 3004 871 3045 ut
899 3013 993 3045 ens
1013 3011 1321 3061 supremum
1343 3002 1395 3043 et
1424 2992 1701 3042 dominum
1730 3000 1967 3041 nostrum

69 3078 340 3128 reverendi
380 3078 532 3144 eique
583 3078 858 3128 serviendi.
940 3077 1051 3126 Iam
1090 3094 1216 3126 vero
1258 3093 1327 3125 ex
1378 3075 1478 3124 hac
1526 3073 1854 3139 obligatione
1893 3090 1968 3122 se-

70 3160 242 3225 quitur
292 3159 509 3210 ulterior
561 3159 820 3225 obligatio
876 3159 1243 3224 cognoscendi
1295 3158 1498 3217 omnia,
1557 3173 1691 3221 quae
1744 3155 1812 3204 ad
1864 3155 1969 3205 hoc

70 3240 306 3292 officium
354 3240 686 3308 implendum
737 3241 1032 3291 necessaria
1081 3249 1220 3290 sunt.
1312 3240 1452 3289 Nam
1504 3238 1592 3303 qui
1642 3245 1850 3287 tenetur
1899 3237 1968 3286 ad

72 3321 247 3385 finem,
291 3332 498 3374 tenetur
537 3324 696 3373 etiam
737 3324 805 3374 ad
847 3323 1023 3373 media
1063 3321 1373 3372 necessaria.
1454 3319 1607 3384 Ergo
1641 3361 1647 3368 .
1683 3362 1690 3369 .
1727 3361 1734 3368 .
