2182 3682
218 183 318 247 136
617 194 729 223 PARS
764 194 792 223 Ι.
845 193 1159 223 PHILOSOPHIA
1193 194 1394 223 MORALIS
1429 194 1712 224 GENERALIS.

208 339 355 392 atque
405 329 552 377 etiam
598 329 648 376 in
695 329 964 377 infantibus
1011 338 1060 377 et
1105 331 1381 378 amentibus
1424 331 1677 393 reperitur.
1749 333 1838 378 Est
1872 330 2005 378 enim
2040 332 2119 379 lex

209 405 441 452 naturalis
478 421 581 452 non
617 413 716 451 tam
751 406 831 452 lex
866 404 1107 452 individui
1143 421 1294 465 quam
1329 406 1407 452 lex
1442 405 1592 467 ipsius
1624 414 1828 453 naturae
1853 405 2117 465 rationalis,

210 495 337 541 quae
374 480 515 540 quasi
547 479 823 541 proprietas
861 479 1107 540 quaedam
1145 480 1209 526 ad
1234 480 1335 527 eius
1361 480 1692 542 integritatem
1717 480 1943 542 pertinet.
1993 481 2120 529 Cum

208 569 328 616 ergo
364 554 576 601 infantes
613 562 661 601 et
697 563 917 601 amentes
953 562 1158 615 propter
1194 570 1330 602 suam
1366 563 1591 602 naturam
1617 555 1908 602 rationalem
1934 554 2122 603 subsint

208 628 305 690 legi
341 627 562 686 naturali,
601 628 700 675 iam
726 643 785 675 ex
809 629 904 675 hac
930 629 1034 676 sola
1058 629 1249 676 ratione
1275 644 1374 676 non
1403 629 1519 677 licet
1543 645 1629 677 eos
1654 645 1930 691 provocare
1957 631 2021 677 ad
2045 646 2122 677 ac-

211 703 386 760 tiones,
415 718 541 763 quae
569 703 716 750 etiam
744 703 848 749 sine
876 703 1184 750 advertentia
1210 703 1368 751 factae
1394 704 1609 752 retinent
1633 712 1785 751 totam
1805 720 1941 751 suam
1960 703 2122 752 obiec-

208 777 357 824 tivam
376 776 745 839 turpitudinem,
773 786 979 839 propter
997 794 1145 839 quam
1164 779 1502 839 prohibentur,
1530 796 1572 826 v.
1593 795 1638 840 g.
1659 779 1723 825 ad
1741 778 2122 827 fornicationem
2181 788 2182 793 ’

207 853 286 899 vel
311 851 686 914 blasphemiam.
738 848 831 913 (Cf.
859 853 914 898 de
939 853 1091 913 Lnga,
1120 855 1197 900 De
1223 854 1494 916 poenitent.
1523 854 1647 916 disp.
1682 856 1754 912 16,
1792 871 1840 902 n.
1873 856 1964 901 206
1991 850 2121 916 sqq.)

289 949 391 989 Obi.
421 961 464 998 3·
533 943 668 988 Deus
704 941 755 988 in
792 942 1067 990 actionibus
1116 943 1179 990 ad
1221 952 1358 991 extra
1395 952 1467 991 est
1501 943 1791 992 liberrimus.
1863 944 2002 1004 Ergo
2037 959 2124 1005 po-

208 1015 296 1063 tuit
332 1032 435 1063 non
474 1016 601 1064 ferre
638 1017 797 1078 legem
836 1019 1126 1065 naturalem.

288 1107 438 1155 Resp.
510 1098 642 1144 Dz‘st.
683 1104 860 1145 amec..-
898 1100 985 1146 Est
1020 1099 1297 1147 liberrimus
1333 1099 1383 1146 in
1422 1100 1659 1160 creando,
1697 1116 1833 1157 ama,
1872 1099 2124 1162 supposita

209 1173 458 1219 voluntate
496 1171 700 1219 creandi
725 1172 980 1220 hominem
1008 1174 1094 1221 fuit
1119 1174 1245 1222 liber
1269 1176 1320 1221 in
1346 1175 1455 1236 lege
1483 1175 1647 1223 eidem
1672 1191 1776 1222 non
1801 1173 2121 1236 imponenda,

209 1262 336 1307 nego.
410 1246 647 1306 Quamvis
693 1247 745 1293 in
781 1249 892 1295 Deo
942 1264 1044 1295 non
1092 1250 1234 1296 detur
1280 1250 1548 1297 necessitas
1595 1250 1818 1297 absoluta
1866 1249 1929 1296 ad
1973 1258 2122 1307 extra,

209 1331 375 1369 tamen
413 1322 554 1368 datur
590 1323 857 1369 necessitas
893 1323 1227 1385 hypothetica,
1268 1324 1509 1385 quatenus
1545 1324 1798 1386 supposita
1831 1340 1931 1371 una
1958 1324 2126 1371 volun-

207 1405 306 1443 tate
342 1396 629 1444 necessitari
664 1406 825 1457 potest
862 1398 925 1444 ad
963 1399 1109 1445 aliam
1148 1395 1212 1461 (S.
1260 1399 1451 1456 Thoan„
1502 1400 1556 1447 C.
1596 1408 1728 1461 gent.
1768 1400 1797 1446 1.
1842 1416 1893 1458 1,
1944 1415 1986 1446 c.
2026 1394 2121 1460 83).

209 1473 353 1518 Haec
390 1486 539 1532 porro
576 1472 842 1518 necessitas
879 1473 1198 1533 hypothetica
1233 1474 1284 1521 in
1313 1475 1424 1521 Deo
1461 1491 1563 1521 non
1600 1473 1830 1536 provenit
1866 1489 1926 1521 ex
1961 1473 2126 1534 aliqua

208 1547 343 1607 lege,
394 1545 483 1593 sed
531 1561 590 1593 ex
636 1545 786 1608 ipsius
834 1546 1022 1594 infinita
1070 1549 1391 1610 perfectione.
1466 1549 1515 1596 Si
1551 1550 1652 1596 vult
1688 1550 1751 1596 ad
1788 1557 1924 1596 extra
1959 1564 2125 1610 agere,

207 1636 311 1667 non
348 1629 510 1682 potest
544 1636 647 1667 non
684 1621 933 1683 sapienter
970 1631 1017 1670 et
1054 1633 1223 1671 sancte
1261 1638 1423 1686 agere.

953 1764 1282 1805 ARTICULUS
1314 1766 1367 1804 II.

321 1858 412 1903 DE
449 1857 794 1905 PRINCIPIO
835 1860 1325 1908 OBLIGATIONIS
1364 1863 1562 1909 LEGIS
1600 1860 2012 1908 NATURALIS.

211 1952 477 2006 (Tongiofgi,
526 1954 682 1993 Philos.
729 1956 873 1995 moral.
919 1970 958 1995 n.
1010 1967 1103 2005 191.
1167 1958 1334 2010 stleycr,
1380 1958 1561 1998 Institut.
1608 1959 1681 1999 iur.
1728 1966 1810 1998 nat.
1855 1959 1898 2008 I,
1945 1971 1984 1997 n.
2021 1957 2119 2009 256.

588 2022 792 2073 Schl'ffim',
826 2023 1039 2075 Disputat.
1074 2024 1227 2076 philos.
1262 2025 1407 2065 moral.
1443 2039 1483 2064 n.
1525 2036 1603 2075 139
1628 2023 1741 2078 sqq.)

217 2121 358 2186 158.
440 2124 604 2191 Legis
645 2125 866 2176 effectus
908 2126 1141 2177 formalis
1170 2135 1250 2177 est
1291 2128 1564 2193 obligatio.
1636 2127 1913 2195 Obligatio
1941 2135 2120 2177 autem

209 2223 239 2254 a
279 2205 497 2271 ligando
540 2207 683 2257 dicta
721 2208 899 2258 ideam
941 2210 1218 2259 cuiusdam
1258 2209 1519 2276 ligaminis
1558 2228 1655 2278 per
1683 2210 1860 2277 legem
1887 2209 2122 2276 impositi

212 2287 447 2338 exhibet.
528 2289 598 2339 Et
651 2291 905 2356 quoniam
956 2290 1135 2357 legem
1176 2292 1472 2342 naturalem
1512 2292 1690 2359 legem
1730 2293 1964 2343 divinam
2004 2309 2120 2342 esse

211 2370 572 2435 probavimus,
617 2370 784 2438 liquet
825 2373 1063 2423 eiusdem
1105 2373 1490 2440 obligationem
1529 2391 1559 2425 a
1587 2375 1708 2425 Deo
1738 2375 1975 2425 derivari.
2044 2374 2120 2425 Ut

209 2460 389 2501 tamen
441 2453 574 2503 haec
613 2455 807 2504 veritas
859 2456 1168 2520 gravissima
1220 2457 1391 2522 magis
1442 2466 1625 2524 pateat
1676 2467 1729 2508 et
1777 2456 2119 2523 obligationis

209 2542 394 2584 natura
435 2536 729 2586 accuratius
770 2536 1082 2600 declaretur,
1125 2546 1441 2604 sequentem
1481 2539 1675 2589 thesim
1713 2539 2008 2590 statuimus,

908 2691 1176 2741 THESIS
1213 2694 1414 2741 XXIV.

218 2794 358 2848 159·
440 2793 717 2855 Obligatio
755 2795 893 2857 legis
930 2796 1200 2844 naturalis
1237 2811 1342 2845 nec
1381 2812 1422 2845 1.
1463 2812 1527 2845 ex
1560 2798 1863 2845 dictamine
1888 2797 2118 2845 rationis

208 2867 488 2927 practicae
535 2875 905 2927 autonomae,
960 2885 1066 2919 nec
1114 2886 1157 2919 2.
1209 2886 1274 2919 ex
1322 2872 1713 2920 convenientia
1759 2873 1850 2920 vel
1898 2872 2116 2920 discon-

208 2941 490 2989 venientia
526 2943 761 2991 actionis
799 2959 931 2992 cum
971 2953 1170 2993 natura
1206 2946 1454 2994 hominis
1499 2947 1778 3004 rationali,
1829 2962 1935 2994 nec
1969 2961 2014 3008 3.
2053 2961 2119 2993 ex

211 3016 493 3064 essentiali
542 3032 735 3065 rerum
785 3019 982 3067 ordine
1031 3020 1335 3068 ultimatim
1383 3020 1562 3082 repeti
1609 3023 1977 3082 potestffsed
2013 3021 2116 3068 im-

211 3090 456 3138 mediate
493 3091 670 3139 oritur
707 3107 772 3140 ex
807 3095 1096 3142 voluntate
1134 3095 1254 3143 Dei.

287 3189 377 3242 St.
411 3190 486 3259 Q.
555 3193 746 3246 Thesis
784 3198 1021 3248 continet
1049 3207 1304 3264 quattuor
1330 3206 1533 3265 partes:
1577 3200 1628 3249 in
1657 3200 1824 3250 tribus
1851 3200 2117 3267 prioribus

211 3275 453 3325 reicimus
475 3275 632 3327 falsas
653 3280 991 3344 quorundam
1013 3280 1307 3346 opiniones,
1337 3282 1388 3331 in
1413 3290 1599 3348 quarta
1620 3299 1799 3332 veram
1819 3282 2117 3333 stabilimus

210 3365 541 3407 sententiam.
