2182 3682
602 182 756 210 CAPUT
790 182 830 210 v,
882 181 943 209 nr:
977 180 1097 208 LEGE
1132 179 1389 209 NATURALL
1848 171 1944 232 163

53 319 380 374 conscientia,
419 317 702 379 simpliciter
739 325 810 364 est
846 334 874 363 a
909 318 1018 377 lege
1054 317 1295 363 humana»
1339 311 1554 376 (Suarez,
1594 319 1671 363 De
1708 318 1798 377 ieg.
1838 319 1865 363 l.
1906 334 1949 377 3,

54 411 93 441 c.
137 410 210 450 22,
248 409 296 439 n.
337 388 398 452 7).

130 475 211 521 Ad
240 490 281 520 2.
333 474 463 520 Dist.
484 490 497 518 .·
533 472 903 533 Obligationem
928 471 1060 517 illam
1086 486 1191 519 esse
1218 472 1487 517 naturalem
1514 471 1779 528 reductive,
1817 464 1950 526 cani„

53 547 335 595 immediate
373 555 421 594 et
456 547 694 608 proxime,
732 562 860 606 wege.

347 712 375 767 ἓ
410 726 447 754 2.
499 715 577 753 DE
610 714 1109 753 PROPRIETATIBUS
1143 713 1313 752 LEGIS
1347 713 1665 753 POSITIVAE.

749 845 1016 894 THESIS
1052 846 1253 892 XXXI.

62 960 201 1013 193.
284 958 402 1004 Lex
451 956 717 1018 positiva,
779 963 840 1003 ut
892 956 1123 1017 obliget,
1186 956 1353 1003 debet
1414 970 1538 1003 esse
1602 970 1642 1003 1.
1697 957 1952 1012 honesta,

59 1047 102 1080 2.
139 1031 300 1087 iusta,
339 1046 383 1092 3.
420 1030 718 1092 possibiliS.

445 1131 510 1184 (S.
552 1134 692 1172 Tllom.
732 1144 764 1181 1,
802 1143 838 1178 2,
875 1148 914 1184 q.
951 1141 1018 1184 95,
1054 1147 1089 1172 a.
1126 1143 1148 1182 3
1183 1140 1224 1171 et
1257 1147 1295 1184 q.
1333 1133 1400 1181 96,
1436 1147 1470 1170 a.
1506 1130 1570 1183 4.)

132 1240 221 1293 St.
266 1239 343 1308 Q.
422 1240 622 1292 Sensus
674 1249 779 1292 est:
835 1240 888 1292 Si
940 1258 1044 1291 una
1091 1259 1160 1291 ex
1212 1242 1291 1291 his
1344 1242 1748 1292 condicionibus
1789 1243 1954 1303 deest,

56 1324 143 1375 lex
183 1341 252 1374 ex
291 1341 348 1374 se
389 1331 469 1373 est
508 1323 752 1385 invalida,
796 1341 970 1390 neque
1010 1324 1057 1374 ei
1098 1341 1192 1390 per
1231 1341 1287 1373 se
1329 1324 1585 1374 oboedire
1626 1332 1881 1374 tenemur.

130 1429 296 1476 Prob.
336 1434 391 1475 et
428 1428 620 1489 explic.
703 1442 743 1478 Ι.
787 1428 906 1477 Lex
947 1428 1174 1493 positiva
1216 1428 1379 1478 debet
1416 1445 1530 1478 esse
1570 1427 1807 1490 limesia,
1850 1429 1879 1477 i.
1911 1446 1954 1479 e.

57 1508 183 1567 nulli
211 1508 315 1575 legi
343 1508 515 1559 altiori
544 1526 855 1575 repugnare,
886 1509 995 1558 sive
1023 1509 1155 1559 haec
1184 1509 1270 1559 lex
1299 1508 1453 1560 altior
1479 1511 1544 1559 sit
1573 1509 1661 1560 lex
1688 1510 1961 1559 naluralis

57 1592 165 1641 sive
205 1591 464 1657 positiva.
555 1591 695 1640 Nam
747 1592 796 1655 a)
848 1591 889 1639 si
943 1598 1206 1657 repugnat
1256 1591 1370 1656 legi
1419 1592 1690 1652 nalzm‘ali,
1749 1609 1829 1641 res
1880 1600 1961 1641 est

59 1672 291 1723 evidens.
373 1671 648 1738 Obligatio
691 1673 830 1721 enim
871 1673 1042 1722 omnis
1084 1682 1163 1722 est
1203 1690 1233 1722 a
1274 1672 1549 1724 voluntate
1590 1674 1779 1724 divina.
1861 1674 1962 1723 Re-

60 1761 266 1821 pugnat
305 1762 484 1803 autem
511 1754 689 1803 Deum
718 1771 816 1804 nos
857 1753 1020 1803 libere
1063 1772 1156 1820 per
1196 1754 1372 1820 legem
1413 1756 1695 1821 positivam
1724 1755 1961 1821 obligare

60 1836 128 1886 ad
184 1835 406 1901 aliquid,
468 1836 617 1901 quod
677 1834 796 1901 lege
855 1836 1074 1885 naturali
1135 1838 1433 1886 necessario
1493 1837 1756 1903 prohibet.
1853 1836 1962 1887 Sed

58 1917 113 1981 b>
155 1934 328 1983 neque
357 1933 653 1984 repugnare
681 1917 846 1967 debet
887 1917 1001 1983 legi
1025 1919 1299 1983 posifivae
1327 1919 1545 1969 altiori:
1587 1918 1797 1968 inferior
1824 1919 1963 1968 enim

57 1998 326 2064 legislator
365 2017 472 2049 non
512 1999 676 2049 habet
717 2008 1042 2065 potestatem
1082 2001 1506 2066 praescribendi,
1550 2018 1686 2067 quae
1725 2002 1965 2067 superior

57 2081 235 2142 vetuit,
279 2079 361 2130 vel
403 2081 738 2147 prohibendi,
784 2099 921 2148 quae
960 2081 1046 2131 ille
1087 2084 1373 2149 praecepit.

135 2190 180 2227 2.
226 2177 406 2227 Debet
445 2194 562 2244 esse
602 2178 758 2227 iusta.
840 2177 932 2228 Ad
975 2179 1224 2229 iustitiam
1266 2188 1443 2229 autem
1485 2178 1617 2245 legis
1659 2179 1961 2245 requiritur:

61 2258 109 2322 a)
151 2275 220 2309 ex
260 2250 410 2325 parte
433 2259 589 2325 finis,
632 2267 690 2309 ut
730 2260 915 2309 tendat
957 2261 1006 2310 in
1048 2261 1249 2311 bonum
1279 2278 1563 2311 commune
1591 2279 1685 2311 seu
1713 2262 1779 2311 sit
1818 2261 1965 2311 bono

62 2341 328 2390 communi
381 2340 533 2391 utilis.
616 2341 780 2407 Legis
832 2343 971 2391 enim
1020 2351 1098 2392 est
1148 2344 1588 2393 communitatem
1630 2344 1874 2393 ordinare
1914 2344 1966 2393 in

61 2421 221 2472 finem
260 2439 427 2484 suum,
472 2423 562 2489 qui
599 2431 678 2473 est
718 2423 921 2474 bonum
951 2441 1251 2486 commune,
1296 2434 1349 2475 et
1377 2426 1427 2475 in
1468 2425 1610 2475 hunc
1652 2425 1813 2475 finem
1842 2426 1967 2475 data

62 2512 141 2554 est
179 2505 433 2571 superiori
486 2513 725 2571 potestas
766 2505 968 2556 ferendi
1015 2505 1176 2573 leges.
1258 2506 1312 2557 Si
1354 2524 1484 2573 ergo
1526 2507 1703 2573 legem
1745 2507 1876 2557 ferat
1915 2509 1966 2557 in

62 2585 263 2636 bonum
314 2587 578 2652 privatum
634 2586 884 2653 neglecto
938 2589 1083 2638 bono
1137 2590 1435 2649 communi,
1490 2589 1578 2639 lex
1630 2598 1710 2639 est
1760 2590 1964 2650 iniusta,

63 2667 368 2718 adversatur
406 2669 634 2718 iustitiae
674 2669 879 2734 begali,⁸
920 2670 975 2735 b)
1017 2688 1085 2720 ex
1126 2679 1276 2737 parte
1317 2672 1570 2732 auctori&
1613 2678 1669 2721 ut
1708 2671 1968 2738 procedat

63 2749 130 2799 ab
182 2749 414 2800 habente
465 2751 851 2801 auctoritatem.
933 2750 989 2802 Si
1041 2770 1172 2818 ergo
1226 2752 1313 2803 lex
1366 2752 1560 2803 feratur
1610 2753 1678 2803 ab
1732 2771 1825 2814 eo,
1881 2754 1967 2820 qui

66 2824 387 2896 potestatem
426 2830 510 2881 vel
552 2833 769 2882 omnino
811 2850 918 2883 non
967 2833 1156 2895 habet,
1212 2834 1296 2885 vel
1336 2833 1525 2885 saltem
1566 2853 1672 2884 non
1714 2835 1877 2885 habet
1917 2836 1968 2884 in

66 2913 304 2974 materia,
348 2930 510 2979 quam
550 2915 833 2980 praecipit,
877 2923 957 2965 est
997 2916 1212 2977 iniusta,
1256 2917 1418 2966 laedit
1457 2917 1708 2967 iustitiam
1748 2935 1967 2966 commu-

66 2994 324 3058 tativam;
365 2995 415 3059 c)
443 3012 511 3045 ex
540 3002 691 3062 parte
704 2997 935 3061 formae
962 2996 1111 3063 legis,
1146 3005 1203 3048 ut
1232 3015 1395 3049 onera
1422 2999 1717 3049 secundum
1745 2999 1969 3064 aequali-

67 3081 232 3125 tatem
281 3076 642 3143 proportionis
697 3078 952 3144 imponat.
1045 3078 1101 3130 Si
1152 3097 1307 3130 secus
1359 3080 1443 3141 fit,
1498 3079 1724 3131 violatur
1775 3081 1970 3131 iustitia

68 3156 410 3208 distributiva
453 3157 528 3223 (S.
579 3158 767 3209 Thom.
818 3175 858 3221 1,
905 3174 952 3222 2,
996 3178 1045 3227 q.
1090 3162 1176 3225 96,
1221 3179 1265 3212 a.
1310 3164 1380 3227 4).

145 3264 191 3315 3.
235 3253 534 3317 Possz'bz'lz's,
577 3263 629 3305 et
670 3256 889 3322 quidem
916 3273 1025 3307 non
1060 3256 1236 3308 solum
1276 3258 1499 3325 physice
1526 3275 1619 3308 seu
1646 3257 1967 3325 simpliciter,

70 3333 165 3382 sed
205 3335 364 3384 etiam
404 3336 721 3399 moraliter,
773 3339 802 3388 i.
847 3355 890 3388 e.
935 3356 1042 3389 non
1096 3339 1259 3389 debet
1300 3357 1416 3390 esse
1457 3340 1610 3388 nimis
1650 3338 1878 3390 difficilis
1917 3348 1971 3391 et

1620 3426 1712 3465 11²1⁴²
