2182 3682
204 147 264 195 18
597 155 711 184 PARS
746 155 775 184 Ῐ.
826 156 1144 186 PHILOSOPHIA
1178 157 1388 186 MORALIS
1423 157 1702 186 GENERALIS.

195 300 243 338 et
278 291 644 352 particularium
680 291 1004 352 indefinitam,
1042 294 1264 340 subdz‘sfi:
1299 293 1521 340 absolute
1559 302 1608 340 et
1645 293 1748 341 sine
1786 302 2014 354 respectu
2043 294 2108 341 ad

192 365 448 414 utilitatem
485 366 725 425 hominis,
775 382 916 427 nego,
970 384 1081 414 cum
1120 368 1528 416 subordinatione
1566 369 1629 415 ad
1666 370 1856 415 bonum
1891 369 2107 416 hominis

193 449 241 488 et
277 429 438 502 quasi·
454 442 818 499 condicionate,
857 442 907 488 in
935 452 1172 503 quantum
1197 442 1388 490 homini
1412 444 1529 490 utile
1555 443 1762 500 videtur,
1801 459 1917 490 conc.
1967 444 2109 505 Nego
2139 488 2146 499 ,

192 517 301 562 min.
330 522 377 562 et
397 532 514 563 cons.
559 516 906 563 «Desiderium
932 519 1154 565 naturale
1180 533 1282 564 non
1309 526 1473 578 potest
1500 533 1606 564 esse
1631 518 1809 565 inane»
1842 514 1907 580 (S.
1943 520 2105 566 leom.

197 608 236 649 1,
277 606 324 651 q.
367 604 441 652 75,
481 608 522 637 a.
565 586 626 652 6).
690 591 789 637 Sed
826 591 1127 638 desiderium
1164 593 1388 638 naturale
1424 592 1742 640 beatitudinis
1779 602 1907 641 esset
1941 593 2105 653 inane,

191 667 230 712 si
276 667 428 712 homo
477 681 579 712 non
628 674 756 712 esset
803 666 1072 714 destinatus
1121 667 1184 712 ad
1232 666 1606 714 beatitudinem.
1678 667 1819 715 Idem
1857 668 1954 715 dici
2003 684 2106 716 non

191 749 355 801 potest
391 741 454 787 de
491 740 712 802 appetitu
748 741 919 787 innato
956 741 1212 788 brutorum
1238 742 1287 788 in
1315 757 1454 788 suum
1479 743 1667 789 bonum
1691 744 1771 789 vel
1796 743 1860 790 de
1886 743 2109 805 appetitu

190 815 362 862 innato
412 815 644 863 sensitivo
693 815 743 861 in
792 815 1021 874 homine,
1079 816 1192 877 quia
1240 817 1289 863 hi
1337 817 1582 863 rationem
1618 818 1760 864 medii
1791 819 1980 865 habent
2014 834 2107 880 pro

190 889 443 937 tendentia
492 890 718 937 rationali
766 891 980 938 hominis
1029 901 1077 938 et
1125 907 1185 938 ex
1232 891 1339 953 ipsa
1386 902 1560 938 natura
1608 908 1693 939 sua
1741 909 1846 940 non
1904 893 2110 940 absolute

190 966 325 1012 bona
360 965 591 1012 sensitiva
628 974 892 1026 appetunt,
948 967 1036 1013 sed
1075 966 1214 1027 quasi
1252 968 1583 1024 condicionate,
1633 967 1682 1013 in
1733 976 1972 1028 quantum
2020 970 2104 1016 scl.

189 1039 381 1087 homini
417 1042 692 1088 secundum
729 1041 974 1087 rationem
1013 1042 1255 1102 congruit.
1317 1043 1454 1102 Ergo
1491 1041 1541 1088 hi
1577 1042 1822 1104 appetitus
1858 1058 1961 1089 non
1999 1050 2110 1090 sunt

191 1115 380 1174 frustra,
421 1115 510 1162 etsi
545 1132 649 1162 non
688 1115 855 1163 omnia
892 1117 1026 1163 bona
1064 1116 1332 1178 singularia
1368 1117 1608 1173 obtinent,
1650 1131 1859 1178 quorum
1897 1133 2109 1179 capaces

191 1199 315 1237 sunt.
388 1190 673 1238 Tendentia
710 1200 873 1238 autem
911 1191 1164 1238 rationalis
1200 1192 1416 1238 hominis
1451 1207 1555 1239 non
1593 1192 1942 1240 subordinatur
1988 1193 2109 1239 utili-

190 1265 277 1311 tati
314 1265 499 1313 altioris
536 1266 838 1313 tendentiae.
902 1268 1073 1313 Homo
1113 1267 1244 1313 enim
1283 1266 1539 1313 ordinatur
1578 1267 1782 1328 quidem
1817 1267 1868 1313 in
1900 1268 2108 1327 gloriam

188 1340 260 1386 sui
297 1340 584 1398 conditoris,
624 1341 711 1388 sed
747 1357 850 1388 non
888 1341 938 1387 in
977 1341 1197 1388 eiusdem
1234 1343 1514 1399 utilifatem,
1555 1357 1666 1388 cum
1704 1344 1840 1389 Deus
1878 1357 1938 1389 ex
1974 1358 2108 1390 crea-

192 1415 311 1463 turis
348 1415 606 1463 utilitatem
644 1431 825 1477 capere
862 1432 964 1463 non
1003 1416 1169 1478 possit.

272 1519 373 1560 Obi.
409 1531 452 1559 2.
509 1512 673 1559 Nemo
711 1521 875 1574 potest
911 1522 1163 1574 appetere,
1206 1513 1341 1574 quod
1373 1513 1583 1575 ignorat.
1634 1515 1788 1576 Atqui
1809 1514 1946 1562 multi
1971 1514 2109 1576 igno-

191 1595 313 1643 rant,
354 1587 470 1648 quid
511 1588 570 1634 sit
606 1587 876 1634 beatitudo.
929 1589 1066 1648 Ergo
1104 1604 1214 1635 eam
1250 1604 1355 1635 non
1392 1598 1598 1650 possunt
1626 1598 1862 1651 appetere
1888 1589 2107 1650 ideoque

191 1663 367 1709 falsum
406 1670 477 1709 est
513 1671 873 1723 argumentum.

269 1768 421 1817 Resp.
476 1760 649 1806 Trans.
678 1761 786 1806 mai.
836 1760 968 1806 Dist.
996 1761 1107 1806 min.
1128 1779 1142 1806 .·
1177 1760 1322 1807 Multi
1346 1760 1592 1821 ignorant,
1623 1760 1743 1822 quid
1768 1761 1827 1808 sit
1851 1759 2107 1808 beatitudo

189 1833 238 1880 in
277 1835 529 1881 communi
567 1850 652 1882 seu
688 1834 1068 1882 indeterminate
1107 1844 1353 1896 spectata,
1405 1851 1545 1895 nege,
1601 1835 1720 1897 quid
1757 1835 1817 1882 sit
1852 1835 2107 1882 beatitudo

190 1909 518 1956 determinate
556 1917 780 1971 spectata
817 1925 902 1957 seu
939 1919 1161 1971 spectata
1202 1910 1504 1956 «secundum
1541 1910 1810 1972 specialem
1862 1910 2107 1957 rationem

191 1992 429 2045 quantum
467 1985 531 2031 ad
567 1984 643 2042 id,
695 1984 743 2031 in
785 2000 883 2045 quo
932 1985 1188 2032 beatitudo
1238 1985 1517 2045 consistit»,
1568 2001 1685 2033 conc.
1725 1981 1805 2047 (cf.
1845 1985 1892 2032 S.
1939 1985 2102 2032 Tlmm.

195 2077 234 2117 1,
278 2077 319 2117 2,
362 2075 407 2120 q.
451 2073 493 2121 5,
535 2076 575 2107 a.
618 2062 645 2106 8
684 2059 749 2106 ad
792 2057 850 2120 1).

266 2149 540 2196 Transmisi
603 2148 871 2207 maiorem,
942 2166 1057 2195 nam
1111 2149 1266 2195 solum
1321 2165 1438 2196 vera
1491 2158 1563 2196 est
1613 2149 1783 2210 quoad
1833 2148 2107 2210 appetitum

190 2223 405 2270 elicitum
443 2224 729 2284 formalem,
779 2240 882 2271 non
933 2233 1096 2271 autem
1148 2224 1313 2284 quoad
1362 2224 1634 2286 appetitum
1682 2224 1905 2271 innatum
1940 2237 2107 2284 neque

190 2299 358 2359 quoad
395 2299 668 2360 appetitum
696 2299 912 2346 elicitum
941 2314 1075 2346 mere
1103 2300 1527 2360 interpretativum.
1580 2299 1678 2346 Sed
1704 2298 1767 2346 de
1792 2299 1888 2345 hac
1912 2297 2108 2345 distinc-

188 2373 323 2420 tione
372 2374 529 2435 aptius
577 2373 704 2420 infra
754 2369 818 2435 (n.
859 2369 940 2435 30)
991 2383 1187 2435 agetur,
1241 2374 1325 2420 ubi
1373 2389 1537 2421 sermo
1587 2373 1678 2420 erit
1724 2373 1787 2420 de
1836 2372 2108 2420 subiectiva

188 2447 479 2495 habitudine
516 2448 731 2495 hominis
769 2449 834 2495 ad
870 2448 1243 2495 beatitudinem.

272 2552 374 2592 Obi.
404 2564 446 2602 3·
516 2546 801 2592 Secundum
839 2545 884 2591 S.
913 2544 1242 2605 Augustinum
1271 2540 1365 2605 (De
1392 2543 1565 2591 Trinit.
1605 2545 1633 2590 l.
1667 2560 1740 2603 13,
1781 2560 1821 2591 c.
1852 2538 1897 2605 5)
1934 2543 2105 2590 beatus

191 2627 264 2666 est
301 2620 383 2680 qui
420 2620 572 2666 habet
599 2620 780 2678 omnia,
823 2635 950 2681 quae
976 2621 1091 2675 vult,
1132 2628 1179 2666 et
1204 2619 1324 2665 nihil
1350 2620 1478 2665 male
1504 2620 1617 2665 vult.
1670 2619 1769 2666 Sed
1801 2633 1906 2664 non
1932 2632 2107 2665 omnes

190 2695 288 2741 hoc
324 2695 522 2754 volunt3
560 2695 763 2755 quidam
802 2694 935 2741 enim
971 2696 1101 2741 male
1139 2693 1303 2754 aliqua
1338 2695 1510 2740 volunt
1547 2702 1595 2740 et
1629 2703 1797 2740 tamen
1829 2693 2001 2739 volunt
2025 2692 2107 2738 illa

193 2784 244 2816 se
280 2770 422 2816 velle.
495 2770 633 2829 Ergo
669 2784 772 2816 non
811 2784 984 2816 omnes
1020 2770 1193 2816 volunt
1228 2768 1600 2816 beatitudinem.

272 2874 423 2922 Resp.
495 2866 626 2912 Dz'st.
680 2867 822 2912 mall:
873 2867 1052 2912 Beatus
1105 2874 1177 2912 est
1229 2865 1314 2926 qui
1363 2865 1515 2912 habet
1567 2863 1759 2920 omnia,
1824 2878 1952 2924 quae
2004 2863 2107 2909 vult

194 2939 415 3001 appetitu
461 2940 659 2999 innato,
710 2956 855 2996 cona,
907 2941 1129 3002 appetitu
1177 2940 1367 2996 elicito,
1417 2940 1638 2985 subdzkt.:
1688 2945 1822 2984 recte
1859 2937 2104 2996 ordinat0‚

193 3029 328 3071 conc„
369 3030 700 3076 quocumque,
740 3029 866 3074 wege.
923 3014 1149 3062 Centrad.
1188 3015 1298 3060 min.
1331 3022 1379 3061 et
1407 3029 1522 3074 nego
1555 3024 1724 3074 conseq.
1755 3008 1833 3073 (cf.
1861 3011 1908 3058 S.
1943 3012 2104 3058 lem.

200 3106 238 3146 1,
282 3106 322 3147 2,
362 3106 409 3151 q.
452 3103 494 3151 5,
534 3106 575 3136 a.
616 3092 643 3135 8
682 3089 746 3136 ad
783 3085 846 3150 3).
