2182 3682
571 188 723 217 CAPUT
756 187 798 217 V.
849 188 911 216 DE
946 186 1066 215 LEGE
1102 186 1358 216 NATURALI.
1817 198 1910 251 145

18 327 193 375 minari
229 334 300 373 est
334 334 468 372 actus
505 324 758 381 transiens,
798 333 846 370 et
880 322 1310 370 denominationes
1348 325 1409 370 ab
1447 327 1632 375 actibus
1668 338 1918 379 transeun-

18 402 144 448 tibus
188 400 474 460 desumptae
521 399 819 459 temporales
866 404 1000 454 sunt‚
1051 411 1171 456 quas
1208 398 1342 443 Deus
1389 397 1493 445 sine
1542 404 1810 452 mutatione
1846 405 1918 452 sui

19 475 247 536 accipere
283 481 446 534 potest
482 467 546 533 (S.
595 472 754 518 leem.
793 471 822 518 1.
863 466 940 530 c.).

752 622 1077 662 ARTICULUS
1111 624 1185 661 III.

367 721 459 766 DE
498 719 889 767 SANCTIONE
926 719 1124 766 LEGIS
1162 719 1572 769 NATURALIS.

737 842 1004 891 THESIS
1039 844 1212 891 XXV.

32 937 172 990 168.
286 947 514 995 Exsistit
551 947 688 1009 legis
725 947 993 994 naturalis
1029 947 1244 995 sanctio
1282 948 1338 995 in
1380 951 1486 996 hac
1535 950 1765 1012 quidem
1813 953 1926 1001 vita

26 1036 138 1069 non
175 1020 280 1069 nisi
315 1021 663 1069 insufficiens
701 1028 755 1068 et
790 1021 1136 1082 imperfecta,
1175 1021 1231 1068 in
1268 1022 1455 1070 futura
1479 1039 1614 1072 vero
1641 1026 1927 1074 sufficiens

27 1102 82 1143 et
116 1096 378 1156 perfecta,
420 1096 476 1143 in
514 1096 697 1143 ultimi
733 1096 861 1143 finis
899 1096 1301 1144 consecutione
1337 1098 1428 1145 vel
1465 1098 1769 1147 amissione
1806 1101 1925 1149 sita.

27 1196 91 1250 (S.
133 1199 270 1238 Tlmm.
311 1209 355 1248 1,
393 1210 440 1247 2,
477 1214 514 1251 q.
551 1199 629 1249 87,
665 1213 699 1238 a.
741 1208 873 1250 1—53
922 1199 967 1238 C.
1004 1206 1116 1251 gent.
1152 1198 1178 1237 l.
1216 1209 1263 1248 3,
1310 1213 1344 1238 c.
1387 1209 1626 1251 140—145.
1698 1203 1929 1254 Tcmgimgi,

25 1265 205 1305 Institut.
239 1266 481 1318 philosoph.
517 1266 559 1304 in
595 1267 817 1318 compend.
851 1266 1045 1306 redactae
1079 1280 1118 1304 n.
1160 1267 1252 1315 176.
1318 1267 1471 1319 slst‘jver,
1517 1268 1694 1307 Institut.
1731 1270 1803 1309 iur.
1844 1278 1927 1308 nat.

26 1334 56 1381 Ι,
92 1346 133 1373 n.
169 1342 265 1384 259.
311 1335 497 1380 Ferrelli,
531 1335 709 1374 Institut.
744 1333 895 1385 philos.
931 1333 1073 1372 moral.
1108 1334 1138 1382 I,
1174 1347 1213 1371 n.
1244 1343 1322 1383 127
1348 1348 1437 1386 sqq.
1485 1336 1686 1387 Sclezsfini,
1720 1337 1928 1388 Disputat.

689 1400 839 1453 philos.
874 1414 976 1439 mor.
1011 1401 1042 1450 I,
1078 1414 1116 1439 n.
1158 1398 1274 1451 147.)

106 1499 194 1552 St.
241 1500 316 1569 Q.
380 1517 419 1553 Ι.
465 1502 682 1552 Sanclz'o
724 1501 856 1568 legis
885 1502 1058 1551 active
1086 1510 1328 1567 spectata
1356 1511 1436 1552 est
1466 1503 1740 1553 decretum
1781 1504 1930 1571 legis-

30 1584 224 1645 latoris,
269 1602 377 1650 quo
408 1585 765 1634 observationi
795 1583 927 1649 legis
957 1585 1205 1649 praemia,
1238 1585 1350 1633 eius
1376 1602 1504 1634 vero
1533 1587 1935 1651 transgressioni

32 1683 232 1733 poenas
270 1668 481 1728 statuit;
512 1667 739 1732 passive
767 1683 893 1716 vero
934 1674 1176 1732 spectata
1212 1675 1334 1716 sunt
1374 1667 1488 1733 ipsa
1529 1668 1660 1718 haec
1702 1670 1935 1734 praemia

33 1756 86 1798 et
125 1765 358 1815 poenae;
403 1750 455 1799 in
495 1749 598 1800 hoc
640 1748 936 1815 posteriore
969 1765 1128 1798 sensu
1157 1750 1486 1798 sanctionem
1524 1750 1574 1799 in
1616 1750 1751 1800 thesi
1791 1750 1934 1801 intel-

33 1829 273 1896 legimus.
330 1831 508 1881 Poena
536 1840 617 1882 est
646 1830 843 1881 malum
873 1831 1172 1897 physicum,
1205 1830 1461 1880 inflictum
1493 1841 1711 1897 propter
1740 1833 1934 1882 malum

33 1912 258 1976 morale;
304 1915 598 1979 praemium
638 1922 825 1964 contra
866 1923 946 1963 est
984 1913 1185 1963 bonum
1215 1912 1431 1979 aliquod
1473 1913 1770 1979 physicum,
1815 1932 1934 1965 con-

36 2011 246 2044 cessum
286 2004 506 2062 propter
545 1996 749 2046 bonum
791 1994 1006 2045 morale.

108 2090 154 2127 2.
209 2076 427 2128 Sanctio
480 2077 578 2128 alia
630 2086 711 2128 est
760 2078 1033 2144 sufficiens
1084 2076 1386 2143 (perfecta),
1442 2077 1541 2127 alia
1593 2079 1934 2146 insufficiens,

32 2164 85 2208 et
125 2159 343 2225 quidem
384 2168 605 2227 utraque
644 2159 729 2210 vel
771 2159 1016 2210 absolute
1056 2159 1140 2209 vel
1182 2159 1412 2209 relative.
1470 2158 1687 2231 Sanctio
1729 2170 1809 2229 est
1850 2162 1936 2211 ab·

31 2239 204 2291 solute
243 2241 525 2303 sufficiens,
575 2243 617 2292 si
659 2259 728 2292 ex
766 2259 824 2292 se
865 2251 1108 2308 respectu
1150 2242 1388 2291 omnium
1429 2241 1704 2292 hominum
1746 2252 1797 2292 et
1838 2233 1934 2309 pro

34 2317 177 2373 om‘n‘i
206 2340 330 2373 casu
351 2312 527 2373 {salida
555 2333 634 2374 est
662 2323 933 2390 impellere
955 2322 1284 2374 voluntatem
1307 2324 1376 2373 ad
1406 2323 1581 2389 legem
1602 2326 1933 2375 servandam.

32 2403 281 2455 Relatz've
307 2405 571 2456 sufficiens
600 2416 693 2468 est,
738 2407 779 2456 si
808 2405 949 2456 valet
988 2423 1086 2472 pro
1116 2407 1271 2456 certis
1299 2423 1645 2471 personarum
1675 2407 1937 2457 adiunctis

34 2493 126 2536 aut
164 2505 261 2553 pro
304 2489 459 2539 certis
500 2489 711 2540 casibus
751 2496 975 2539 tantum.
1018 2519 1091 2525 ·—

43 2617 182 2683 169.
265 2631 431 2670 PARS
462 2631 494 2670 Ι.
554 2631 767 2670 Exsistit
796 2631 889 2670 iam
921 2643 1010 2681 pro
1044 2632 1136 2669 bac
1172 2631 1268 2669 vita
1303 2632 1496 2670 sanctio
1528 2632 1654 2681 Iegis
1688 2633 1936 2680 naturalis,

35 2697 127 2734 sed
156 2697 467 2736 insufficiens
502 2701 552 2737 et
580 2698 878 2748 imperfecta.

110 2777 273 2825 Prob.
372 2793 412 2827 Ι.
456 2779 727 2829 Exsistere
768 2779 1001 2846 aliquam
1041 2780 1371 2830 sanctionem
1427 2797 1522 2845 pro
1565 2779 1664 2829 hac
1704 2780 1810 2829 vita
1850 2797 1937 2829 ex-

35 2858 288 2922 perientia
328 2868 566 2912 testatur.
646 2862 728 2912 Eo
770 2870 912 2912 certe
953 2862 1243 2928 pertinent:
1288 2862 1338 2925 a)
1378 2862 1542 2911 virtus
1583 2870 1636 2911 et
1676 2862 1937 2927 quidquid

35 2941 399 3004 operationem
451 2942 733 2993 honestam
783 2945 950 3004 iuvat,
1005 2939 1061 3012 b)
1105 2952 1248 2993 recta
1301 2943 1579 3009 dispositio
1632 2944 1846 2992 rationis
1887 2951 1939 2992 et

35 3021 218 3071 virium
257 3024 304 3073 ei
343 3024 703 3076 subiectarum
744 3034 797 3075 et
837 3026 962 3075 inde
1004 3042 1339 3091 consequens
1379 3026 1538 3075 animi
1590 3041 1723 3090 pax,
1778 3025 1826 3088 c)
1868 3025 1937 3073 in-

37 3102 316 3155 columitas
357 3107 621 3172 corporiS,
666 3107 721 3172 d)
764 3107 907 3157 bona
949 3106 1205 3168 fortunae,
1249 3107 1465 3156 honoris
1507 3115 1624 3167 eto,
1669 3123 1804 3171 quae
1845 3122 1940 3172 per

39 3199 95 3233 se
134 3186 380 3237 virtutem
421 3197 727 3254 sequuntur.
782 3189 1014 3239 Primum
1054 3189 1257 3238 bonum
1299 3188 1672 3248 essentialiter,
1714 3186 1947 3237 alterum

39 3273 93 3314 et
133 3268 345 3319 tertium
373 3271 778 3333 conalua‘alz'ter,
822 3278 1069 3337 quartum
1109 3270 1399 3320 moraliter
1438 3278 1616 3319 actum
1655 3269 1939 3319 honestum

38 3359 448 3416 consequuntur.
517 3350 670 3416 Quae
708 3352 881 3403 solum
922 3351 1299 3403 conaturaliter
1339 3360 1392 3401 et
1431 3350 1700 3400 moraliter
1739 3351 1938 3401 bonam

128 3440 368 3484 Cathrein,
395 3443 528 3476 Philos.
556 3444 709 3478 moralis.
751 3444 817 3477 Ed.
848 3455 877 3484 5.
1097 3441 1101 3444 ’
1620 3450 1670 3480 10
