2182 3682
211 157 278 204 28
615 164 728 193 PARS
763 165 792 194 Ι.
841 164 1159 193 PHILOSOPHIA
1191 164 1395 194 MORALIS
1430 165 1708 196 GENERALIS.

206 309 335 351 sect.
399 302 445 366 Ι)
498 301 854 368 aliorumque,
912 302 999 368 qui
1051 310 1259 368 ponunt
1311 310 1595 369 utrumque
1647 309 1824 353 actum
1877 320 1992 367 esse
2045 303 2113 354 de

207 384 435 433 essentia
476 383 835 435 beatitudinis,

284 479 330 529 3.
388 465 647 532 Quaestio
688 465 915 516 multum
956 466 1231 533 dependet
1270 484 1300 516 a
1341 467 1651 518 definitione
1691 467 1950 518 essentiae
1993 467 2112 533 bea—

206 547 458 598 titudinis.
527 549 642 599 Nos
683 549 787 600 hoc
827 549 1043 598 nomine
1079 548 1437 615 intellegimus
1472 567 1594 601 cum
1623 549 1675 600 S.
1717 549 1766 600 T
1761 550 1923 600 lzoma
1959 567 2114 600 «con-

206 630 535 680 secutionem
577 632 749 681 ultimi
789 630 938 681 finis»
983 632 1068 683 vel
1116 635 1541 699 «possessionem
1583 632 1713 682 boni
1745 633 1996 699 perfecti»
2030 631 2115 683 vel

207 711 367 761 etiam
394 712 464 773 id,
496 731 604 779 quo
637 723 806 764 status
835 715 1177 765 beatitudinis
1212 716 1280 765 ab
1303 716 1448 766 omni
1471 714 1573 765 alio
1594 722 1736 765 statu
1759 715 2113 781 distinguitur,

208 802 261 844 et
297 795 445 860 quod
487 805 566 846 est
605 797 837 863 primum
870 799 921 847 in
951 797 1056 848 hoc
1084 806 1241 860 stam,
1285 799 1356 849 ita
1385 807 1442 848 ut
1470 798 1688 864 reliqua,
1731 793 1870 863 quae
1897 797 1966 847 ad
1994 797 2115 847 bea-

206 877 487 927 titudinem
525 880 807 945 pertinent,
852 898 922 930 ex
962 897 1027 930 eo
1069 882 1367 931 necessario
1408 887 1818 946 consequantur.
1878 879 2114 929 Easdem

209 958 544 1011 definitiones
586 963 744 1012 etiam
774 961 984 1014 §nares
1023 962 1073 1028 (l.
1107 981 1149 1013 c.
1183 964 1317 1030 disp.
1350 978 1399 1027 4,
1434 972 1562 1014 sect.
1602 977 1643 1024 Ι,
1688 979 1721 1011 n
1767 977 1803 1025 4
1831 969 1886 1012 et
1917 963 1966 1027 5)
2015 979 2115 1011 «ex

209 1043 480 1092 communi
521 1061 784 1095 consensu
828 1046 1091 1108 omnium,
1148 1046 1234 1112 qui
1288 1047 1355 1096 de
1396 1046 1726 1097 beatitudine
1772 1043 2114 1113 loquuntur»,

208 1123 424 1190 colligit.

212 1273 314 1314 22.
420 1265 586 1312 Prob.
627 1281 667 1313 1.
718 1265 962 1317 Essentia
1003 1266 1347 1317 beatitudinis
1387 1267 1627 1316 consistit
1654 1267 1706 1315 in
1735 1265 2116 1316 consecutione

209 1347 378 1398 ultimi
434 1347 550 1398 finis
602 1366 695 1398 seu
722 1338 799 1398 “in
851 1350 1192 1415 possessione
1244 1349 1476 1415 supremi
1529 1349 1657 1398 boni
1707 1348 1868 1414 (Dei).
1948 1347 2122 1414 Atqui

210 1431 370 1480 finem
413 1448 521 1480 non
564 1433 937 1498 consequimur
975 1432 1060 1481 vel
1101 1433 1440 1497 possidemus
1481 1448 1576 1498 per
1603 1440 1782 1482 actum
1809 1431 2115 1492 voluntatis,

209 1514 306 1563 sed
348 1531 443 1579 per
483 1521 661 1564 actum
703 1514 1003 1565 intellectus
1043 1532 1137 1564 seu
1180 1515 1558 1580 cognitionem.
1628 1515 1782 1580 Ergo
1823 1515 1875 1564 in
1904 1514 2005 1564 hac
2034 1530 2117 1564 co-

209 1596 448 1661 gnitione
491 1597 729 1646 consistit
771 1598 996 1647 essentia
1040 1597 1396 1647 beatitudinis.

283 1691 440 1742 Proh.
487 1693 611 1742 mill.
693 1693 868 1743 Actus
908 1693 1197 1744 voluntatis
1250 1695 1387 1744 circa
1436 1694 1598 1743 finem
1639 1702 1761 1744 sunt
1800 1711 1973 1755 amor,
2030 1694 2116 1743 de-

208 1774 487 1837 siderium,
546 1777 817 1841 gaudium.
900 1776 1071 1842 Atqui
1110 1776 1255 1826 nullo
1297 1794 1367 1825 ex
1408 1776 1488 1826 his
1529 1777 1737 1826 actibus
1778 1776 1940 1826 finem
1993 1793 2114 1827 con-

208 1858 493 1924 sequimur.
578 1859 703 1909 Non
745 1877 965 1923 amorc;
1016 1877 1137 1909 nam
1179 1877 1330 1909 amor
1372 1859 1534 1909 fertur
1574 1861 1625 1908 in
1666 1860 1869 1909 bonum
1911 1859 2113 1924 (finem)

211 1948 263 1990 et
301 1941 497 1991 absens
535 1949 588 1992 et
617 1958 884 2008 praesens.
955 1942 1159 1992 Verum
1189 1943 1407 2009 quidem
1438 1951 1517 1992 est
1545 1958 1784 1992 amorem
1814 1942 1941 1992 boni
1970 1960 2115 2008 prae-

209 2024 372 2073 sentis
425 2041 540 2074 esse
592 2025 874 2086 maiorem,
930 2026 1026 2075 sed
1068 2026 1180 2091 ipse
1223 2042 1372 2074 amor
1411 2026 1649 2074 intensus
1689 2042 1799 2074 rem
1841 2041 1949 2075 non
1992 2025 2116 2075 facit

210 2114 573 2172 praesentem,
618 2108 712 2157 sed
753 2108 1010 2174 supponit
1051 2124 1170 2158 eam
1212 2125 1308 2174 per
1348 2107 1491 2157 aliud
1533 2107 1643 2157 fieri
1686 2115 2019 2174 praesentem
2063 2117 2115 2158 et

209 2189 483 2254 possideri.
566 2191 690 2239 Non
732 2190 1035 2254 desiderio,·
1087 2208 1211 2239 nam
1252 2190 1573 2240 desiderium
1615 2190 1778 2240 fertur
1817 2190 1869 2239 in
1910 2190 2115 2240 bonum

206 2271 416 2332 absens,
460 2281 517 2322 ut
545 2272 675 2322 illud
705 2282 1076 2338 consequatur.
1145 2273 1338 2338 Neque
1367 2273 1731 2333 delectatione,
1772 2289 1910 2338 quae
1937 2281 2019 2322 est
2047 2272 2115 2322 de

206 2355 352 2405 bono
401 2353 602 2405 habito.
683 2355 804 2421 Ipsa
845 2356 1115 2421 possessio
1157 2356 1286 2405 boni
1327 2363 1408 2405 est
1449 2372 1610 2405 causa
1651 2354 2022 2405 delectationis
2062 2364 2115 2406 et

205 2437 273 2487 ab
315 2437 415 2487 hac
456 2439 788 2504 supponitur.
859 2436 915 2487 Si
957 2439 1095 2487 enim
1139 2437 1369 2503 aliquam
1412 2455 1524 2487 rem
1559 2438 1764 2487 intense
1792 2454 2033 2487 amamus
2060 2447 2114 2488 et

205 2537 313 2570 non
354 2521 707 2586 possidemus,
752 2538 860 2570 non
898 2520 1242 2581 delectamur,
1286 2520 1382 2570 sed
1411 2521 1589 2586 potius
1618 2520 1888 2569 tristamur
1914 2528 1968 2569 et
1995 2536 2113 2570 eam

206 2603 461 2669 consequi
501 2603 796 2653 studemus.
878 2602 964 2652 Ex
1007 2620 1061 2652 re
1103 2604 1223 2652 dein
1267 2618 1516 2668 possessa
1556 2602 1721 2651 oritur
1761 2602 2034 2668 gaudium.

280 2701 445 2748 Prob.
485 2715 527 2748 2.
586 2699 647 2749 Id
677 2709 819 2750 recte
848 2701 1040 2750 dicitur
1065 2701 1294 2750 essentia
1315 2700 1673 2759 beatitudiniS‚
1705 2715 1812 2764 quo
1835 2699 2113 2749 beatitudo

205 2784 273 2833 ab
316 2784 461 2832 omni
501 2782 603 2832 alio
643 2791 783 2832 statu
821 2783 1176 2850 distinguitur,
1221 2790 1274 2832 et
1302 2783 1449 2848 quod
1478 2783 1529 2831 in
1558 2782 1748 2831 eadem
1777 2789 1857 2830 est
1883 2782 2113 2847 primum

205 2866 466 2931 radixque
514 2875 829 2915 ceterorum.
909 2866 1079 2932 Atqui
1117 2866 1170 2914 id
1210 2865 1351 2915 valet
1392 2865 1460 2914 de
1499 2863 1735 2930 perfecta
1776 2863 1879 2913 Dei
1934 2864 2112 2930 cogni-

205 2949 363 2998 tione.
447 2947 532 2996 Ex
572 2947 807 3014 perfecta
848 2949 989 2998 enim
1041 2948 1349 3014 cognitione
1390 2947 1584 2996 summi
1634 2945 1761 2995 boni
1812 2947 2111 2995 necessario

206 3031 369 3080 oritur
407 3046 558 3080 amor
598 3031 838 3080 eiusdem
879 3039 932 3081 et
973 3031 1225 3096 gaudium
1268 3038 1320 3079 et
1361 3028 1574 3094 reliqua,
1619 3045 1755 3094 quae
1795 3028 1864 3077 ad
1893 3027 2112 3077 beatitu-

205 3113 385 3162 dinem
424 3113 704 3178 pertinent.
785 3113 940 3178 Ergo
984 3155 991 3163 .
1040 3156 1047 3164 .
1097 3154 1105 3162 .

281 3195 514 3245 Pertinet
554 3204 734 3245 tamen
775 3212 925 3244 amor
965 3195 1234 3260 perfectus
1274 3195 1410 3243 sicut
1451 3201 1504 3242 et
1543 3192 1796 3257 gaudium
1838 3192 1908 3242 ad
1948 3191 2110 3242 beati-

204 3277 402 3327 tudinis
454 3277 739 3327 essentiam
780 3276 1099 3342 physicam,
1156 3293 1263 3342 quo
1315 3276 1531 3324 nomine
1583 3273 2112 3340 comprehenduntur

206 3360 398 3420 omnia,
441 3361 552 3410 sine
594 3360 784 3426 quibus
825 3358 1103 3409 beatitudo
1145 3376 1175 3408 a
1211 3366 1362 3424 parte
1390 3358 1462 3406 rei
1490 3358 1746 3407 exsistere
1773 3373 1881 3407 non
1908 3364 2108 3422 potest.
