2182 3682
463 181 548 210 Lm.
585 181 612 211 Ι.
660 181 760 209 CAP.
797 181 856 210 lv.
903 180 964 208 DE
998 180 1110 208 IURE
1146 180 1513 209 ΓΚΟῙἮῐΕΤΑΤῘΞ.Ἰ
1826 180 1932 234 259

117 330 162 380 3.
206 317 407 366 ratione
428 315 568 381 finis
607 315 658 364 in
689 314 1070 380 proprietatem
1104 314 1363 362 bonorum
1395 315 1839 378 producz‘z'vormn
1882 324 1935 366 et

43 397 537 462 consumptivormlz.
617 396 766 446 Bona
815 395 1186 460 consumptiva
1226 403 1485 444 vocantur
1525 413 1612 456 ea,
1668 414 1804 462 quae
1844 399 1933 447 im-

43 480 271 531 mediate
299 479 365 528 ad
395 495 547 528 usum
576 485 629 527 et
657 477 1137 543 consumptionem,
1182 476 1498 542 productiva
1525 495 1650 527 vero
1680 495 1755 539 ea,
1800 496 1934 544 quae

43 563 109 612 ad
150 561 574 627 productionem,
616 559 644 609 i.
678 577 723 610 e.
759 559 1182 624 procreationem
1225 576 1484 607 novorum
1525 559 1806 619 bonorum,
1851 562 1936 610 ad-

42 644 302 694 hibentur.
380 640 678 706 Quodlibet
719 642 922 690 bonum
964 641 1371 690 oeconomicum
1411 641 1623 690 maioris
1663 643 1934 702 momenti,

43 743 112 776 ex
151 742 260 790 quo
302 724 418 789 quis
457 731 748 789 proventus
788 723 1061 788 percipere
1102 731 1296 788 potest,
1339 731 1560 771 vocatur
1607 724 1898 788 «capitale»
1919 742 1938 787 ,-

43 823 202 872 saepe
242 814 420 855 tamen
450 823 480 854 a
514 805 826 855 doctoribus
867 805 1215 854 oeconomiae
1256 804 1505 869 politicae
1546 806 1760 854 nomine
1802 806 1940 870 capi-

43 888 160 939 talis
212 887 735 953 comprehenduntur
785 885 899 935 sola
946 886 1115 947 bona,
1171 903 1309 952 quae
1350 886 1464 951 ipsa
1517 885 1699 935 labore
1751 887 1940 936 effecta

43 979 165 1022 sunt
205 979 257 1019 et
297 970 363 1019 ad
408 985 546 1019 nova
597 969 740 1018 bona
791 967 1141 1034 producenda
1193 968 1527 1017 adhibentur.
1611 966 1665 1017 Si
1717 968 1942 1034 capitale

44 1053 146 1102 hoc
187 1069 345 1101 sensu
385 1051 722 1117 intellegitur,
766 1057 873 1099 tres
902 1067 1090 1100 causae
1119 1050 1168 1098 in
1198 1049 1552 1115 productione
1590 1059 1939 1100 concurrunt:

45 1134 195 1184 labor
234 1134 510 1194 humanus,
555 1140 741 1182 natura
783 1133 832 1197 (i.
865 1150 907 1182 e.
950 1149 1048 1192 res,
1091 1149 1224 1197 quas
1264 1132 1378 1197 ipsa
1418 1139 1601 1181 natura
1643 1131 1710 1180 de
1738 1148 1795 1181 se
1823 1149 1942 1198 sup-

46 1217 263 1283 peditat,
306 1234 353 1266 v.
386 1233 435 1281 g.
467 1215 656 1275 solum,
688 1214 830 1279 ligna
858 1214 998 1277 etc),
1044 1213 1283 1280 capitale.
1344 1213 1497 1262 Duae
1524 1214 1726 1279 priores
1755 1230 1944 1263 causae

44 1305 164 1348 sunt
204 1298 563 1364 primigeniae,
606 1297 758 1346 tertia
798 1314 923 1346 vero
962 1297 1142 1345 vocari
1183 1303 1362 1361 potest
1403 1296 1595 1356 mixta,
1646 1297 1768 1361 quia
1810 1297 1945 1361 capi-

47 1380 150 1431 tale
192 1397 261 1430 ex
302 1380 674 1430 coniunctione
716 1378 911 1429 laboris
953 1395 1072 1427 cum
1113 1385 1298 1427 natura
1340 1378 1519 1426 oritur.

783 1541 1111 1581 ARTICULUS
1144 1541 1197 1579 Π.

192 1647 669 1694 REFUTANTUR
707 1645 1112 1692 SYS'I‘EMATA
1152 1643 1788 1691 COMMUNISTARUM.

450 1776 477 1831 ξ’
515 1789 549 1816 1.
598 1779 804 1817 EORUM
837 1777 1145 1816 DOCTRINA
1178 1775 1529 1815 EXPONITUR.

46 1873 135 1926 (De
180 1875 351 1914 historia
396 1875 684 1914 communismi
729 1875 779 1913 cf.
833 1875 1078 1919 Thom'sscn,
1127 1872 1187 1910 Le
1232 1872 1465 1910 socialisme
1511 1870 1659 1923 depuis
1703 1869 1946 1922 l'antiquite'.

45 1944 309 1990 Sleccanella,
355 1943 437 1981 Del
483 1942 753 1982 comunismo.
819 1942 1079 1987 Pzilzlmamz,
1127 1939 1379 1977 Geschichte
1424 1939 1497 1976 des
1542 1938 1709 1976 antiken
1758 1937 1949 1975 Commu-

48 2010 214 2049 nismus.
279 2011 486 2062 Lavekye,
520 2010 581 2048 Le
614 2009 848 2048 socialisme
883 2007 1199 2058 contemporain
1217 2005 1244 2044 ⁶.
1310 2007 1475 2057 Capart,
1510 2007 1571 2043 La
1604 2005 1814 2056 propriete
1848 2004 1949 2042 indi-

47 2076 227 2115 viduelle
261 2085 301 2116 et
334 2077 373 2115 le
407 2077 720 2116 collectivisme.
785 2074 1180 2113 Handworterbueh
1217 2074 1291 2112 der
1324 2072 1835 2119 Staatswisscnschaften,
1875 2079 1947 2109 art.

585 2143 899 2182 «Socialismus»
939 2149 977 2180 et
1016 2138 1407 2191 «Anarchismus».)

52 2255 198 2309 327.
279 2245 316 2295 I.
359 2244 799 2307 Communismus,
836 2262 865 2294 a
894 2244 1270 2294 communione
1300 2243 1564 2292 bonorum
1595 2242 1783 2301 dictus,
1816 2240 1947 2290 alius

50 2335 130 2377 est
169 2329 463 2394 negativus,
507 2327 637 2377 alius
677 2328 949 2394 positivus.

133 2431 173 2466 Ι.
218 2416 649 2467 Communismus
687 2416 970 2481 m'gaz‘ivus
1011 2416 1155 2465 reicit
1191 2415 1269 2464 ius
1296 2413 1632 2480 proprietatis
1661 2412 1950 2478 quodcum-

53 2516 156 2564 que
196 2505 358 2565 atque
398 2500 575 2549 omnia
610 2499 755 2549 bona
782 2498 1062 2548 arbitratur
1090 2497 1393 2547 communia
1420 2513 1535 2545 esse
1564 2495 1762 2544 debere
1793 2511 1951 2559 nega-

52 2580 176 2641 tive,
215 2582 287 2631 ita
326 2591 382 2631 ut
424 2581 643 2647 quilibet
682 2581 852 2647 possit
893 2597 946 2629 re
989 2578 1227 2645 qualibet
1267 2579 1356 2639 uti,
1400 2586 1560 2644 prout
1592 2578 1638 2626 ei
1678 2576 1948 2642 placuerit.

130 2683 176 2720 2.
221 2669 652 2719 Communismus
680 2669 949 2734 positivus
996 2669 1157 2718 docet
1198 2668 1375 2717 omnia
1416 2667 1558 2717 bona
1599 2665 1796 2715 debere
1837 2682 1953 2714 esse

55 2752 268 2817 propria
307 2769 414 2802 non
454 2751 733 2801 hominum
775 2752 1116 2817 privatorum,
1159 2750 1255 2799 sed
1294 2748 1512 2799 alicuius
1541 2748 1950 2798 communitatis.

57 2831 169 2883 Sub
209 2834 399 2900 triplici
441 2833 611 2883 forma
651 2833 992 2899 proponitur:

129 2923 178 2987 a)
231 2924 647 2973 communismus
699 2923 957 2989 positivus
1008 2921 1277 2972 absolutus
1325 2920 1502 2970 omnia
1554 2919 1770 2968 omnino
1812 2920 1955 2969 bona

57 3003 272 3055 alicuius
312 3006 706 3055 communitatis
746 3005 960 3071 propria
1000 3021 1114 3054 esse
1144 3010 1392 3069 oportere
1435 3001 1711 3052 contendit
1751 3007 1804 3050 et
1843 3009 1955 3050 tum

58 3087 467 3151 productionem
518 3095 629 3136 tum
684 3087 1111 3136 distributionem
1151 3086 1415 3135 bonorum
1467 3100 1562 3149 per
1604 3084 1772 3148 ipsam
1815 3098 1954 3131 com-

59 3169 368 3218 munitatem
421 3169 796 3235 temperandas
847 3185 987 3229 esse,
1045 3168 1117 3217 ita
1167 3175 1223 3216 u't
1276 3166 1478 3225 omnia,
1538 3172 1794 3230 quantum
1846 3162 1958 3212 fieri

59 3256 253 3313 potest,
295 3258 546 3300 maneant
586 3250 915 3300 communia:
960 3248 1195 3315 prandia,
1240 3247 1550 3298 dormitoria
1589 3253 1708 3306 etc„
1752 3244 1859 3294 fere
1899 3252 1958 3293 ut

61 3328 119 3379 fit
157 3330 208 3380 in
249 3331 718 3381 communitatibus
757 3330 1038 3397 religiosis3

1606 3415 1696 3464 17*
