2182 3682
226 128 332 176 280
632 135 747 164 PARS
781 135 829 164 11.
882 133 1200 162 PHILOSOPHIA
1234 132 1438 162 moRALIS
1474 132 1724 162 sPECIALis.

223 271 443 332 inversa,
481 287 575 320 seu
604 269 717 320 aliis
743 270 950 320 verbis:
995 276 1268 319 crescente
1297 284 1462 318 censu
1490 268 1799 318 decrescere
1827 268 2132 319 mercedem

225 360 279 403 et
329 352 597 403 interesse.
679 350 802 417 Quo
856 352 1023 402 maior
1066 368 1195 416 ergo
1236 349 1452 400 relative
1492 359 1573 400 est
1612 366 1734 417 pars
1773 359 2131 417 proventuum

225 433 442 485 alicuius
483 434 726 495 nationiS,
771 450 929 500 quam
974 434 1241 499 accipiunt
1281 433 1484 482 domini
1525 433 1824 494 fundorum,
1868 450 1932 483 eo
1963 433 2134 484 minor

225 525 304 567 est
344 534 482 582 pars,
526 533 688 582 quam
729 516 997 581 accipiunt
1038 514 1190 565 labor
1230 522 1284 565 et
1325 514 1565 581 capitale.

229 655 374 720 358.
456 655 609 721 Quae
649 655 927 721 hucusque
970 655 1112 704 dicta
1151 662 1290 714 sunt,
1335 654 1662 703 constituunt
1702 655 1851 720 quasi
1879 655 2134 706 maiorem

224 739 539 805 argumenti,
585 755 693 804 quo
738 737 954 803 George
995 736 1170 796 utitur,
1215 736 1515 801 eademque
1556 735 1699 786 haud
1736 736 2020 788 difficulter
2046 739 2133 789 ad-

226 821 361 870 mitti
414 829 609 887 potest.
690 820 801 869 Iam
854 819 1100 886 procedit
1152 819 1220 868 ad
1263 818 1552 880 minorem,
1612 835 1751 884 quae
1790 820 1866 869 sic
1906 820 2136 871 breviter

226 903 614 969 comprehendi
654 911 860 968 potest:
906 901 1077 967 Atqui
1123 901 1168 964 Ι)
1209 918 1333 967 pars
1374 907 1730 967 proventuum
1771 901 2132 965 nationalium,

226 1001 387 1051 quam
443 985 710 1050 accipiunt
766 984 968 1033 domini
1023 999 1272 1048 agrorum
1329 982 1482 1033 titulo
1536 1000 1752 1044 census,
1810 1001 2022 1051 semper
2075 984 2136 1035 fit

226 1068 419 1128 maior,
475 1075 528 1116 et
582 1067 634 1130 2)
689 1084 717 1116 e
769 1065 1033 1116 contrario
1088 1083 1150 1115 ea
1190 1083 1339 1131 pars,
1395 1082 1532 1132 quae
1574 1066 1835 1132 contingit
1874 1065 2043 1117 labori
2082 1075 2136 1117 et

228 1149 456 1216 capitali,
500 1167 713 1216 semper
754 1149 1028 1198 decrescit.

301 1240 452 1290 Haec
505 1240 678 1289 minor
730 1239 911 1305 quoad
964 1247 1244 1304 utramque
1294 1247 1501 1305 partem
1530 1239 1779 1304 neganda
1818 1248 1912 1290 est.
1994 1239 2135 1290 Nam

227 1322 407 1388 quoad
477 1323 553 1385 1):
608 1321 909 1371 Assertioni
965 1337 1171 1370 censam
1228 1320 1513 1370 fundorum
1566 1320 1729 1388 (rent)
1784 1339 1997 1388 semper
2046 1323 2134 1372 ab·

227 1404 443 1454 sorbere
486 1403 699 1453 relative
740 1404 995 1453 maiorem
1024 1412 1230 1469 partem
1267 1411 1623 1469 proventuum
1663 1404 2007 1455 nationalium
2047 1422 2134 1454 ex-

227 1487 482 1554 perientia
534 1486 814 1536 manifesta
867 1486 1198 1536 contradicit.
1281 1485 1339 1535 In
1395 1486 1613 1552 Europa
1653 1505 1698 1536 v.
1744 1504 1795 1553 g.
1850 1486 2133 1552 agricolae,

227 1570 382 1619 etiam
433 1570 492 1631 ii,
547 1570 636 1635 qui
675 1586 800 1618 suos
841 1569 1085 1634 proprios
1126 1584 1286 1633 agros
1327 1567 1535 1630 colunt,
1579 1569 1667 1618 vix
1707 1569 1811 1618 iam
1852 1587 1908 1619 se
1947 1570 1999 1619 in
2038 1587 2135 1619 suo

227 1660 368 1701 statu
410 1668 724 1702 conservare
766 1659 1015 1717 possunt,
1060 1658 1112 1700 et
1153 1659 1361 1700 tantum
1403 1651 1570 1711 abest,
1615 1659 1671 1700 ut
1712 1669 1897 1702 eorum
1939 1652 2138 1702 reditus

227 1734 357 1784 fiant
397 1735 638 1794 maiores,
684 1743 741 1783 ut
782 1733 963 1799 potius
1004 1741 1264 1799 perpetuo
1308 1734 1649 1796 decrescant3

302 1823 483 1890 quoad
527 1824 604 1886 2):
660 1824 709 1888 a)
752 1822 844 1872 Ad
898 1823 1238 1888 probandum
1282 1823 1575 1873 mercedem
1625 1823 1734 1874 fieri
1785 1841 1997 1891 semper
2047 1825 2135 1874 mi-

228 1923 413 1956 norem
466 1913 726 1972 provocat
777 1906 844 1955 ad
894 1906 1207 1971 principium
1249 1921 1280 1954 a
1320 1905 1586 1955 nonnullis
1629 1906 1941 1957 doctoribus
1981 1924 2135 1957 oeco-

228 1989 439 2039 nomiae
478 1988 727 2054 politicae
765 1988 1085 2038 admissum:
1132 1988 1433 2038 mercedem
1473 1990 1766 2054 generatim
1796 1989 2039 2055 restringi
2066 1989 2136 2039 ad

228 2089 346 2121 cam
388 2088 716 2132 mensuram,
762 2088 898 2137 quae
940 2070 1221 2137 requiritur
1260 2071 1328 2120 ad
1371 2071 1671 2136 operarium
1712 2072 2136 2138 quomodocum-

230 2171 333 2220 que
384 2154 806 2203 sustentandum.
890 2152 1024 2203 Cum
1073 2170 1201 2218 ergo
1244 2170 1313 2202 ex
1354 2152 1518 2203 altera
1558 2162 1709 2219 parte
1750 2163 1959 2204 constet
1997 2171 2135 2204 sum-

228 2254 371 2286 mam
412 2243 765 2302 proventuum
811 2235 1154 2286 nationalium
1197 2236 1359 2285 hodie
1401 2243 1621 2302 propter
1659 2253 2004 2303 progressum
2033 2235 2135 2287 cul-

227 2325 377 2368 turae
418 2335 630 2384 semper
657 2319 767 2368 fieri
797 2319 1066 2379 maiorem,
1109 2318 1349 2384 sequitur
1377 2335 1492 2367 eam
1524 2327 1730 2384 partem
1758 2327 2132 2385 proventuum,

229 2418 365 2467 quae
405 2399 573 2450 labori
616 2402 892 2466 contingit,
938 2401 1048 2450 fieri
1088 2417 1300 2466 semper
1341 2400 1557 2450 relative
1598 2402 1874 2451 minorem.

304 2488 412 2540 Sed
463 2489 548 2539 hic
602 2488 818 2556 George
871 2490 978 2539 duo
1031 2490 1189 2556 plane
1245 2490 1452 2540 diversa
1503 2507 1783 2556 perperam
1841 2491 2131 2542 confundit.

228 2570 501 2622 Auctores
550 2572 789 2622 dicentes
830 2573 1136 2622 mercedem
1178 2573 1419 2638 restringi
1461 2573 1529 2622 ad
1569 2589 1869 2622 mensuram
1913 2575 2134 2624 necessi-

229 2654 350 2703 tatis
391 2671 487 2719 pro
528 2655 879 2704 sustentanda
907 2655 1028 2715 vita,
1072 2654 1364 2720 loquuntur
1400 2655 1467 2704 de
1496 2655 1745 2705 mercede
1774 2657 2135 2722 operariorum

228 2753 321 2786 seu
363 2737 431 2785 de
471 2737 720 2786 mercede
759 2753 916 2786 sensu
958 2737 1173 2798 stricto,
1231 2746 1390 2802 prout
1429 2737 1695 2802 significat
1735 2737 2131 2788 retributionem

229 2835 327 2884 pro
369 2816 552 2867 labore
594 2819 880 2868 conducto.
949 2818 1028 2868 At
1055 2836 1181 2868 vero
1213 2817 1429 2884 George
1470 2819 1572 2868 alio
1615 2836 1830 2885 prorsus
1871 2828 1923 2869 et
1965 2819 2134 2870 multo

230 2900 416 2950 latiore
466 2917 624 2950 sensu
680 2902 985 2950 mercedem
1040 2901 1250 2967 accipit.
1331 2900 1435 2952 Sel.
1493 2902 1543 2950 in
1600 2902 1920 2967 aequatione
1974 2919 2135 2968 supra

232 2983 417 3032 citata:
462 2982 783 3047 productum
813 3013 884 3018 ——
913 3000 1104 3032 census
1133 3006 1199 3024 z
1232 3000 1437 3033 merces
1460 2985 1525 3047 -ξ-
1550 2983 1820 3040 interesse,
1861 3001 1972 3033 vox
2000 3001 2134 3034 mer-

231 3064 373 3114 cedis
412 3064 576 3114 debet
613 3065 749 3114 sumi
786 3082 943 3114 sensu
972 3064 1251 3115 latissimo:
1296 3083 1393 3131 pro
1423 3083 1484 3115 ea
1512 3074 1662 3131 parte
1689 3066 1952 3131 producti,
1996 3083 2134 3132 quae

231 3145 399 3195 labori
440 3146 755 3212 cuicumque
796 3147 1035 3207 debetur,
1079 3164 1188 3196 non
1228 3147 1402 3196 solum
1442 3146 1612 3196 labori
1640 3147 1937 3211 conduct03
1979 3165 2133 3198 secus

232 3236 312 3277 est
364 3244 580 3293 prorsus
630 3227 774 3278 falsa.
858 3226 1278 3293 Comprehendit
1335 3246 1463 3294 ergo
1520 3229 1679 3278 etiam
1734 3245 1852 3278 eam
1907 3237 2128 3295 partem,

233 3326 367 3375 quae
412 3310 636 3362 debetur
676 3309 844 3363 labori
885 3310 1194 3362 mercatoris
1235 3320 1286 3361 et
1327 3310 1496 3362 labori
1536 3310 1827 3379 agricolae,
1881 3311 1969 3377 qui
2007 3328 2133 3363 suos
