2182 3682
225 179 288 226 14
614 173 728 207 PARS
762 174 792 204 Ι.
843 173 1158 203 PHILOSOPHIA
1192 173 1400 202 MORALIS
1436 173 1714 202 GENERALIS.

215 309 499 358 exhibetur
538 327 634 375 per
673 327 937 360 summam
980 310 1216 359 omnium
1261 307 1572 358 facultatum
1612 309 1664 357 in
1704 308 1961 358 unitatem
2013 314 2122 357 ten-

215 391 427 440 dentiae
467 391 636 441 finalis
677 392 1122 457 conspirantium:

288 473 344 536 b)
387 482 630 523 naturam
672 474 966 537 llmuanam
1006 473 1279 534 sumimus,
1312 472 1535 538 ‘qualem
1574 489 1632 522 se
1659 472 1816 522 nobis
1842 489 1939 538 per
1965 471 2127 535 hz'gss‘aj

215 555 360 605 riam
403 564 456 605 et
496 556 887 620 experientiam
929 554 1237 606 manifestat
1276 555 1527 620 praecisis
1568 555 1832 616 omnibus,
1877 571 2015 620 quae
2055 571 2124 603 ex

216 638 400 687 ordine
441 637 828 703 supernaturali
867 637 1148 703 provenire
1182 636 1394 686 aliunde
1424 637 1814 702 cognoscimus.
1848 625 2124 686 *Ceserfi‘rfi

215 714 458 786 quamvis
517 719 651 770 haec
711 728 898 769 natura
958 720 1032 769 sic
1093 720 1432 769 considerata
1492 720 1560 768 de
1621 718 1763 769 facto
1818 719 1886 768 sit
1939 726 2126 769 natura

213 802 388 869 lapsa,
442 810 622 852 tamen
663 803 964 868 putandum
1006 819 1114 851 non
1155 811 1235 851 est
1275 819 1391 852 eam
1435 801 1717 851 intrinsece
1757 802 1940 868 quoad
1989 802 2126 851 vires

213 886 459 935 infernas
499 884 692 934 factam
735 902 850 934 esse
892 884 1222 946 debiliorem,
1267 901 1429 951 quam
1468 884 1520 933 in
1547 891 1690 933 statu
1718 892 1939 935 naturae¹
1963 900 2126 950 purae

215 965 396 1016 fuisset
436 966 506 1031 (Ι,
552 981 599 1028 2,
644 985 694 1033 q.
741 969 826 1031 85,
869 984 913 1017 a.
967 967 1028 1031 Ι).

222 1130 319 1181 13.
438 1120 604 1167 Prob.
649 1120 740 1183 (ex
779 1120 1021 1185 appetitu
1062 1119 1244 1168 innato
1287 1118 1555 1185 perfectae
1596 1117 1976 1183 beatitudinis).

289 1209 474 1259 Homo
519 1211 767 1288 appetitu
823 1210 1004 1259 innato
1059 1209 1221 1259 fertur
1272 1210 1323 1258 in
1376 1208 1669 1275 perfectam
1722 1207 2124 1258 beatitudinem.

214 1291 386 1357 Atqm
416 1280 688 1358 repugnat
729 1292 917 1341 dixinis
946 1291 1378 1358 perfectionibus,
1423 1291 1546 1341 huic
1585 1291 1849 1357 appetitui
1880 1308 1988 1340 non
2017 1306 2126 1340 cor-

214 1375 542 1440 iespondere
571 1384 847 1440 tamquam
877 1375 1160 1424 terminum
1190 1374 1575 1424 beatitudinem
1602 1373 1907 1439 aliquando,
1937 1371 2128 1423 saltem

216 1465 470 1522 quantum
515 1458 566 1506 in
608 1457 729 1506 Deo
769 1466 878 1518 est,
935 1456 1143 1507 realiter
1183 1457 1601 1523 adipiscendam.
1684 1456 1839 1521 Erga
1880 1455 2046 1505 homo
2098 1472 2129 1504 a

219 1539 338 1588 Deo
380 1540 449 1589 ad
490 1539 782 1605 perfectam
826 1540 1211 1589 beatitudinem
1256 1539 1562 1589 destinatur.

292 1621 448 1672 Ριού.
482 1639 609 1671 maz.
666 1622 759 1671 Ad
802 1622 1100 1688 appetitum
1144 1621 1437 1672 naturalem
1477 1621 1747 1687 perfectae
1787 1621 2129 1671 beatitudinis

219 1704 496 1773 requiritur
536 1713 589 1754 et
628 1704 849 1765 sufficit,
905 1714 963 1782 ut
1003 1706 1053 1770 a)
1094 1714 1283 1754 natura
1334 1704 1512 1770 aliqua
1565 1720 1739 1770 capax
1789 1705 1856 1753 sit
1906 1704 2129 1753 beatitu-

219 1787 354 1836 dinis
405 1778 676 1853 perfectae
728 1797 781 1837 et
833 1788 889 1852 b)
944 1788 1096 1853 quasi
1146 1787 1387 1853 pondere
1439 1804 1535 1836 suo
1588 1787 1640 1836 in
1697 1787 1925 1836 eandem
1989 1784 2128 1836 incli-

217 1878 372 1919 netur
421 1887 516 1919 seu
569 1869 895 1920 sollicitetur.
977 1870 1148 1935 Alqm'
1202 1878 1489 1936 utrumque
1544 1870 1595 1919 in
1650 1877 1839 1919 natura
1896 1868 2130 1919 humana

218 1940 485 2018 reperitur.

292 2034 449 2084 Prab.
495 2035 620 2084 min.
665 2035 799 2085 subs.
845 2035 925 2084 ad
958 2053 1023 2085 a:
1071 2033 1440 2101 Capacifalem
1481 2033 1749 2100 perfectae
1789 2034 2132 2084 beatitudinis

217 2126 436 2167 naturae
477 2117 741 2167 humanae
780 2118 952 2167 inesse
993 2125 1142 2183 patet
1182 2135 1250 2184 ex
1292 2126 1482 2167 natura
1519 2116 1821 2167 intellectus
1861 2125 1914 2166 et
1947 2116 2129 2167 volun-

219 2200 353 2265 tatis,
399 2201 489 2266 qui
529 2201 702 2250 omnis
742 2201 851 2250 veri
893 2209 944 2249 et
985 2200 1114 2249 boni
1156 2217 1382 2266 capaces
1422 2208 1559 2249 sunt.
1617 2199 1819 2249 Eorum
1859 2199 2000 2249 enim
2039 2199 2130 2249 ob-

218 2283 415 2344 iectum
457 2282 678 2332 formale
719 2291 800 2333 est
839 2300 1023 2332 verum
1064 2291 1117 2332 et
1157 2283 1363 2332 bonum
1390 2291 1447 2331 ut
1474 2282 1564 2343 sic,
1607 2271 1841 2348 ideoque
1869 2281 2130 2348 quidquid

219 2364 358 2415 hanc
400 2366 657 2436 rationem
701 2366 810 2415 veri
849 2365 933 2415 vel
975 2366 1104 2415 boni
1144 2365 1335 2425 habet,
1393 2365 1461 2415 ab
1513 2365 1642 2431 ipsis
1691 2364 1882 2430 attingi
1933 2372 2128 2430 potest.

221 2448 390 2513 Atqui
426 2436 611 2497 verum
628 2437 705 2497 *et
745 2440 951 2497 bonum
990 2456 1114 2497 sunt
1155 2449 1385 2498 rationes
1425 2446 1949 2508 transcendentales,
1993 2455 2165 2512 quae'

220 2539 329 2580 tam
372 2529 478 2580 late
518 2540 705 2596 patent
747 2547 907 2595 quam
934 2531 1110 2596 ipsum
1139 2547 1248 2591 ens,
1293 2538 1445 2579 extra
1473 2530 1619 2595 quod
1651 2538 1731 2578 est
1759 2528 1901 2578 nihil.
1957 2529 2127 2594 Erga.

296 2613 453 2662 Proh.
499 2614 623 2663 7122'72.
677 2612 815 2662 subs.
871 2613 950 2684 ad
983 2612 1043 2662 b:
1098 2612 1357 2662 Naturam
1409 2612 1699 2661 humanam
1750 2609 1988 2661 inclinari
2037 2628 2131 2661 seu

221 2695 492 2745 sollicitari
546 2696 597 2745 in
653 2679 1388 2761 perfectammbeatitudinem
1444 2701 1595 2761 patet
1653 2694 1704 2759 a)
1758 2711 1789 2744 a
1843 2694 2005 2760 priori
2062 2710 2132 2743 ex

225 2778 457 2844 generali
497 2764 790 2844 principio,
834 2777 982 2844 quod
1024 2776 1293 2844 quaelibet
1333 2776 1557 2827 facultas
1597 2776 1819 2826 naturali
1858 2775 2134 2826 tendentia

223 2860 384 2913 fertur
423 2862 476 2910 in
517 2861 789 2910 obiectum
830 2877 985 2910 suum
1026 2877 1124 2926 pro
1167 2876 1413 2909 mensura
1452 2858 1762 2925 capacitatis
1801 2875 1930 2909 suae
1973 2891 2036 2896 —
2076 2858 2132 2907 id

225 2943 373 3009 quod
415 2960 524 2992 non
565 2942 738 2992 solum
779 2943 830 2992 in
872 2943 1104 3003 homine,
1148 2942 1243 2991 sed
1273 2943 1432 2991 etiam
1460 2943 1511 2991 in
1540 2941 1789 2991 omnibus
1816 2940 1929 2990 aliis
1956 2940 2131 3001 rebus,

225 3025 534 3090 praesertim
562 3042 689 3074 vero
726 3025 938 3074 entibus
964 3025 1280 3084 viventibus,
1325 3025 1635 3088 contingere
1661 3023 1920 3083 videmus,
1950 3039 2132 3071 unum-

228 3106 482 3173 quodque
523 3107 663 3156 enim
705 3107 911 3172 appetit
950 3124 1102 3156 suam
1142 3105 1527 3172 perfectionem
1569 3107 1638 3169 (Ι,
1684 3119 1733 3164 2,
1776 3122 1826 3171 q.
1877 3118 1920 3165 Ι,
1962 3121 2008 3154 a.
2051 3104 2128 3168 5);

227 3188 355 3252 b)‚a
393 3188 687 3254 posteriori,
731 3189 999 3254 appetitus
1034 3189 1175 3238 enim
1203 3188 1408 3237 elicitus
1435 3187 1779 3237 beatitudinis
1805 3185 2133 3236 necessarius

230 3278 336 3320 est:
379 3278 492 3319 tum
533 3271 712 3335 quoad
751 3269 1192 3335 specificatianem
1234 3279 1399 3329 actus,
1442 3270 1515 3318 ita
1549 3277 1607 3318 ut
1634 3268 1799 3318 homo
1828 3285 1936 3318 non
1964 3267 2135 3333 possit

230 3350 432 3401 sincere
471 3350 607 3401 velle
647 3352 956 3417 oppositum
999 3350 1073 3415 (S.
1128 3350 1334 3411 Titane„
1374 3352 1460 3400 De
1499 3350 1642 3400 malo
1683 3367 1734 3416 q.
1778 3350 1827 3400 6.
1893 3348 2129 3411 Lessz'uS,
