2182 3682
213 184 322 232 404
613 184 727 212 PARS
761 184 810 218 ΙΙ.
865 185 1181 216 PHILOSOPHIA
1214 186 1418 216 MORALIS
1455 187 1704 219 SPECIALIS.

212 317 417 382 indiget
457 317 525 367 ad
566 334 721 367 suum
762 318 937 370 finem.
1007 319 1161 385 Ergo
1192 361 1200 370 .
1236 362 1244 371 .
1279 363 1287 371 .
1348 321 1512 372 Porro
1553 323 1718 373 habet
1746 324 2032 374 auctoritas
2059 341 2122 375 ea

210 397 322 448 iura
360 399 493 450 sola.
577 399 826 450 Hominis
878 402 1019 451 enim
1060 401 1276 453 libertas
1316 421 1412 469 per
1450 421 1507 454 se
1549 413 1629 455 est
1669 406 1720 455 in
1762 406 2117 472 possessione,

209 481 239 531 i.
285 498 326 532 θ.
373 483 463 548 qui
514 482 613 532 sibi
664 484 742 533 ius
783 484 1016 534 vindicat
1068 485 1113 534 ei
1169 487 1558 552 praecipiendi,
1614 487 1719 537 hoc
1770 489 1850 537 ius
1890 489 2120 554 probare

210 564 388 614 debet.
470 564 528 614 In
581 566 766 615 ordine
818 575 999 616 autem
1039 567 1261 617 naturali
1302 577 1543 634 potestas
1584 569 1761 636 aliqua
1802 578 2008 620 tantum
2050 588 2121 621 ex

207 646 318 696 eius
359 647 674 697 necessitate
714 649 783 697 ad
826 648 987 698 finem
1029 667 1057 699 a
1086 650 1207 699 Deo
1237 650 1461 700 volitum
1491 652 1707 717 probari
1734 659 1929 718 potest.
1999 652 2119 703 Iura

207 746 359 794 ergo,
405 747 542 795 quae
583 730 720 780 hanc
761 731 1133 781 necessitatem
1176 733 1464 794 excedunt,
1508 751 1616 782 non
1652 734 1867 800 probari
1894 742 2119 800 possunt

205 811 437 877 ideoque
488 829 596 861 non
649 813 924 863 exsistunt.
1007 813 1101 863 Ille
1154 832 1408 865 excessus
1456 816 1736 881 potestatis
1777 824 1918 866 esset
1957 817 2116 867 etiam

202 893 412 954 inutilis,
456 894 484 943 i.
517 912 559 944 e.
605 913 712 945 non
753 895 976 946 haberet
1010 896 1188 958 finem,
1233 906 1286 947 et
1314 898 1591 947 hominurn
1621 897 1851 948 libertati
1879 899 2113 949 nocivus.

280 983 419 1034 Hinc
472 993 551 1034 est
603 985 850 1051 generale
903 986 1143 1036 axioma:
1204 1003 1450 1037 mensura
1504 987 1783 1038 cuiuslibet
1833 989 2115 1054 potestatis

203 1066 454 1116 naturalis
506 1084 576 1116 ex
628 1067 731 1117 fine
785 1069 1046 1118 sumenda
1101 1077 1205 1130 est,
1264 1070 1330 1119 ad
1384 1087 1544 1135 quem
1588 1087 1617 1119 a
1658 1071 1780 1120 Deo
1822 1070 2110 1133 ordinatur,

200 1149 272 1198 ita
313 1158 368 1199 ut
409 1167 507 1200 nec
549 1150 721 1200 minor
761 1168 858 1200 nec
901 1152 1084 1212 maior,
1128 1153 1223 1201 sed
1267 1153 1503 1218 praecise
1545 1161 1692 1202 tanta
1731 1153 1814 1214 sit,
1858 1161 2113 1218 quantam

202 1233 525 1282 conveniens
567 1234 875 1283 consecutio
918 1234 1034 1283 finis
1077 1234 1317 1284 eiusdem
1359 1233 1608 1300 postulat.
1678 1234 1840 1285 Unde
1868 1234 2110 1286 infertur:

200 1324 364 1375 actus,
410 1315 601 1381 quibus
642 1316 962 1380 gubernium
1004 1316 1154 1366 civile
1195 1316 1278 1366 vel
1321 1316 1477 1365 finem
1522 1316 1795 1367 Ecclesiae
1835 1317 1935 1367 sibi
1975 1334 2112 1367 arro-

199 1405 292 1462 gat
332 1396 414 1446 vel
468 1398 519 1447 in
571 1397 799 1448 familiae
851 1407 944 1448 aut
994 1399 1228 1465 privatae
1270 1400 1409 1448 vitae
1451 1400 1689 1465 regimen
1730 1400 1902 1465 magis
1941 1416 1999 1449 se
2038 1400 2109 1449 in-

199 1480 357 1545 gerit,
409 1498 567 1546 quam
610 1480 727 1530 finis
768 1482 897 1530 boni
938 1481 1137 1547 publici
1179 1481 1441 1547 postulat,
1485 1482 1567 1531 vel
1610 1482 1922 1548 posthabito
1963 1482 2109 1532 bono

198 1563 470 1612 communi
510 1563 576 1612 ad
620 1564 881 1629 privatum
925 1565 1275 1614 commodum
1318 1566 1622 1614 communia
1664 1565 1840 1615 media
1881 1565 2105 1626 ordinat,

198 1662 292 1711 per
330 1662 388 1695 se
428 1645 621 1695 nullius
662 1645 856 1696 valoris
896 1656 1035 1696 sunt.

200 1803 318 1857 541
336 1833 346 1844 .
429 1809 475 1844 2.
507 1796 817 1846 Alsclm'isas
844 1797 1026 1847 civilis
1053 1797 1200 1847 nillil
1213 1798 1736 1863 pl‘aeecspel‘epolesl,
1769 1797 1914 1863 quod
1927 1797 2106 1847 volun-

194 1878 298 1926 ἴαῖί
322 1877 543 1928 divinae
570 1888 709 1929 cerlo
733 1881 975 1945 cognitae
1005 1888 1287 1945 repugnat,
1329 1881 1438 1930 sive
1460 1879 1592 1930 haec
1616 1879 1860 1930 voluntas
1882 1879 2103 1930 naturali

196 1960 409 2010 rationis
450 1960 647 2011 lumine
687 1963 797 2012 sive
839 1963 1160 2012 revelatione
1198 1963 1554 2028 cognoscitur.
1624 1962 1936 2012 Auctoritas
1965 1963 2105 2012 enim

195 2059 225 2092 a
252 2042 374 2093 Deo
417 2044 695 2094 descendit
735 2046 967 2112 ideoque
1008 2055 1123 2095 tota
1163 2063 1192 2095 a
1231 2045 1506 2095 voluntate
1546 2045 1650 2094 Dei
1690 2054 1965 2111 tamquam
2005 2062 2104 2094 suo

196 2124 545 2176 fundamento
588 2136 640 2177 et
680 2145 774 2177 sua
814 2145 1001 2177 norma
1044 2127 1330 2193 dependet.
1401 2127 1549 2177 Deus
1591 2136 1771 2176 autem
1811 2144 1910 2177 nec
1938 2126 2105 2176 voluit

194 2224 293 2257 nec
345 2210 519 2274 potuit
570 2218 896 2276 potestatem
949 2210 1076 2260 dare
1129 2210 1468 2275 pervertendi
1510 2209 1591 2259 vel
1638 2209 1986 2276 perturbandi
2027 2227 2104 2258 or-

196 2290 374 2340 dinem
427 2309 456 2340 a
506 2309 563 2342 se
614 2302 888 2343 statutum.
986 2292 1263 2342 Praeterea
1319 2300 1560 2358 potestas
1612 2291 1844 2341 humana
1895 2292 2105 2358 concipi

196 2372 359 2422 debet
414 2383 689 2440 tamquam
746 2376 1081 2442 participatio
1139 2376 1407 2442 quaedam
1460 2375 1742 2441 potestatis
1795 2374 2001 2423 divinae
2052 2375 2104 2423 in

195 2455 583 2520 gubernatione
634 2457 788 2507 huius
840 2458 1040 2508 mundi.
1122 2458 1251 2507 ldeo
1305 2458 1415 2507 eius
1467 2474 1658 2506 munus
1709 2465 1790 2506 est
1841 2456 2102 2506 rationem

193 2538 617 2603 gubernationis,
674 2558 834 2606 quam
877 2541 1026 2590 Deus
1076 2557 1172 2590 sua
1220 2540 1340 2606 lege
1381 2549 1597 2589 aeterna
1636 2538 1914 2598 stabilivit,
1968 2539 2103 2588 intra

191 2619 473 2685 sphaeram
525 2622 624 2671 sibi
676 2623 1017 2673 commissam
1071 2630 1123 2672 et
1174 2624 1226 2672 in
1275 2623 1460 2672 ordine
1512 2623 1581 2672 ad
1635 2621 1796 2671 finem
1845 2621 1946 2670 sibi
1984 2638 2102 2687 pro-

193 2703 427 2768 positum
474 2704 525 2753 in
567 2704 818 2754 effectum
863 2706 1144 2755 deducere.
1227 2703 1574 2770 Quapropter
1613 2703 1899 2753 auctoritas
1940 2701 2103 2752 civilis

191 2784 316 2833 nihil
369 2787 677 2851 praecipere
729 2795 938 2852 potest,
996 2787 1143 2853 quod
1196 2787 1477 2836 intrinsece
1532 2786 1875 2836 inhonestum
1927 2792 2008 2834 est
2047 2793 2101 2834 et

191 2865 312 2932 lege
363 2867 586 2917 naturali
634 2869 973 2934 prohibetur,
1029 2869 1155 2918 nihil
1197 2886 1441 2935 quoque,
1497 2868 1647 2935 quod
1687 2866 1987 2934 praeceptis
2027 2884 2100 2916 re-

189 2948 375 2998 velatis
415 2950 499 3000 vel
539 2951 736 3000 iuribus
778 2951 1050 3001 Ecclesiae
1092 2959 1373 3017 repugnat.

265 3037 406 3089 Hinc
458 3040 508 3103 a)
550 3040 782 3090 absurda
833 3049 913 3090 est
965 3041 1205 3090 doctrina
1246 3038 1742 3100 Macchiavellismi,
1799 3056 1937 3104 quae
1983 3055 2100 3088 auc-

189 3121 458 3171 toritatem
500 3121 704 3171 civilem
746 3123 797 3172 in
839 3123 1024 3172 ordine
1065 3123 1134 3172 ad
1176 3122 1336 3172 finem
1366 3122 1637 3189 publicum
1666 3138 1696 3171 a
1724 3121 2098 3171 communibus

190 3201 484 3253 honestatis
535 3204 744 3270 legibus
792 3205 991 3254 eximit.
1074 3204 1187 3254 Etsi
1229 3206 1369 3254 enim
1410 3234 1477 3241 -—
1521 3204 1670 3270 quod
1710 3203 1868 3269 plane
1909 3202 2098 3252 falsum

187 3315 261 3321 —
300 3285 447 3336 bono
490 3287 761 3336 communi
803 3277 1109 3336 utile'esset
1149 3286 1297 3353 leges
1338 3287 1647 3347 honestatis,
1690 3304 1736 3336 v.
1777 3303 1827 3352 g.
1870 3285 2097 3335 iustitiae

190 3375 318 3429 etc.‚
374 3367 686 3435 neglegere,
743 3380 921 3420 tamen
975 3386 1081 3419 non
1134 3369 1333 3419 licitum
1385 3378 1525 3419 esset
1565 3385 1725 3435 agere
1766 3376 1952 3418 contra
1991 3368 2096 3417 Dei
