2182 3682
532 147 683 175 CAPUT
716 147 744 175 1.
796 146 858 174 DE
890 146 1003 174 FINE
1036 145 1216 173 ULTIMO
1251 146 1466 175 HOMINIS.
1879 147 1937 196 13

120 298 168 347 4.
227 282 559 333 Considerari
614 289 793 348 potest
848 280 1123 330 beatitudo
1180 287 1270 328 aut
1323 279 1480 345 plane
1536 279 1945 328 indeterminate

47 373 100 416 et
140 366 190 414 in
232 358 518 424 communi,
562 371 723 428 prout
762 363 1056 428 generatim
1098 362 1222 410 dicit
1255 361 1649 426 possessionem
1678 361 1806 409 boni
1833 377 1943 426 per-

46 448 167 502 fecti
208 444 568 496 abstrahendo
609 451 724 493 tum
764 461 795 493 a
835 444 1188 493 determinato
1230 443 1375 491 bono
1417 459 1523 507 quo
1566 441 1789 490 efficitur
1833 450 1945 490 tum

46 547 76 578 a
117 529 468 577 determinato
510 527 675 575 modo
717 526 1042 591 adeptionis,
1097 532 1185 573 aut
1227 524 1604 584 determinate,
1660 530 1818 588 prout
1857 522 1947 572 tali

44 609 258 679 ‘'gli-ali
298 609 510 659 obiecto
552 617 605 658 et
656 615 778 658 actu
831 596 1199 668 constituitur(
1258 605 1555 671 Loquimur
1606 604 1673 653 de
1725 604 1947 654 beatitu—

47 693 168 741 dine
190 678 258 740 111
282 680 472 757 vpriore
511 707 682 739 sensu.

124 785 168 837 5.
223 772 509 822 Beatitudo
550 770 824 821 naturalis
864 778 944 820 est
983 769 1095 830 illa,
1151 786 1288 835 quae
1329 769 1609 834 exigentiis
1650 776 1703 817 et
1753 767 1948 817 viribus

46 854 372 905 naturalibus
413 853 729 919 respondet3
772 851 1224 916 supernalm'alis,
1283 867 1418 917 quae
1459 851 1674 900 easdem
1717 850 1946 899 excedit.

46 937 289 1002 Utraque
318 936 566 985 dividitur
592 936 643 984 in
672 935 1045 999 imperfectam
1075 924 1466 997 etipclfecl‘am,
1496 941 1654 998 prout
1683 932 1949 998 possessio

46 1019 175 1069 boni
215 1018 422 1068 beantis
463 1025 544 1066 est
584 1017 860 1077 eiusmodi,
905 1024 962 1065 ut
1001 1014 1248 1065 voluntas
1289 1015 1357 1064 ad
1394 1014 1687 1080 perfectam
1716 1014 1950 1080 quietem

46 1100 245 1164 maiore
284 1100 522 1166 indigeat
561 1098 643 1148 vel
685 1116 808 1148 non.

122 1181 317 1231 Sensus
357 1181 527 1246 igitur
565 1181 731 1231 thesis
771 1188 878 1229 est:
932 1179 1142 1243 Homo,
1184 1179 1239 1244 vsi
1280 1196 1374 1244 per
1412 1178 1829 1228 abstractionem
1881 1177 1948 1227 ab

48 1264 233 1315 ordine
262 1263 660 1329 supernaturali,
704 1263 771 1312 ad
801 1279 960 1328 quem
991 1263 1057 1311 de
1088 1258 1228 1311 facto
1259 1261 1496 1311 elevatus
1524 1270 1618 1322 est,
1654 1260 1949 1310 secundum

48 1346 208 1406 solius
249 1353 466 1396 naturae
506 1363 601 1411 per
640 1345 1023 1411 experientiam
1066 1344 1313 1409 cognitae
1355 1344 1488 1392 vires
1529 1353 1581 1392 et
1624 1343 1949 1409 exigentiam

47 1435 342 1494 spectatur,
386 1445 416 1477 a
457 1436 694 1477 creatore
736 1427 1029 1476 destinatus
1070 1434 1176 1486 est,
1220 1432 1277 1474 ut
1317 1424 1646 1486 naturaliter,
1690 1426 1720 1474 i.
1765 1442 1808 1496 e.
1853 1442 1949 1490 pro

51 1510 289 1560 eiusdem
348 1518 564 1559 naturae
630 1509 953 1575 capacitate,
1022 1507 1406 1558 beatitudinem
1472 1507 1762 1573 perfectam
1829 1524 1950 1556 con-

51 1600 316 1661 Sequatur.

127 1675 174 1724 ὦ.
238 1673 331 1723 Ad
390 1681 765 1739 argumentum
824 1672 1247 1737 intellegendum
1308 1680 1435 1721 nota
1500 1670 1770 1737 duplicem
1837 1688 1952 1720 esse

53 1755 341 1822 appetitam
382 1773 473 1805 seu
514 1754 908 1805 inclinationem
951 1755 1002 1804 in
1043 1755 1273 1804 bonum:
1329 1754 1559 1803 dicisum
1601 1762 1653 1803 et
1695 1753 1950 1803 inausum.

52 1837 285 1901 Elz'cz'lus
323 1845 404 1887 est
443 1837 710 1887 inclinatio
752 1838 802 1886 in
838 1838 1038 1887 bonum
1068 1837 1478 1903 apprehensum,
1523 1846 1575 1886 et
1602 1835 1956 1885 subdividitur

52 1921 103 1969 in
131 1919 510 1985 intellectivmn
540 1926 592 1969 et
619 1920 947 1981 sensitivam,
991 1928 1150 1986 prout
1179 1937 1247 1969 ex
1276 1918 1583 1984 cognitione
1616 1916 1956 1967 intellectuali

53 2001 134 2051 vel
174 2001 422 2065 sensitiva
462 2002 636 2051 oritur.
718 2000 1012 2067 Appetitus
1063 2019 1188 2051 vero
1242 2002 1460 2051 innatus
1513 2009 1592 2050 est
1655 2000 1954 2061 «inclinatio

54 2084 317 2150 quaedam
360 2084 429 2133 ab
470 2083 700 2134 interiori
741 2084 1001 2150 principio
1042 2092 1095 2133 et
1136 2084 1246 2133 sine
1279 2083 1617 2149 cognitione»
1652 2082 1727 2147 (S.
1769 2082 1952 2132 Thone.

63 2181 103 2226 Ι,
138 2179 184 2227 2,
229 2183 278 2232 q.
323 2166 372 2227 6,
415 2182 461 2215 a.
491 2180 527 2228 4
567 2174 620 2215 et
661 2184 708 2232 q.
744 2167 828 2226 26,
873 2184 917 2216 a.
958 2167 1018 2231 Ι).
1077 2166 1305 2215 Proinde
1345 2183 1452 2215 non
1482 2172 1563 2215 est
1591 2173 1742 2215 actus
1770 2164 1956 2225 vitalis,

56 2248 152 2297 sed
194 2248 344 2313 quasi
385 2248 666 2313 gravitatio
709 2249 975 2314 quaedam
1017 2257 1233 2298 naturae
1274 2249 1325 2297 in
1379 2248 1686 2309 terminum,
1742 2265 1771 2297 a
1823 2264 1960 2297 crea-

56 2337 172 2379 tore
213 2329 388 2379 eidem
428 2331 698 2397 impressa.
768 2331 1045 2380 Praeterea
1085 2348 1193 2380 non
1234 2330 1409 2380 solum
1449 2331 1585 2379 inest
1625 2330 1837 2379 entibus
1878 2347 1961 2379 co-

58 2412 468 2476 gnoscentibus,
528 2413 624 2463 sed
666 2414 826 2462 etiam
867 2413 1027 2462 rebus
1067 2413 1389 2473 inanimatis,
1442 2420 1520 2473 et,
1577 2412 1770 2477 quibus
1810 2413 1960 2472 inest,

59 2501 322 2559 perpetuo
362 2495 513 2544 inest.
595 2495 843 2561 Denique
884 2513 991 2544 non
1034 2495 1161 2544 dicit
1202 2511 1403 2544 meram
1445 2495 1823 2560 capacitatem,
1867 2494 1963 2543 sed

60 2575 338 2640 positivam
407 2577 765 2639 tendentiam,
835 2595 940 2643 qua
1002 2584 1186 2627 natura
1244 2577 1295 2625 in
1356 2577 1559 2626 bonum
1617 2593 1770 2626 suurn
1829 2575 1965 2625 solli-

61 2664 265 2708 citatur.

137 2750 184 2803 7
230 2739 371 2805 Quia
411 2740 661 2807 frequens
701 2742 760 2792 fit
800 2742 1000 2791 mentio
1042 2750 1272 2791 naturae
1313 2741 1601 2801 humanae,
1643 2749 1796 2791 nota:

135 2821 185 2886 a)
226 2822 442 2897 nomine
481 2832 714 2874 naturae
752 2823 1076 2890 intellegitur
1115 2825 1230 2890 ipsa
1271 2823 1344 2872 rei
1384 2823 1637 2883 essentia,
1684 2830 1855 2889 pleat
1891 2829 1971 2871 est

51 2901 385 2971 punczpzzmz
427 2906 756 2970 Opelalf‘lmonls
797 2907 907 2956 sive
947 2914 1152 2967 motus3
1195 2904 1279 2955 vel
1321 2912 1401 2954 est
1440 2906 1615 2970 ipsum
1656 2921 1772 2954 esse
1800 2904 1871 2953 rei
1899 2903 1967 2953 ad

17 3035 21 3038 ,
64 2990 211 3034 certo
252 2988 420 3037 modo
461 2988 797 3054 operandum
840 2948 1173 3054 disposituni.
1256 2985 1392 3036 Cum
1444 2986 1577 3036 haec
1619 2986 1898 3051 dispositio
1939 3001 1970 3034 a

65 3073 303 3118 creatore
344 3071 630 3135 procedat,
687 3079 829 3120 recte
871 3087 993 3120 cum
1035 3069 1088 3120 S.
1143 3068 1349 3118 Thema
1393 3068 1472 3132 (In
1513 3068 1561 3117 ΙΙ
1602 3068 1758 3132 Phys.
1803 3066 1832 3115 l.
1885 3067 1968 3129 14)

66 3145 169 3196 dici
219 3157 427 3216 potest:
501 3152 736 3202 «Natura
786 3152 912 3202 nihil
963 3151 1107 3202 aliud
1160 3160 1239 3201 est
1291 3167 1454 3216 quam
1506 3151 1637 3199 ratio
1695 3148 1968 3198 cuiusdam

67 3229 216 3301 artis,
270 3231 471 3283 scilicet
511 3234 744 3295 divinae,
799 3234 966 3284 indita
1006 3234 1191 3294 rebus,
1235 3248 1342 3299 qua
1381 3232 1527 3297 ipsae
1569 3247 1651 3280 res
1691 3236 1972 3279 moventur

47 3307 138 3359 ‚ad
190 3312 349 3362 finem
402 3314 860 3366 determinatum»
956 3316 1107 3365 Entis
1159 3314 1376 3365 alicuius
1439 3312 1725 3378 compositi
1786 3319 1970 3361 natura
