2182 3682
518 173 603 202 LIB.
640 174 688 203 11.
735 175 834 203 CAP.
870 175 937 204 111.
986 176 1048 203 DE
1083 176 1342 206 SOCIETATE
1376 180 1534 210 CIVILI.
1856 189 1963 239 443

61 309 387 371 cessitatem,
442 310 611 375 possit
651 318 703 359 et
743 310 941 360 debeat
992 328 1073 361 res
1112 313 1252 362 vitae
1304 317 1625 367 necessarias
1681 336 1965 384 procurare

61 392 387 440 exstruendo
429 390 680 452 fabricam,
735 393 1039 442 exercendo
1082 403 1461 457 mercaturam,
1517 398 1751 456 colendo
1789 418 1961 467 agros,

60 471 215 522 Multi
270 474 514 523 nimirum
567 474 619 523 id
671 474 833 524 hodie
884 491 915 524 a
967 484 1233 540 potestate
1285 477 1502 543 publica
1551 481 1849 545 postulant,
1909 493 1968 534 ut

60 554 250 604 eadem
291 554 380 605 tali
420 555 586 605 modo
629 573 882 622 magnum
926 557 1186 607 influxum
1228 559 1279 608 in
1321 576 1493 608 rerum
1535 562 1963 626 productionem,

61 636 559 687 determinationem
611 639 903 704 pretiorum
956 640 1207 704 acquirat.
1289 640 1424 701 Sed,
1476 651 1533 691 ut
1573 660 1642 692 ex
1682 645 1967 709 praedictis

59 726 223 784 patet,
266 719 319 769 id
360 720 655 785 generatim
697 718 925 769 alienum
967 730 1048 771 est
1087 737 1117 770 a
1157 740 1376 772 munere
1417 724 1746 779 auctoritatis
1787 726 1964 788 civilis,

57 801 169 850 sine
219 801 502 852 sufficienti
554 803 756 852 ratione
813 803 1135 853 activitatem
1193 805 1452 870 privatam
1508 806 1761 872 impedit,
1821 817 1967 874 pote-

57 890 251 932 statem
293 883 536 949 gubernii
578 884 739 934 civilis
779 884 941 934 hodie
996 885 1099 934 iam
1141 886 1354 936 nimiam
1398 887 1533 937 ultra
1572 889 1740 939 iustos
1780 889 1970 940 limites

59 974 220 1030 auget
260 974 314 1015 et
353 965 655 1016 socialismo
695 967 834 1016 viam
875 969 1074 1017 sternit.

253 1124 280 1179 ξ
316 1136 352 1177 7.
403 1129 481 1167 EX
513 1130 707 1169 DICTIS
740 1131 1050 1179 INFERTUR,
1089 1131 1232 1181 QUID
1266 1132 1346 1171 DE
1379 1132 1774 1172 LIBERALISMO

763 1197 1125 1237 CENSENDL'M
1161 1198 1261 1237 SIT.

761 1298 1022 1353 (Moralphil.
1059 1302 1098 1339 II
1132 1302 1156 1340 6
1168 1313 1181 1339 Ι
1193 1299 1253 1352 8.)

62 1405 208 1458 600.
291 1408 428 1474 Quia
468 1408 665 1475 pluries
705 1410 809 1459 iam
850 1410 1153 1460 liberalismi
1195 1412 1522 1462 mentionem
1564 1412 1796 1475 fecimus,
1841 1415 1970 1464 eius-

58 1491 291 1556 demque
351 1490 545 1556 placita
603 1493 890 1558 praecipue
944 1492 1256 1543 relationem
1310 1495 1639 1544 auctoritatis
1692 1495 1852 1546 civilis
1899 1497 1966 1546 ad

58 1572 366 1638 religionem
409 1582 462 1624 et
502 1575 664 1624 vitam
716 1574 968 1624 socialem
1021 1576 1315 1641 generatim
1367 1585 1639 1642 spectant,
1694 1577 1798 1627 hoc
1843 1578 1964 1628 loco

58 1656 323 1721 quaedam
377 1656 445 1705 de
485 1655 589 1706 hoc
631 1674 804 1706 errore
857 1657 1085 1707 dicenda
1137 1667 1272 1708 sunt.
1356 1658 1736 1710 Praenotamus
1787 1668 1965 1710 autem

60 1755 197 1804 quae
239 1738 429 1787 dicturi
469 1755 652 1788 sumus
693 1757 799 1789 non
833 1739 1007 1789 valere
1049 1741 1116 1789 de
1156 1740 1376 1806 singulis
1417 1740 1736 1803 hominibus,
1781 1744 1871 1808 qui
1911 1760 1967 1792 se

60 1819 303 1870 liberales
343 1830 553 1881 vocant,
597 1822 762 1870 immo
804 1840 980 1888 neque
1010 1823 1077 1872 de
1105 1823 1345 1888 partibus
1388 1822 1690 1874 liberalibus
1731 1825 1969 1874 omnium

59 1902 353 1969 regionum,
396 1903 490 1952 sed
527 1903 593 1952 de
634 1912 926 1969 systemate
967 1905 1100 1971 ipso,
1146 1914 1305 1970 prout
1344 1906 1396 1955 in
1438 1905 1702 1972 plerisque
1732 1905 1970 1957 Statibus

57 1985 310 2051 Europae
350 2002 380 2034 a
421 1985 695 2050 permultis
736 1985 1073 2052 intellegitur.

135 2066 247 2117 Sub
270 2066 460 2132 triplici
479 2068 814 2133 potissimum
839 2068 1008 2118 forma
1031 2069 1380 2119 liberalismus
1403 2071 1633 2120 occurrit
1651 2070 1779 2135 (Leo
1798 2071 1861 2120 A
1858 2071 1968 2133 Ill,

59 2148 262 2214 encycl.
313 2149 605 2211 «Libertas,
650 2151 1160 2216 praestantissimum
1202 2161 1421 2202 naturae
1462 2152 1750 2218 bonum»):

63 2280 208 2333 601.
298 2298 338 2334 Ι.
383 2283 776 2345 Liberalismus,
822 2285 911 2350 qui
951 2285 1049 2334 sibi
1092 2284 1249 2351 plane
1291 2295 1528 2346 constat,
1579 2287 1724 2336 reicit
1765 2304 1968 2336 onmem

60 2365 433 2415 auctoritatem
474 2366 718 2416 divinam
761 2368 945 2432 quoad
966 2367 1135 2417 visam
1165 2368 1434 2418 socialem.
1497 2367 1700 2419 Omnes
1728 2368 1970 2419 homines

61 2447 430 2513 concipiuntur
470 2447 619 2497 liberi
660 2458 713 2498 et
753 2449 888 2498 inter
921 2467 977 2499 se
1019 2450 1285 2516 aequales,
1330 2460 1383 2500 et
1423 2451 1710 2500 auctoritas
1751 2451 1849 2500 alia
1889 2452 1972 2501 via

62 2529 183 2578 oriri
223 2547 330 2579 non
372 2539 553 2596 potest
606 2531 700 2580 nisi
751 2533 1023 2581 communi
1063 2532 1337 2583 voluntate
1378 2550 1470 2583 seu
1514 2542 1701 2598 pact0‚
1757 2550 1821 2583 eo
1866 2533 1972 2584 fere

61 2611 258 2672 modo,
318 2629 427 2677 quo
485 2612 636 2662 finxit
690 2612 980 2665 Rousseau,
1076 2615 1199 2665 Pars
1255 2616 1422 2665 maior
1478 2615 1662 2681 populi
1718 2624 1798 2665 est
1854 2615 1972 2666 fons

62 2694 234 2743 omnis
286 2692 418 2760 legis
460 2703 513 2744 et
551 2695 689 2745 iuris.
770 2696 954 2746 Potest
1006 2714 1135 2762 ergo
1188 2696 1538 2747 liberalismus
1587 2697 1673 2746 hic
1726 2697 1972 2764 definiri:

62 2774 220 2841 plena
258 2777 566 2826 autonomia
606 2777 943 2828 individualis
981 2779 1248 2845 applicata
1277 2780 1344 2829 ad
1374 2780 1535 2830 vitam
1575 2779 1844 2840 socialem,
1887 2778 1970 2829 vel

63 2858 249 2907 etiam:
294 2858 665 2909 naturalismus
705 2877 797 2909 seu
841 2861 1230 2911 rationalismus
1271 2862 1340 2911 ad
1369 2863 1530 2912 vitam
1572 2862 1847 2912 hominum
1890 2879 1969 2911 so-

64 2939 251 2989 cialem
291 2940 606 3006 applicatus.

137 3021 223 3071 Ex
244 3021 324 3072 his
347 3023 613 3090 principiis
635 3024 1121 3076 fundamentalibus
1144 3025 1445 3076 liberalismi
1467 3026 1707 3092 sequitur
1727 3027 1777 3089 a)
1797 3025 1979 3091 quoad

63 3103 379 3169 7el2g20nem
410 3114 460 3155 et
482 3107 780 3157 memlem
809 3107 1134 3158 Societatem
1165 3126 1281 3159 esse
1309 3108 1641 3159 atheisticam
1671 3107 1733 3172 (l’
1738 3094 1875 3157 Etat
1897 3115 1976 3157 est

63 3186 255 3253 atlze'e),
299 3188 327 3238 i.
360 3205 403 3238 e.
436 3205 553 3237 eam
583 3189 779 3239 debere
808 3190 1006 3240 nullam
1037 3191 1138 3240 Dei
1167 3200 1220 3241 et
1248 3191 1517 3257 religionis
1546 3206 1727 3240 curam
1755 3189 1967 3250 habere,

61 3284 156 3317 seu
197 3268 492 3319 Ecclesiam
533 3270 690 3336 plane
731 3289 847 3322 esse
880 3289 910 3322 a
939 3272 1092 3324 Statu
1133 3273 1501 3339 separandam,
1545 3281 1612 3333 et,
1657 3271 1804 3337 quod
1845 3271 1970 3321 inde

63 3351 316 3416 sequitur,
360 3353 608 3403 omnibus
647 3353 862 3420 plenam
903 3355 1202 3406 libertatem
1243 3355 1509 3421 religionis
1550 3363 1602 3404 et
1639 3353 1812 3405 cultus
1853 3370 1970 3404 esse
