2182 3682
219 152 326 214 396
624 161 738 190 PARS
772 161 819 191 ΙΙ.
871 161 1185 191 PHILOSOPHIA
1218 162 1421 191 MORALIS
1458 162 1706 193 SPECIALIS.

915 304 943 358 ξ
982 318 1016 346 1.
1065 307 1146 345 DE
1179 307 1423 347 POPULO.

215 424 360 478 527.
442 415 665 465 Materia
716 416 1008 482 personalis
1050 416 1324 482 proxima,
1380 434 1450 466 eX
1490 434 1597 482 qua
1635 418 1865 468 societas
1905 418 2123 485 politica

211 498 567 562 componitur,
613 515 722 548 non
763 507 885 548 sunt
925 498 1233 548 immediate
1259 498 1480 563 singula
1509 499 1793 549 individua
1836 517 1941 566 qua
1980 500 2119 563 talia,

211 587 268 629 ut
318 578 497 645 placet
548 580 810 630 hodierno
863 580 1295 630 individualismo
1350 580 1669 643 liberalium,
1726 582 1813 647 qui
1854 583 2122 633 civitatem
2177 620 2182 621 ν

208 678 278 710 ex
326 662 612 711 individuis
662 663 797 712 inter
848 679 905 712 se
956 662 1269 728 aequalibus
1321 663 1628 713 immediate
1679 664 1899 714 conflari
1950 665 2118 732 fingit,

206 744 302 793 sed
345 744 616 808 familiae
671 753 723 794 et
777 744 911 794 aliae
970 746 1350 796 associationes
1409 745 1518 794 sive
1576 745 1841 796 naturales
1899 749 2010 797 sive
2069 747 2121 797 li-

206 826 391 887 berae,
449 844 517 875 ex
559 844 783 892 quarum
824 827 1018 877 unione
1061 844 1254 893 corpus
1295 826 1571 893 politicum
1613 829 1790 878 oritur.
1859 829 1920 878 Id
1973 837 2120 895 patet

205 925 274 957 ex
340 908 494 958 dictis
560 909 629 958 de
689 909 891 975 origine
951 918 1003 959 et
1063 909 1167 958 fine
1225 909 1474 970 civitatis,
1545 927 1682 976 quae
1739 910 1961 961 familias
2014 912 2119 961 iam

204 991 521 1040 constitutas
573 992 956 1058 praesupponit
996 1009 1064 1041 ex
1114 991 1283 1057 iisque
1336 992 1407 1041 ob
1456 1009 1638 1041 earum
1692 992 2119 1044 insufficientiam

205 1089 262 1122 se
304 1072 514 1124 evolvit.

205 1211 350 1277 528.
432 1214 562 1264 Inde
614 1213 816 1265 elucet:
880 1229 919 1264 Ι.
965 1231 1072 1263 non
1126 1215 1304 1263 omnia
1350 1214 1622 1264 individua
1671 1214 1807 1264 intra
1858 1214 2118 1281 populum

199 1313 357 1346 sensu
409 1297 626 1363 proprio
679 1297 859 1346 vocari
912 1313 1072 1362 posse
1113 1297 1281 1356 cives.
1340 1298 1435 1346 sed
1475 1297 1620 1346 salos
1648 1298 2116 1362 patresfamilias,

201 1380 230 1429 i.
275 1396 318 1429 e.
364 1396 576 1440 omnes,
623 1379 712 1445 qui
753 1378 836 1428 vel
877 1386 1001 1428 actu
1043 1378 1177 1428 tales
1216 1387 1337 1428 sunt
1378 1378 1460 1428 vel
1502 1378 1690 1429 saltem
1734 1379 1984 1429 familiam
2023 1381 2115 1430 vir-

200 1460 411 1511 tualiter
451 1470 866 1527 repraesentant,
912 1469 1177 1527 quatenus
1207 1462 1445 1511 eiusdem
1476 1461 1781 1511 fundandae
1814 1463 2116 1528 proximam

199 1544 550 1610 aptitudinem
608 1543 901 1593 naturalem
957 1543 1172 1593 habent.
1266 1543 1338 1592 Hi
1390 1544 1480 1594 scl.
1536 1543 1636 1593 soli
1690 1544 2000 1594 immediate
2057 1553 2116 1594 ut

197 1627 438 1676 membra
491 1627 757 1676 civitatem
808 1627 1165 1687 constituunt,
1220 1643 1355 1676 uxor
1395 1644 1521 1676 vero
1576 1635 1628 1676 et
1680 1626 1829 1677 liberi
1869 1644 1977 1677 non
2018 1628 2115 1677 nisi

200 1710 470 1759 mediante
507 1710 749 1774 familia
804 1709 1002 1759 civitati
1052 1709 1362 1759 inseruntur.
1444 1709 1611 1759 Iidem
1666 1710 1826 1759 etiam
1873 1709 1972 1759 soli
2022 1710 2113 1759 im-

202 1792 434 1841 mediate
475 1800 528 1841 et
578 1792 824 1858 proxime
877 1791 1078 1841 habent
1129 1791 1468 1841 habilitatem
1511 1792 1579 1841 ad
1620 1791 1751 1852 hoc,
1806 1799 1864 1840 ut
1906 1798 2111 1857 partem

201 1874 432 1940 aliquam
484 1875 536 1923 in
587 1874 844 1939 regimine
896 1873 1115 1940 politico
1167 1874 1457 1939 accipiant,
1514 1874 1567 1922 id
1620 1873 1768 1939 quod
1811 1890 1881 1923 ex
1931 1882 2111 1923 mente

200 1956 517 2006 Aristotelis
569 1956 840 2006 constituit
894 1956 1178 2006 essentiam
1235 1956 1360 2005 civis
1414 1955 1583 2019 (Polit.
1644 1955 1674 2006 l.
1733 1970 1790 2019 3,
1850 1972 1893 2005 c.
1957 1971 2009 2006 1:
2067 1950 2113 2026 ᾦ

202 2039 412 2098 ἐξουσία
475 2043 739 2090 κοινωνεῖν
801 2039 971 2110 ἀρχῆς
1032 2038 1365 2109 βουλευτικῆς
1432 2040 1511 2088 καὶ
1581 2043 1828 2108 κριτικῆς,
1897 2038 2108 2110 πολίτην

200 2122 255 2173 λέ
264 2143 358 2192 γομ
367 2142 390 2173 ε
400 2122 460 2187 ν).

201 2271 348 2325 529.
440 2276 485 2313 2.
543 2262 813 2312 civitatem
866 2279 981 2311 esse
1031 2263 1332 2312 sacietatem
1388 2262 1733 2327 organicam,
1787 2262 1817 2312 i.
1869 2278 1912 2311 e.
1969 2277 2109 2310 com-

197 2346 429 2411 positam
479 2346 548 2395 ad
601 2344 1000 2395 similitudinem
1054 2345 1372 2411 algam'smi.
1457 2343 1807 2410 Organismus
1847 2343 1988 2393 enim
2029 2351 2109 2392 est

197 2435 373 2477 totum
412 2445 508 2494 per
547 2445 603 2477 se
648 2445 836 2489 unum,
882 2436 1133 2478 constans
1174 2428 1413 2493 partibus
1454 2426 1839 2491 heterogenez's,
1882 2441 2107 2492 quarum

197 2509 436 2575 singulae
488 2510 689 2560 habent
741 2510 902 2559 finem
955 2510 1324 2560 z'mlllea'iatmu
1379 2518 1430 2559 et
1481 2510 1805 2559 activitatem
1845 2508 1944 2557 sibi
1980 2516 2107 2572 pro-

185 2593 407 2657 priam,
462 2609 598 2658 quae
640 2602 819 2642 tamen
863 2610 1050 2642 omnes
1091 2593 1158 2642 ad
1202 2592 1432 2642 eundem
1474 2592 1635 2641 finem
1676 2598 1969 2651 remotum,
2011 2588 2103 2641 scl.

196 2675 583 2741 perfectionem
634 2675 821 2735 totius,
879 2675 1120 2724 ordinate
1162 2683 1214 2724 et
1261 2674 1570 2724 harmonice
1613 2679 1995 2740 cooperantur,
2049 2671 2104 2721 id

196 2758 343 2823 quod
385 2775 431 2806 v.
476 2774 526 2823 g.
569 2757 620 2806 in
662 2756 844 2823 planta
885 2757 995 2806 fieri
1035 2757 1291 2806 videmus.
1362 2756 1470 2806 Sed
1513 2756 1696 2806 civitas
1737 2762 1817 2805 est
1845 2753 2106 2804 eiusmodi

194 2847 385 2901 toturn,
429 2840 668 2906 partibus
709 2839 1083 2905 heterogeneis
1124 2848 1390 2889 constans.
1470 2838 1602 2888 Inde
1645 2837 1796 2888 facile

274 2944 318 2993 3.
362 2929 654 2995 intelleges,
699 2930 827 2995 quid
867 2929 1194 2978 censendum
1226 2929 1293 2978 de
1323 2928 1635 2994 quaestione
1664 2924 2105 2990 emancspatiom's

180 3012 554 3077 feminarum,
613 3012 775 3061 hodie
829 3028 860 3061 a
915 3010 1092 3060 multis
1147 3011 1360 3076 agitata.
1458 3008 1743 3074 Quaeritur
1796 3007 1917 3068 scl.,
1975 3024 2103 3056 num

197 3094 403 3144 feminis
445 3095 797 3144 concedenda
836 3094 939 3143 sint
980 3093 1103 3142 iura
1134 3093 1394 3157 politica,
1437 3110 1483 3141 V.
1529 3109 1578 3158 g.
1623 3092 1703 3141 ius
1743 3089 1975 3156 eligendi
2016 3089 2101 3138 de-

195 3185 412 3243 putatos
464 3176 664 3242 populi.
745 3175 899 3225 Multi
951 3174 1251 3224 liberalismi
1305 3173 1538 3224 asseclae
1588 3173 1642 3222 id
1695 3171 1984 3232 affirmant,
2043 3178 2102 3220 ut

195 3277 243 3308 v.
302 3276 352 3324 g.
400 3258 541 3323 John
591 3258 771 3309 Stuart
821 3256 962 3318 Mill,
1020 3257 1120 3306 Ed.
1177 3255 1518 3321 Laboulaye,
1577 3254 1886 3321 praesertim
1937 3253 2100 3302 socia-

197 3340 362 3391 listae.
444 3338 553 3390 Sed
