2182 3682
506 199 591 226 LIB.
628 198 673 226 ΙΙ.
722 198 822 226 CAP.
858 198 924 226 111.
972 198 1034 225 DE
1069 197 1324 226 SOCIETATE
1359 197 1517 226 CIVILI.
1839 187 1937 250 385

968 347 1028 395 II.

56 475 200 529 512.
279 464 372 514 Ad
414 465 764 530 posteriorem
806 464 1029 513 classem
1071 480 1258 513 omnes
1298 463 1583 528 pertinent,
1636 463 1726 527 qui
1765 471 1947 512 tenent

49 547 207 596 finem
247 547 518 596 societatis
559 545 721 595 civilis
761 563 876 595 esse
918 546 1121 595 bonum
1164 544 1437 610 publicum
1468 544 1862 593 consideratum
1890 553 1946 593 ut

31 629 202 696 finem
242 628 298 677 ἶφι
337 645 410 687 Se,
451 628 532 677 cui
574 628 723 693 proin
766 628 969 676 bonum
1010 627 1269 692 privatum
1299 626 1456 691 plene
1489 625 1945 675 subordinandum

46 711 124 760 sit.
194 709 353 759 Varie
393 718 571 759 tamen
611 710 743 759 haec
784 709 1046 758 sententia
1081 725 1112 757 a
1153 708 1306 757 variis
1354 708 1666 757 enuntiatur.
1737 706 1947 771 (Moral-

47 790 170 858 phil.
215 791 262 840 II
304 793 451 855 499.)

29 872 33 875 ’
119 880 168 943 a)
217 879 528 930 Secundum
580 881 900 929 recentiores
940 878 1287 944 pamlzeistas
1340 878 1520 928 civitas
1573 886 1652 927 est
1702 894 1948 943 suprema

46 961 276 1012 evolutio
327 962 490 1027 ipsius
542 962 751 1011 deitatis
802 960 1089 1025 (absoluti).
1170 960 1455 1024 Schelling
1492 959 1792 1009 considerat
1832 960 1949 1009 civi-

45 1052 209 1093 tatem
260 1050 318 1092 ut
364 1044 755 1109 «organismum
808 1041 1112 1092 absolutum
1166 1050 1218 1091 et
1268 1043 1556 1091 divinum».
1638 1039 1947 1091 Secundum

22 1125 229 1190 >Hegel
265 1126 485 1190 eiusque
525 1124 765 1175 scholam
809 1126 989 1174 civitas
1031 1132 1111 1173 est
1147 1124 1325 1173 «Deus
1362 1140 1629 1189 praesens,
1673 1122 1949 1172 absolutus

45 1206 161 1256 finis
215 1208 265 1256 in
318 1224 439 1265 se»,
495 1209 567 1257 ita
618 1215 673 1257 ut
726 1208 773 1256 ei
826 1215 1100 1272 competat
1155 1223 1463 1272 supremum
1504 1207 1580 1254 ius
1620 1206 1671 1254 in
1712 1204 1949 1269 singulos

45 1289 213 1350 cives,
270 1306 498 1354 quorum
541 1307 849 1355 supremum
893 1288 1128 1338 officium
1170 1297 1248 1338 est
1290 1305 1404 1337 esse
1446 1287 1687 1336 membra
1728 1287 1949 1337 civitatis

46 1379 98 1420 et
139 1372 415 1436 cooperari
456 1372 506 1420 in
548 1372 751 1420 bonum
793 1371 1030 1420 civitatis.

119 1460 174 1523 b>
216 1460 437 1510 Platoni
474 1461 656 1510 civitas
697 1468 777 1509 est
818 1461 967 1525 quasi
1008 1460 1188 1509 maior
1228 1459 1411 1519 laeum,
1453 1460 1542 1526 qui
1584 1459 1742 1509 finem
1785 1459 1948 1508 habet

47 1541 134 1591 fini
174 1541 402 1591 hominis
442 1543 698 1591 individui
738 1541 977 1602 similem,
1021 1541 1111 1591 scl.
1155 1542 1340 1590 vivere
1382 1542 1661 1590 secundum
1696 1542 1946 1591 virtutem

48 1624 157 1687 (δεῖ
197 1623 257 1674 δὲ
300 1625 460 1694 αὐτὴν
505 1626 596 1695 τὴν
639 1624 782 1675 πόλιν
826 1620 1069 1693 καθάπερ
1107 1624 1199 1674 ἕνα
1228 1623 1512 1691 ἄνθρωπον
1543 1624 1631 1693 ζῆν
1663 1622 1758 1689 εὖ).
1828 1623 1947 1672 Pro-

44 1706 185 1771 prius
237 1723 366 1771 ergo
424 1705 540 1755 finis
596 1706 817 1755 civitatis
873 1714 952 1754 est
1013 1706 1154 1755 cives
1210 1706 1277 1754 ad
1335 1705 1624 1770 perfectam
1681 1706 1945 1766 virtutem,

45 1788 277 1836 maxime
329 1787 397 1836 ad
448 1788 762 1853 sapientiam
817 1788 1058 1837 educare.
1156 1787 1295 1836 Huic
1349 1795 1528 1836 autem
1582 1787 1671 1836 fini
1724 1788 1947 1837 civitatis

45 1869 185 1918 cives
225 1869 382 1935 plene
421 1870 856 1929 subordinantur,
907 1871 1043 1919 sicut
1085 1870 1375 1934 generatim
1420 1870 1659 1919 membra
1700 1870 1798 1918 toti
1839 1887 1948 1919 cor-

43 1952 173 2017 pori.
265 1952 426 2002 Unde
478 1953 673 2002 civitati
726 1953 803 2001 ius
855 1952 1220 2017 plenissimum
1278 1951 1481 2001 confert
1534 1953 1670 2001 circa
1722 1953 1946 2017 privato-

44 2051 157 2082 rum
198 2035 594 2099 possessiones,
640 2052 859 2095 uxores,
905 2034 1099 2083 liberos
1139 2034 1407 2083 statuendi
1450 2034 1711 2099 quidquid
1754 2035 1800 2083 ei
1841 2033 1945 2099 pla-

44 2115 222 2166 cuerit.
304 2115 404 2179 (Cf.
449 2116 533 2165 De
574 2134 681 2182 rep.
727 2115 755 2165 l.
807 2117 873 2179 5.)

116 2196 258 2246 Inter
299 2199 617 2247 recentiores
657 2198 794 2247 hanc
838 2199 1135 2247 doctrinam
1176 2198 1455 2263 adoptavit
1492 2197 1942 2263 Tr'cndelenbmg,

43 2279 128 2344 qui
183 2279 448 2329 civitatem
488 2289 646 2329 vocat
695 2280 991 2329 «beluinam
1034 2280 1298 2329 maiorem
1330 2288 1591 2344 potessale
1632 2280 1939 2330 numisma».

40 2359 151 2409 Iam
207 2361 341 2411 sicut
396 2361 617 2427 quilibet
664 2362 830 2411 homo
872 2362 1092 2411 naturali
1132 2361 1360 2427 impulsu
1403 2362 1563 2411 fertur
1609 2363 1660 2411 in
1702 2362 1829 2423 hoc,
1886 2371 1944 2412 ut

41 2442 140 2491 sibi
179 2444 245 2492 sit
286 2445 647 2509 undequaque
687 2444 953 2493 sufficiens
997 2445 1096 2507 (sig
1137 2441 1486 2514 αὐτάρκειαν),
1530 2445 1601 2494 ita
1649 2453 1699 2493 et
1747 2445 1946 2494 civitati

42 2525 232 2574 eadem
284 2526 557 2575 tendentia
609 2527 758 2576 inest.
841 2526 992 2575 Haec
1044 2534 1220 2576 autem
1270 2526 1585 2576 sufficientia
1624 2527 1675 2575 in
1717 2544 1782 2576 eo
1824 2544 1944 2576 con-

41 2606 189 2667 sistit,
233 2615 291 2655 ut
331 2607 625 2673 imaginem
657 2608 896 2673 pelfecti
932 2608 1167 2658 [lerninis
1206 2608 1261 2657 in
1301 2626 1357 2657 se
1397 2609 1638 2675 effingat.

116 2696 164 2759 c)
207 2694 298 2745 Ad
351 2696 487 2746 hanc
540 2713 756 2762 quoque
805 2697 1123 2746 sententiam
1166 2696 1425 2746 referendi
1466 2706 1614 2757 sunt,
1671 2698 1761 2762 qui
1801 2696 1944 2747 nullo

41 2776 252 2826 adiecto
305 2777 466 2827 limite
518 2779 685 2843 ipsam
718 2779 1106 2843 perfectionem
1147 2779 1310 2828 totius
1362 2779 1629 2828 societatis
1684 2778 1944 2842 (Leibm'z,

45 2856 226 2922 Wolff)
269 2858 352 2908 vel
403 2859 589 2925 populi
632 2860 780 2923 (Rob.
826 2879 871 2910 v.
916 2859 1101 2924 Molll)
1145 2859 1225 2909 vel
1268 2862 1664 2926 promotionem
1707 2861 1946 2910 cnllm‘ae

45 2938 166 3002 (Ed.
212 2958 258 2989 v.
304 2940 644 3006 Harlmamz)
688 2942 847 2992 finem
891 2942 1113 2991 civitatis
1155 2959 1270 2991 esse
1312 2951 1532 3008 ponunt.

117 3027 171 3090 d)
213 3029 461 3095 Denique
513 3030 618 3080 huc
671 3031 934 3096 pertinent
984 3031 1042 3091 ii,
1099 3031 1190 3096 qui
1242 3048 1365 3080 cum
1405 3030 1654 3091 Krause,
1706 3031 1941 3094 Alcrens,

45 3108 112 3158 A.
172 3109 382 3160 Lasson
436 3111 729 3162 theoretice
789 3113 1003 3178 quidem
1074 3112 1234 3161 finem
1296 3114 1519 3162 civitatis
1579 3113 1647 3162 ad
1704 3114 1944 3163 ordinem

43 3189 318 3241 iuridicum
370 3194 718 3260 restringunt,
775 3195 869 3243 sed
913 3194 1188 3243 reicientes
1228 3195 1306 3244 ius
1346 3194 1582 3244 naturale
1623 3194 1797 3243 eidem
1838 3195 1946 3261 ple-

43 3286 165 3321 nam
217 3283 540 3338 potestatem
581 3276 851 3326 vindicant
902 3275 1042 3325 hunc
1095 3276 1338 3325 ordinem
1380 3275 1542 3325 libere
1584 3277 1940 3337 construendi,

44 3362 201 3417 prout
241 3356 514 3421 requiritur
553 3357 623 3407 ad
664 3358 927 3408 culturam
970 3357 1460 3423 lzzmzam'latequce
1500 3358 1939 3422 promovendam.

134 3445 376 3489 Cathrein‚
404 3448 536 3481 Philos.
563 3450 718 3481 morulis.
762 3449 827 3481 Ed.
856 3459 889 3488 5.
1623 3455 1673 3498 25
