2182 3682
219 157 324 232 306
618 171 732 200 PARS
766 171 812 199 ΙΙ.
865 170 1182 199 PHILOSOPHIA
1216 170 1422 199 MORALIS
1459 171 1705 203 SPECIALIS.

211 318 295 368 vel
347 319 427 366 ius
481 312 699 380 aliquod
751 309 985 375 acquirit.
1066 308 1415 374 Praescriptio
1473 308 1824 375 acquisitiva,
1881 328 2018 376 quae
2067 312 2120 361 in

210 402 320 450 iure
360 414 582 449 romano
624 392 879 458 usucapio
921 397 1167 451 vocatur,
1219 390 1420 440 definiri
1463 398 1669 457 potest:
1713 392 1995 457 acquisitio
2034 394 2119 443 do-

211 482 371 532 minii
396 490 507 547 per
534 475 923 545 possessionem
965 472 1100 522 bona
1134 472 1254 539 fia'e
1303 481 1354 522 et
1390 481 1625 538 tempore
1664 473 1868 539 legibus
1907 475 2119 541 definito

211 565 584 615 continuatam.
668 559 744 610 Ut
791 555 1137 623 praescriptio
1187 554 1386 616 valeat,
1442 556 1718 621 requiritur
1768 557 1817 620 a)
1848 558 2120 622 possessio
2169 599 2180 611 ζ

209 646 377 697 bonae
412 644 579 713 fidei,
633 643 661 692 i.
715 658 758 690 e.
813 639 925 688 sine
976 638 1223 703 prudenti
1275 637 1438 687 dubio
1492 638 1560 687 de
1611 638 1732 688 iuris
1784 638 1998 689 defectu
2049 641 2119 690 in-

211 729 406 779 cohata
461 734 515 777 et
572 724 905 783 continuata;
964 720 1021 783 b)
1073 719 1256 769 titulus
1307 720 1599 786 prudenter
1653 721 1986 772 existimatus
2035 720 2119 772 vel

211 817 606 877 praesumptus,
661 822 798 872 quae
852 802 1099 853 condicio
1143 801 1250 851 fere
1301 803 1351 851 in
1394 803 1562 869 prima
1614 803 1941 866 continetur,
1996 805 2120 871 quia

208 894 320 943 sine
347 892 437 942 tali
478 889 631 941 titulo
660 888 804 938 bona
844 885 979 935 fides
1019 885 1109 934 vix
1150 885 1338 934 adesse
1367 894 1571 951 potest3
1617 886 1665 951 c)
1699 893 1903 952 tempus
1935 904 1970 936 a
2003 886 2120 953 lege

208 975 499 1042 definitum,
552 971 700 1038 quod
741 969 943 1019 varium
985 975 1065 1017 est
1103 967 1401 1017 secundum
1443 968 1803 1018 diversitatem
1844 967 2025 1034 legum
2066 977 2120 1019 et

208 1074 409 1120 rerum3
465 1057 519 1120 d)
564 1072 652 1104 res
679 1049 1171 1118 praescrzptz'bilis,
1225 1051 1253 1099 i.
1299 1067 1343 1101 e.
1388 1051 1536 1100 cuius
1575 1051 1711 1100 iuste
1762 1051 2119 1117 acquirendae

207 1140 373 1190 homo
416 1155 588 1204 capax
630 1143 724 1186 est.

282 1220 625 1287 Quamquam
677 1217 745 1267 ad
787 1215 1029 1266 vitandas
1082 1214 1198 1264 lites
1248 1215 1315 1264 de
1357 1215 1682 1281 proprietate
1735 1216 1922 1265 rationi
1961 1214 2118 1266 valde

206 1312 654 1362 consentaneum,
710 1300 874 1349 immo
917 1298 1273 1347 necessarium
1314 1306 1421 1358 est,
1478 1306 1535 1347 ut
1576 1297 1665 1347 lex
1703 1298 1932 1363 positiva
1972 1314 2117 1364 prae-

204 1387 547 1453 scriptionem
589 1392 645 1433 ut
685 1382 983 1446 legitimum
1025 1380 1333 1446 acquirendi
1374 1380 1597 1429 modum
1637 1388 1852 1440 statuat,
1901 1388 1954 1430 et
1993 1380 2116 1430 ideo

205 1486 393 1520 omnes
434 1468 541 1518 fere
583 1474 771 1532 gentes
823 1465 874 1513 in
927 1480 989 1512 ea
1040 1462 1325 1512 statuenda
1376 1462 1747 1524 convenerint,
1802 1470 1982 1512 tamen
2022 1480 2118 1528 per

204 1568 261 1601 se
314 1569 383 1601 ex
437 1549 554 1600 solo
605 1549 714 1598 iure
766 1555 985 1596 naturae
1037 1544 1210 1594 valida
1265 1561 1373 1594 non
1426 1552 1531 1605 est,
1592 1545 1716 1611 quia
1765 1544 1940 1595 variae
1995 1562 2116 1595 con-

204 1634 456 1693 diciones,
500 1630 807 1698 praesertim
851 1628 1098 1678 condicio
1141 1627 1410 1693 temporis,
1455 1644 1550 1693 per
1585 1644 1642 1676 se
1683 1644 1791 1676 non
1830 1635 1952 1677 sunt
1990 1627 2117 1677 satis

204 1716 602 1766 determinatae.
646 1712 837 1777 Excipi
868 1710 1090 1760 fortasse
1118 1718 1298 1775 potest
1326 1710 1672 1776 praescriptio
1701 1709 2111 1771 immemorialis,

202 1799 230 1848 i.
276 1816 319 1847 e.
365 1816 434 1847 ex
475 1796 830 1863 possessione,
874 1793 1021 1842 cuius
1062 1792 1264 1841 initium
1306 1809 1523 1858 prorsus
1563 1792 1850 1857 ignoratur.

276 1880 369 1930 IV.
415 1878 730 1930 Hereditas.

905 2016 1173 2064 THESIS
1211 2017 1408 2063 LXIV.

204 2133 351 2187 395·
436 2132 530 2178 Ius
579 2129 915 2192 disponendi
965 2131 1034 2177 de
1082 2129 1245 2177 bonis
1293 2128 1411 2176 suis
1458 2142 1562 2189 per
1610 2128 1871 2175 ultimam
1913 2128 2108 2176 volun-

199 2213 376 2253 tatem
424 2220 526 2267 per
573 2220 634 2252 se
683 2205 803 2252 iure
853 2211 1085 2251 naturae
1135 2203 1362 2251 cuilibet
1411 2202 1709 2263 competit;
1763 2202 1810 2250 si
1845 2208 2110 2263 parentes

199 2281 462 2328 intestato
501 2280 836 2335 moriuntur,
874 2278 1033 2326 liberi
1070 2278 1190 2325 iure
1229 2285 1462 2325 naturae
1498 2277 1554 2323 in
1583 2292 1783 2325 eorum
1810 2278 1958 2325 bona
1983 2290 2108 2324 suc-

201 2357 423 2403 cedunt

909 2419 1177 2472 (Moralphil.
1209 2420 1250 2458 II
1285 2430 1337 2471 32
1347 2417 1407 2471 7.)

274 2529 361 2582 St.
401 2529 474 2598 Q.
546 2547 584 2582 Ι.
631 2531 932 2582 Hereditas
961 2532 1150 2581 dicitur
1182 2529 1492 2580 universitas
1520 2530 1786 2580 bonorum
1827 2537 1880 2578 et
1919 2528 2107 2578 iurium

198 2615 414 2665 alicuius
451 2615 703 2675 defuncti,
748 2623 801 2664 et
841 2614 920 2663 ius
960 2614 1011 2662 in
1053 2612 1185 2662 haec
1227 2612 1371 2662 bona
1411 2612 1736 2662 succedendi
1763 2617 1985 2661 vocatur
2025 2610 2108 2660 ius

197 2696 592 2746 hereditarium
636 2697 734 2760 (ius
774 2695 1149 2746 hereditarium
1194 2695 1595 2755 dominativum,
1639 2711 1688 2744 n.
1734 2693 1876 2758 226).
1945 2692 2106 2742 Inter-

198 2779 326 2828 dum
382 2779 596 2828 nomine
651 2778 772 2827 iuris
823 2777 1125 2827 hereditarii
1175 2775 1552 2842 intelleguntur
1603 2775 1776 2841 leges,
1836 2791 1974 2841 quae
2024 2774 2105 2823 ius

196 2861 522 2911 succedendi
562 2861 613 2910 in
650 2860 1002 2909 hereditatem
1032 2858 1386 2908 determinant
1428 2859 1526 2923 (ius
1554 2857 1932 2908 hereditarium
1960 2872 2104 2922 prae-

199 2944 484 3010 ceptivum,
528 2960 577 2993 n.
623 2942 766 3006 226).

272 3039 318 3076 2.
362 3025 450 3074 Ius
490 3024 815 3074 succedendi
856 3024 907 3072 in
936 3023 1288 3073 hereditatem
1328 3023 1529 3088 acquiri
1568 3029 1775 3088 potest:
1820 3022 1869 3086 a)
1910 3019 2102 3070 ultima

196 3107 482 3168 voluntate,
526 3122 664 3172 quae
706 3105 1116 3171 comprehendit
1145 3103 1439 3171 quamlibet
1478 3105 1669 3154 iustam
1700 3102 2099 3169 dispositionem

197 3189 264 3238 de
306 3206 387 3250 eo,
431 3188 581 3254 quod
623 3188 739 3254 quis
781 3187 848 3237 de
888 3204 983 3236 suo
1025 3195 1149 3252 post
1189 3195 1417 3236 mortem
1457 3203 1605 3236 suam
1647 3185 1757 3235 fieri
1797 3183 1935 3234 velit.
2008 3181 2101 3232 Ad

197 3270 332 3320 hanc
374 3269 613 3320 ultimam
653 3268 982 3319 voluntatem
1024 3269 1276 3334 pertinet:
1324 3269 1375 3333 α)
1416 3269 1589 3334 primo
1631 3274 1684 3317 et
1723 3265 2101 3333 perfectissime

196 3360 592 3413 testamentums.
647 3369 755 3418 quo
798 3351 915 3417 quis
956 3350 1217 3411 declarat,
1273 3366 1432 3415 quem
1471 3349 1570 3400 sibi
1610 3357 1736 3416 post
1783 3356 2011 3398 mortem
2049 3346 2099 3395 in
