2182 3682
555 162 642 192 LIB.
678 163 706 191 I.
753 162 852 209 ΕΑΓ.
886 162 928 192 V.
976 162 1038 190 DE
1073 161 1446 192 CONTRACTIBUS.
1843 162 1947 216 327

133 310 282 358 Resp.
355 299 489 345 Com.
528 299 636 345 mai.
707 298 838 344 Dist.
875 299 1019 344 min..-
1064 296 1198 344 Talis
1235 297 1415 343 fructus
1453 305 1525 344 est
1560 298 1855 346 industrialis
1891 315 1951 347 ex

56 384 220 439 parte,
268 389 406 431 cena,
455 381 608 430 totus,
656 372 876 418 subdisl.:
924 370 1158 431 quamdiu
1204 385 1308 416 non
1345 371 1550 431 quilibet
1595 388 1705 418 cum
1740 374 1953 434 pecunia

55 449 209 497 maius
243 450 432 494 lucrum
469 448 633 493 facere
670 453 833 507 potest
869 461 1016 506 quam
1054 445 1157 492 sine
1196 459 1254 491 ea
1291 460 1350 492 ex
1386 446 1489 492 sola
1527 445 1778 506 industria,
1816 463 1951 505 conc„

55 538 208 581 secus,
246 537 371 582 nege.
446 517 539 582 (Cf.
578 514 785 581 argum.)

138 634 239 675 Obi.
274 645 318 673 2.
376 622 469 686 (Cf.
508 626 711 681 Lessins,
749 626 828 672 De
865 625 971 671 iust.
1012 632 1059 670 et
1094 623 1197 670 iure
1236 639 1276 670 c.
1319 641 1393 680 20,
1432 639 1479 670 n.
1523 620 1617 685 26.)
1678 625 1776 684 Qui
1814 627 1953 674 fenus

56 718 147 764 pro
183 700 396 763 pecunia
438 708 655 746 mutuata
698 699 901 760 accipit,
950 700 1029 746 vel
1058 698 1108 744 id
1145 696 1325 759 accipit
1361 714 1451 758 pro
1499 708 1628 746 sorte
1674 709 1722 746 et
1757 700 1826 747 sic
1861 717 1953 762 pro

57 775 231 823 eadem
269 790 321 822 re
359 775 539 835 duplex
565 773 776 835 pretium
814 772 1008 834 accipit,
1047 787 1229 833 nempe
1267 787 1509 818 summam
1545 776 1804 835 aequalem
1840 776 1956 822 sorti

57 859 106 898 et
140 858 397 911 praeterea
422 850 589 905 fenusz,
624 850 702 895 vel
720 864 811 909 pro
848 863 936 895 usu
972 846 1126 904 sortis,
1167 855 1214 894 et
1250 846 1319 893 sic
1343 847 1512 893 vendit
1538 849 1678 895 alteri
1711 864 1851 896 usum
1887 850 1959 897 rei

57 940 161 971 non
197 939 340 979 suaeg
388 939 504 968 nam
542 938 633 984 per
669 932 888 969 mutuum
935 923 1226 970 transfertur
1262 920 1533 968 dominium
1569 923 1619 969 in
1655 932 1958 972 mutuantem

60 1007 107 1046 et
142 1013 232 1060 per
269 1012 583 1058 consequens
620 997 767 1044 etiam
813 1012 927 1044 usus
965 998 1048 1044 rei.
1121 996 1272 1057 Atqui
1303 1004 1562 1057 utrumque
1607 998 1836 1045 iniustum
1873 1008 1958 1047 est.

58 1073 195 1133 Ergo
224 1110 231 1119 .
261 1109 269 1118 .
301 1111 308 1119 .

135 1185 286 1234 Resp.
342 1175 482 1235 Nego
506 1175 850 1222 disiunctionem
886 1177 995 1222 mai.
1045 1177 1202 1223 Datur
1229 1177 1361 1224 enim
1386 1177 1594 1234 tertium,
1634 1177 1716 1223 scl.
1743 1185 1962 1223 mutuum

60 1251 183 1298 dans
219 1266 321 1297 non
359 1250 572 1311 postulat
608 1250 983 1298 retributionem
1020 1267 1110 1312 pro
1151 1267 1239 1298 usu
1276 1253 1518 1313 pecuniae
1556 1267 1837 1310 concessae,
1876 1252 1963 1299 sed

59 1341 151 1388 pro
188 1340 340 1381 onere,
381 1324 515 1385 quod
553 1325 715 1371 subire
752 1324 902 1372 debet
937 1325 987 1371 in
1024 1326 1245 1373 favorem
1291 1327 1488 1374 alterius
1525 1342 1575 1373 se
1612 1326 1856 1388 privando
1894 1341 1960 1384 re,

61 1415 120 1447 ex
157 1415 254 1461 qua
290 1399 395 1461 ipse
434 1399 644 1446 fructum
680 1400 758 1446 vel
793 1400 982 1446 lucrum
1020 1416 1199 1463 capere
1236 1411 1416 1463 posset.
1488 1404 1606 1448 Hoc
1645 1417 1768 1448 onus
1804 1401 1964 1462 pretio

62 1474 309 1522 aestimari
345 1482 506 1536 potest
544 1482 591 1521 et
627 1490 655 1520 a
690 1474 891 1521 nemine
929 1475 1078 1535 gratis
1115 1476 1293 1538 suscipi
1330 1476 1492 1524 debet.

143 1586 246 1626 Obi.
276 1598 318 1635 3·
370 1579 443 1624 Ex
471 1577 802 1639 explicatione
830 1578 943 1625 data
980 1581 1197 1640 sequitur
1222 1580 1424 1638 titulum,
1467 1595 1613 1640 quem
1640 1579 1965 1638 defendimuS,

62 1668 167 1701 esse
194 1653 382 1700 titulum
419 1653 541 1700 lucri
567 1652 816 1701 cessantis.
871 1654 1024 1715 Atym·
1055 1655 1135 1701 hic
1170 1655 1332 1702 titulus
1370 1664 1441 1702 est
1467 1654 1779 1702 extrinsecus.
1828 1654 1966 1714 Ergo

62 1728 219 1774 solum
255 1728 493 1789 probatur
528 1728 689 1775 titulus
728 1728 1040 1776 extrinsecus.

141 1841 291 1890 Resp.
348 1831 487 1890 Aisego
522 1833 663 1877 mall:
709 1832 898 1878 Titulus
936 1833 1119 1880 fenoris
1157 1841 1254 1891 est,
1306 1833 1440 1894 quod
1487 1841 1706 1880 mutuum
1744 1834 1868 1881 dans
1916 1850 1966 1881 se

60 1906 219 1968 privat
244 1906 307 1952 ad
334 1914 521 1952 certum
546 1915 740 1967 tempus
765 1915 1009 1968 potestate
1034 1908 1204 1954 utendi
1231 1908 1457 1969 pecunia,
1487 1923 1614 1969 quae
1640 1908 1689 1954 in
1714 1908 1969 1955 hodiernis

63 1980 440 2028 circumstantiis
481 1981 810 2028 communiter
848 1981 1132 2029 aestimatur
1168 1983 1415 2044 frugifera.
1487 1983 1622 2029 Hinc
1661 1991 1827 2044 posset
1863 1983 1970 2044 quis

61 2055 165 2103 sine
214 2055 448 2102 iniustitia
487 2056 912 2117 fenuspostulare
950 2073 1042 2118 pro
1079 2058 1293 2119 pecunia
1340 2066 1582 2116 mutuata,
1633 2057 1721 2105 etsi
1758 2058 1862 2119 ipse
1912 2074 1970 2105 ea

62 2130 127 2177 ad
162 2131 351 2177 lucrum
401 2130 683 2177 faciendum
733 2147 836 2178 non
873 2140 1112 2189 uteretur,
1164 2133 1279 2193 quia
1318 2133 1479 2179 adhuc
1527 2149 1578 2180 se
1615 2134 1773 2194 privat
1819 2132 1870 2179 in
1907 2134 1972 2179 fa-

64 2220 233 2253 vorem
272 2204 467 2252 alterius
504 2213 748 2266 potestate
794 2206 963 2253 utendi
999 2222 1052 2254 re
1090 2207 1350 2268 frugifera3
1399 2207 1541 2254 simili
1578 2208 1730 2254 modo
1768 2224 1826 2254 ac
1864 2209 1971 2268 quis

63 2279 275 2342 pretium
312 2280 561 2341 postulare
598 2289 762 2341 potest
797 2297 889 2342 pro
929 2296 1170 2328 concessu
1206 2297 1294 2328 usu
1332 2283 1446 2342 equi
1483 2283 1567 2340 sui,
1607 2282 1829 2343 quamvis
1865 2282 1970 2344 ipse

66 2370 126 2402 eo
164 2355 368 2402 fortasse
406 2370 509 2401 non
546 2363 773 2402 uteretur.

147 2466 250 2507 Obi.
285 2479 327 2516 4.
385 2460 460 2505 Ex
497 2458 544 2505 S.
584 2459 765 2505 Thema
803 2455 848 2521 (l.
888 2455 950 2521 c.)
989 2468 1254 2522 propterea
1292 2461 1430 2507 fenus
1468 2460 1665 2522 exigere
1703 2475 1805 2507 non
1841 2460 1969 2519 licet,

68 2533 183 2594 quia
207 2532 419 2595 pecunia
454 2549 542 2580 usu
578 2535 893 2593 consumitur,
933 2534 961 2582 i.
991 2551 1031 2582 e.
1072 2535 1352 2582 distrahitur
1389 2551 1474 2582 seu
1510 2535 1578 2582 illi
1614 2535 1753 2597 perit,
1794 2535 1876 2596 qui
1914 2551 1973 2582 ea

66 2607 226 2656 utitur.
298 2608 452 2669 Atqui
483 2607 630 2655 etiam
666 2608 816 2656 hodie
852 2609 1064 2671 pecunia
1101 2626 1189 2657 usu
1226 2610 1539 2657 consumitur.
1612 2610 1750 2669 Ergo
1779 2649 1786 2656 .
1817 2649 1824 2656 .
1855 2649 1863 2657 .

145 2721 297 2769 Resp.
367 2711 500 2758 Cone.
540 2713 647 2758 mai.
708 2712 840 2759 Dz'st.
879 2714 1021 2759 mins
1070 2713 1290 2760 Pecunia
1339 2713 1485 2760 etiam
1532 2713 1681 2760 hodie
1729 2728 1816 2759 usu
1858 2728 1973 2759 con-

66 2787 282 2844 sumitur,
322 2785 361 2833 si
397 2788 555 2833 solum
592 2786 853 2834 adhibetur
891 2788 953 2834 ad
990 2803 1067 2835 res
1105 2787 1509 2849 consumptibiles
1547 2787 1798 2845 emendas,
1839 2802 1971 2842 conc„

66 2861 105 2907 si
141 2861 401 2908 adhibetur
438 2861 501 2907 ad
549 2862 908 2923 negotiandum
958 2858 1041 2924 (ad
1077 2858 1504 2924 productionem),
1554 2863 1605 2909 id
1642 2862 1777 2923 quod
1823 2861 1972 2908 hodie

67 2936 316 2982 moraliter
342 2936 594 2995 loquendo
632 2951 828 2998 semper
853 2937 957 2984 fieri
994 2945 1168 2998 potest,
1207 2938 1394 2984 subdl'st.
1415 2956 1428 2983 .·
1463 2937 1529 2983 ita
1565 2946 1745 2994 tamen,
1784 2945 1834 2983 ut
1870 2936 1972 2983 eius

66 3011 179 3057 loco
217 3009 528 3057 substituatur
563 3025 641 3057 res
681 3011 916 3072 frugifera
949 3013 1028 3058 vel
1065 3012 1380 3073 productiva,
1431 3027 1576 3067 cmm,
1628 3027 1791 3069 secus,
1841 3026 1969 3069 nego.

67 3084 117 3130 Si
151 3084 363 3145 pecunia
400 3085 464 3132 ad
489 3086 845 3145 negotiandum
882 3086 1156 3145 adhibetur,
1195 3101 1392 3148 semper
1427 3095 1595 3133 manet
1631 3085 1681 3132 in
1718 3100 1770 3132 re
1808 3086 1972 3146 aequi-

64 3159 245 3206 valenti
281 3159 528 3220 frugifera,
566 3177 610 3207 v.
649 3176 694 3221 g.
734 3176 928 3221 campo,
967 3161 1169 3219 fabrica,
1208 3161 1287 3208 via
1324 3162 1485 3209 ferrea
1523 3170 1614 3208 ete.

147 3269 248 3310 Obi.
282 3280 325 3322 5.
387 3265 492 3310 Lex
526 3264 758 3312 naturalis
795 3274 868 3312 est
903 3265 1231 3313 immutabilis.
1293 3265 1446 3325 Atqui
1478 3266 1555 3311 lex
1591 3264 1824 3311 naturalis
1860 3279 1971 3326 pro-

67 3335 204 3384 hibet
238 3338 466 3399 accipere
502 3354 712 3386 usuram.
785 3339 922 3399 Ergo
949 3378 957 3387 .
989 3378 996 3387 .
1028 3378 1036 3386 .
