2182 3682
211 163 313 211 282
621 173 732 202 PARS
768 174 815 203 [Ι.
873 174 1186 203 PHILOSOPHIA
1220 174 1421 203 MORALIS
1456 175 1709 206 SPECIALIS.

207 311 476 360 societatis
517 310 681 361 civilis
723 311 961 361 dominio
1004 329 1120 361 esse
1162 329 1337 377 posse,
1381 313 1453 362 ita
1481 322 1537 363 ut
1565 330 1672 363 non
1701 330 1898 380 magna
1924 313 2112 364 saltem

206 409 328 458 pars
368 401 582 443 maneat
622 394 672 443 in
713 394 919 460 privato
962 394 1216 444 dominio.

211 509 356 572 360.
438 513 603 560 Prob.
690 512 823 562 Tres
872 512 1020 562 modi
1060 512 1306 562 videntur
1345 515 1639 579 excogitari
1681 531 1866 580 posse,
1921 513 2113 579 quibus

206 592 353 643 fundi
403 595 453 643 in
509 595 781 644 communi
833 611 862 645 a
904 603 1019 644 tota
1071 594 1345 661 republica
1386 597 1763 662 possideantur
1803 604 1856 646 et
1896 595 2112 646 admini-
2172 620 2182 631 *⁷

205 684 458 727 strentur:
516 677 599 727 vel
660 692 699 727 Ι.
744 678 858 743 ipsa
907 678 1090 727 civitas
1130 695 1238 727 non
1279 678 1445 728 modo
1488 678 1781 728 dominium
1823 678 2111 728 fundorum

205 757 396 819 habet,
452 759 547 809 sed
601 760 761 808 etiam
815 777 1002 809 omnes
1054 777 1213 825 agros
1264 761 1378 826 ipsa
1431 778 1525 827 per
1565 760 1819 811 officiales
1859 778 1984 810 suos
2023 761 2110 811 ad-

206 841 464 890 ministrat
515 850 567 891 et
621 841 772 903 colit,
823 841 906 891 vel
961 856 1007 892 2.
1053 843 1235 892 civitas
1288 861 1475 893 omnes
1529 843 1722 893 fundos
1770 842 1973 893 colonis
2014 860 2110 909 pro

205 930 351 972 certo
408 924 578 989 pretio
636 923 804 984 locat,
871 923 954 973 vel
1013 925 1243 991 denique
1297 940 1341 989 3.
1400 926 1582 976 civitas
1633 942 1971 992 possessores
2021 925 2111 975 ho-

206 1005 419 1055 diernos
470 1006 520 1055 in
572 1023 664 1055 sua
717 1008 1056 1072 possessione
1109 1006 1352 1073 relinquit
1404 1018 1456 1058 et
1509 1007 1682 1058 solum
1734 1025 1851 1058 eam
1905 1016 2110 1074 partem

204 1096 497 1154 proventus
549 1088 863 1146 fundorum,
918 1107 1078 1155 quam
1120 1108 1279 1156 supra
1320 1108 1537 1140 censum
1581 1091 1743 1155 (rent)
1785 1091 2109 1151 vocavimus,

204 1169 356 1220 titulo
409 1171 590 1222 tributi
640 1171 740 1221 sibi
780 1172 1028 1222 vindicat.
1111 1173 1284 1238 :isqui
1335 1191 1523 1223 omnes
1575 1173 1627 1222 hi
1679 1173 1828 1223 modi
1879 1173 2111 1239 practice

204 1252 560 1319 impossibiles
601 1263 738 1304 sunt.

279 1343 436 1394 Proh.
482 1344 606 1394 min.
677 1344 769 1394 Ad
808 1360 847 1394 1.
920 1345 1123 1395 Primus
1164 1346 1358 1395 modus
1399 1346 1467 1396 ab
1509 1347 1633 1412 ipsis
1661 1345 1940 1396 socialistis
1967 1363 2112 1412 agra-

207 1426 305 1487 riis,
353 1435 408 1475 ut
436 1445 483 1477 v.
516 1444 566 1492 g.
609 1427 677 1477 ab
708 1427 775 1476 H.
811 1426 1044 1493 George,
1087 1427 1434 1478 vehementer
1474 1429 1802 1495 reprobatur.
1871 1429 1941 1478 Et
1970 1437 2112 1478 recte

206 1508 438 1574 quidem.
509 1509 647 1558 Nam
689 1510 740 1558 in
781 1510 1089 1576 regionibus
1130 1511 1438 1577 praesertim
1482 1510 1686 1577 populo
1732 1510 1947 1577 repletis
1975 1519 2112 1560 terra

205 1590 409 1655 indiget
459 1591 673 1641 assidua
724 1600 776 1641 et
815 1591 972 1642 valde
1023 1592 1229 1642 intensa
1281 1592 1498 1643 cultura.
1581 1593 1732 1643 Haec
1783 1602 1963 1643 autem
2005 1610 2111 1642 non

212 1673 508 1735 obtinetur,
568 1674 663 1724 nisi
719 1675 895 1724 adsint
949 1674 1217 1740 agricolae
1274 1675 1407 1725 fixas
1463 1676 1620 1726 sedes
1676 1676 1963 1736 habentes,
2023 1676 2112 1742 qui

206 1764 398 1805 terram
438 1773 588 1806 suam
630 1774 736 1806 non
777 1756 951 1807 solum
992 1758 1128 1808 bene
1168 1767 1503 1824 pernoscant,
1548 1759 1642 1808 sed
1672 1759 1830 1808 etiam
1861 1774 2109 1823 magnam

206 1837 535 1904 diligentiam
594 1839 661 1888 ad
723 1840 834 1889 eius
894 1840 1150 1890 culturam
1211 1841 1515 1891 adhibeant.
1613 1840 1875 1890 Neutrum
1934 1847 2111 1890 autem

205 1920 487 1971 haberetur
524 1922 577 1971 in
611 1922 995 1988 suppositione,
1036 1939 1197 1988 quam
1226 1924 1595 1990 expendimus.
1666 1923 1805 1972 Nam
1834 1924 1946 1989 agri
1975 1921 2111 1972 cole-

205 2010 383 2053 rentur
423 2004 490 2054 ab
532 2005 784 2070 operariis
824 2004 1119 2067 conductis,
1165 2006 1255 2071 qui
1284 2006 1579 2072 reciperent
1608 2023 1756 2055 suam
1787 2005 2107 2067 mercedem,

204 2094 376 2135 totum
419 2093 597 2136 autem
639 2095 956 2153 proventum
999 2088 1369 2138 communitati
1410 2088 1618 2138 tradere
1665 2088 1939 2149 deberent,
1984 2105 2112 2153 quo-

204 2186 317 2217 rum
358 2169 511 2234 proin
552 2186 660 2218 non
701 2169 926 2218 multum
968 2170 1246 2220 interesset
1287 2170 1431 2220 illum
1474 2178 1793 2236 proventum
1834 2187 2031 2235 augere
2059 2179 2112 2220 et

203 2267 532 2300 conservare.
601 2251 881 2301 Praeterea
920 2252 971 2301 in
1013 2252 1113 2302 hac
1154 2253 1524 2319 suppositione
1561 2253 1919 2302 destrueretur
1943 2260 2114 2302 slatus

202 2333 596 2398 agricolarmtc,
638 2335 728 2399 qui
767 2334 903 2384 fixas
931 2335 1087 2384 sedes
1115 2335 1414 2385 inhabitant
1443 2352 1641 2401 easque
1669 2342 1849 2384 amant
1878 2342 1929 2384 et
1956 2333 2112 2384 simul

201 2433 322 2464 cum
375 2415 551 2465 fundis
603 2433 631 2465 a
685 2416 974 2466 maioribus
1027 2418 1262 2483 acceptis
1314 2418 1473 2467 etiam
1526 2434 1710 2466 eorum
1763 2433 1939 2466 mores
1990 2433 2111 2466 con-

199 2514 410 2547 servare
439 2506 491 2547 et
518 2499 746 2564 posteris
774 2499 1131 2549 transmittere
1153 2500 1388 2549 student.
1446 2500 1649 2548 Eorum
1679 2499 1800 2548 loco
1829 2498 2114 2548 haberetur

198 2579 387 2645 ingens
439 2580 595 2630 turba
646 2581 1089 2631 mercenariorum
1133 2599 1271 2631 nunc
1314 2581 1416 2631 huc
1458 2598 1599 2630 nunc
1648 2580 1769 2631 illuc
1811 2597 2110 2630 commean-

199 2662 357 2722 tium,
412 2662 502 2728 qui
555 2679 624 2712 ex
677 2663 1081 2713 conservatione
1135 2663 1332 2713 ordinis
1373 2663 1601 2729 vigentis
1641 2663 1731 2712 vix
1778 2661 1924 2712 illum
1949 2663 2108 2713 ‘com-

200 2744 423 2793 modum
464 2745 813 2810 perciperent.

202 2859 347 2923 361.
428 2861 520 2911 Ad
552 2876 597 2912 2.
657 2863 832 2913 Etiam
861 2864 1129 2913 secundus
1158 2864 1353 2913 modus
1382 2864 1641 2913 maximas
1676 2861 2016 2913 difficultates
2056 2863 2107 2912 in

198 2944 350 3009 praxi
391 2952 673 3010 pateretur.
755 2946 1069 2995 Destrueret
1117 2946 1257 2995 enim
1301 2946 1437 2995 sicut
1481 2946 1623 3011 prior
1669 2944 1864 2994 modus
1909 2952 2107 2994 statum

199 3024 567 3091 agricolarum,
601 3028 689 3093 qui
728 3028 999 3093 propriam
1040 3035 1233 3077 terram
1273 3027 1526 3088 incolunt,
1569 3028 1734 3092 iisque
1762 3026 2109 3076 substitueret

162 3152 167 3156 .
198 3124 373 3157 meros
414 3107 652 3159 colonos.
721 3109 862 3159 Dein
900 3110 951 3158 in
991 3109 1091 3159 hac
1131 3109 1500 3176 suppositione
1527 3125 1841 3175 progressus
1869 3107 2107 3158 culturae

198 3206 305 3238 non
361 3208 547 3255 parum
603 3191 961 3257 impediretur.
1046 3191 1236 3241 Coloni
1293 3192 1434 3240 enim
1491 3198 1618 3240 tunc
1669 3190 1842 3240 solum
1884 3206 2106 3255 magnas

198 3288 463 3337 expensas
489 3289 652 3338 saepe
679 3291 776 3339 pro
806 3272 1260 3323 meliorationibus
1288 3290 1540 3338 agrorum
1570 3272 1892 3322 necessarias
1915 3271 2101 3332 ferunt,

197 3353 239 3402 si
281 3354 408 3403 certi
447 3364 570 3404 sunt
610 3372 667 3404 se
708 3372 868 3421 posse
909 3363 1081 3405 totum
1118 3355 1346 3406 fructum
1377 3371 1445 3405 ex
1474 3354 1744 3404 laboribus
1772 3362 1825 3403 et
1853 3352 2102 3419 expensis
