2182 3682
221 185 320 247 146
626 195 739 223 PARS
774 195 803 224 1.
856 194 1171 224 PHILOSOPHIA
1205 194 1408 222 MORALIS
1443 194 1723 223 GENERALIS.

211 332 478 382 actionem
521 343 933 400 consequuntur,
979 350 1073 400 per
1114 333 1364 384 accidens
1406 333 1636 383 deficere
1678 339 1917 399 possunt.
1987 331 2122 382 Con-

211 413 366 463 traria
424 413 603 466 valent
663 416 731 465 de
789 416 1089 466 actionibus
1148 415 1457 466 inhonestis,
1558 415 1658 465 His
1717 414 1859 465 adde
1917 414 2122 465 bonum
2181 478 2182 484 ἵ

210 495 422 557 sociale,
467 497 614 562 quod
658 496 797 547 ultro
840 515 909 546 ex
950 496 1082 562 legis
1123 496 1371 546 naturalis
1404 497 1779 547 observatione
1807 495 2118 547 efflorescit:
2181 539 2182 542 ,

210 595 319 644 pax
360 578 657 629 domestica
698 589 750 630 et
792 579 956 630 civilis
994 597 1113 629 cum
1142 580 1250 629 suis
1292 579 1548 629 fructibus
1590 579 1954 646 prosperitatis
1993 587 2122 628 tem-
2181 578 2182 581 ’

211 660 406 726 poralis
447 669 500 711 et
539 661 841 728 spiritualis.
903 661 1252 728 Experientia
1291 662 1432 711 enirn
1473 669 1609 712 teste
1650 660 1966 728 plerumque
2005 660 2124 712 illae

211 752 400 808 gentes
449 751 571 793 sunt
624 740 1038 810 prosperrimae,
1094 744 1145 793 in
1193 744 1386 810 quibus
1438 745 1670 794 maxime
1721 743 1868 810 viget
1918 743 2119 810 religio,

209 825 405 891 pietas,
460 826 680 887 iustitia,
735 827 1115 892 temperantia,
1171 827 1386 888 caritas,
1442 826 1811 888 oboedientia,
1866 843 2017 875 amor
2056 824 2123 875 la-

212 907 357 957 boris
398 914 497 958 etc.

287 978 533 1040 2JWHanc
562 1007 688 1040 vero
723 992 1055 1041 sanctionem
1090 992 1142 1041 in
1183 990 1283 1041 hac
1311 991 1418 1041 vita
1446 1008 1553 1041 non
1594 992 1690 1041 nisi
1717 990 2121 1058 inszffficz'entem

210 1089 326 1122 esse
367 1080 420 1122 et
460 1073 833 1138 impm‘fcctam
876 1073 1216 1124 manifestum
1258 1082 1337 1123 est
1378 1091 1447 1123 ex
1487 1090 1579 1134 eo,
1635 1074 1783 1139 quod
1825 1073 1893 1123 ad
1946 1071 2123 1139 legem

211 1154 469 1205 moralem
508 1155 825 1205 servandam
882 1173 989 1206 non
1032 1172 1147 1206 raro
1190 1173 1409 1206 necesse
1449 1156 1516 1205 sit
1567 1172 1676 1205 non
1716 1154 1888 1205 solum
1930 1164 2125 1206 cuncta

210 1238 355 1288 bona
396 1246 632 1299 externa,
677 1238 772 1287 sed
807 1238 965 1288 etiam
995 1240 1158 1288 vitam
1201 1239 1370 1304 ipsam
1402 1245 1548 1288 certo
1579 1237 2119 1310 discrimini-*obicere

211 1320 424 1370 Deinde
465 1321 624 1370 etiam
666 1328 818 1370 extra
859 1321 1121 1370 eiusmodi
1163 1337 1316 1371 casus
1356 1328 1600 1386 spectata
1652 1328 1841 1370 natura
1891 1308 2125 1371 humana

210 1410 293 1452 tot
334 1419 587 1452 sensuum
631 1401 890 1453 illecebris
932 1402 1285 1463 circumdata,
1341 1403 1547 1453 sanctio
1600 1401 1733 1468 legis
1779 1401 2031 1453 naturalis
2070 1403 2123 1452 in

209 1484 311 1535 hac
343 1485 451 1535 vita
493 1502 586 1551 per
625 1502 682 1535 se
719 1484 1040 1535 insufficiens
1080 1494 1175 1547 est,
1220 1494 1276 1535 ut
1316 1486 1509 1551 cuique
1550 1485 1765 1552 propria
1793 1485 2122 1551 experientia

208 1568 335 1618 satis
376 1567 707 1618 demonstrat
749 1577 801 1617 et
843 1568 1096 1618 continua
1148 1585 1356 1634 pugna,
1414 1585 1552 1634 quae
1594 1568 1892 1618 necessaria
1932 1574 2013 1618 est
2051 1568 2120 1618 ad

211 1666 400 1716 pravas
442 1649 762 1716 cupiditates
802 1650 1109 1701 vincendas

219 1799 360 1853 170.
477 1800 643 1839 PARS
676 1801 729 1839 ΙΙ.
797 1800 1020 1839 Perfecta
1054 1801 1249 1839 sanctio
1281 1801 1410 1850 Iegis
1443 1801 1680 1839 naturalis
1710 1812 1801 1850 pto
1836 1801 1933 1839 vita
1966 1799 2122 1839 fututa

213 1867 423 1906 exsistit.

287 1948 452 1995 Prob.
534 1961 575 1997 1.
619 1948 813 1998 Divina
853 1948 1112 2014 sapientia
1153 1949 1322 2014 exigit
1362 1947 1655 2015 perfectam
1697 1947 1831 2014 legis
1871 1947 2123 1999 naturalis

211 2030 558 2079 sanctionem.
628 2030 800 2095 Alqm'
836 2029 969 2080 haec
1011 2047 1119 2080 non
1161 2030 1388 2080 habetur
1428 2031 1479 2080 in
1520 2030 1620 2081 hac
1661 2031 1782 2082 vita.
1840 2031 1995 2097 Ergo
2036 2049 2124 2080 ex-

211 2113 361 2162 sistet
403 2111 453 2161 in
495 2113 601 2162 vita
642 2111 832 2163 futura.

286 2207 443 2258 Proh.
500 2208 626 2258 mai.
709 2208 859 2258 Deus
910 2209 1047 2258 serio
1100 2208 1238 2271 vult,
1295 2218 1353 2259 ut
1404 2207 1492 2258 lex
1545 2208 1795 2259 naturalis
1835 2225 1864 2259 a
1910 2227 1968 2259 se
2019 2208 2125 2259 lata

212 2289 438 2340 fideliter
488 2291 815 2342 observetur.
908 2291 1056 2357 Ergo
1111 2291 1276 2342 debet
1327 2292 1486 2341 etiam
1540 2293 1777 2342 medium
1830 2300 2018 2359 aptum
2072 2299 2125 2342 et

212 2372 406 2423 efficax
457 2373 525 2423 ad
578 2374 875 2439 urgendam
929 2374 1067 2424 hanc
1121 2375 1554 2425 observationem
1602 2374 1875 2425 adhibere.
1957 2374 2127 2441 Atqui

211 2454 353 2505 aliud
412 2456 676 2505 eiusmodi
736 2457 973 2507 medium
1033 2466 1217 2523 aptum
1280 2464 1334 2507 et
1393 2456 1589 2507 efficax
1649 2474 1756 2507 non
1817 2457 1975 2507 datur
2028 2456 2125 2506 nisi

211 2538 417 2587 sanctio
460 2555 631 2604 eaque
673 2538 958 2588 sufficiens.

286 2634 443 2684 Proh.
477 2635 602 2684 min.
633 2635 770 2685 subs.
826 2636 968 2686 Nam
996 2635 1110 2686 sola
1137 2637 1361 2697 sanctio,
1404 2638 1431 2686 i.
1465 2654 1507 2687 e.
1541 2637 1777 2703 praemia
1805 2643 1857 2687 et
1897 2653 2122 2703 poenae,

213 2716 547 2767 voluntatem
591 2717 850 2768 felicitatis
879 2719 1131 2785 cupidam
1159 2719 1232 2768 ita
1260 2726 1479 2769 movent
1508 2719 1808 2781 efficaciter,
1852 2726 1911 2769 ut
1947 2728 2126 2769 tamen

214 2798 512 2849 libertatem
568 2800 743 2850 eidem
796 2818 904 2850 non
957 2800 1210 2851 adimant.
1292 2799 1639 2851 Sanctionem
1690 2810 1871 2851 autem
1922 2801 2125 2867 inszfffi-

215 2882 430 2931 cientem
485 2881 741 2933 adhibere
792 2883 934 2933 idem
988 2891 1128 2933 esset
1180 2900 1241 2933 ac
1293 2883 1370 2933 uti
1421 2883 1600 2933 medio
1649 2883 1717 2933 ad
1770 2883 1932 2933 finem
1972 2900 2124 2933 suum

218 2964 419 3030 inepto,
464 2965 611 3030 quod
653 2964 757 3014 Dei
797 2965 1114 3031 sapientiam
1156 2965 1399 3015 dedecet.

290 3059 338 3096 2.
392 3047 505 3096 Nisi
561 3047 718 3096 detur
767 3047 972 3098 sanctio
1028 3047 1264 3114 perfecta
1315 3048 1367 3097 in
1417 3047 1524 3096 vita
1581 3046 1776 3109 futura,
1836 3047 2124 3098 dicendum

215 3127 350 3178 foret
401 3145 564 3194 saepe
610 3146 717 3179 non
758 3129 931 3179 solum
982 3147 1081 3196 pro
1135 3130 1234 3180 hac
1275 3130 1407 3190 Vita,
1460 3128 1555 3178 sed
1597 3128 1906 3196 simpliciter
1946 3137 1999 3179 et
2038 3129 2125 3179 ab·

213 3208 386 3260 solute
425 3210 628 3260 homini
655 3211 829 3261 utilius
857 3229 973 3262 esse
1002 3212 1385 3278 cupiditatibus
1412 3210 1703 3277 indulgere,
1748 3228 1908 3278 quam
1936 3211 2123 3261 iisdem

216 3308 309 3357 per
349 3293 573 3342 arduum
623 3293 829 3343 virtutis
870 3294 1183 3344 exercitium
1236 3293 1441 3344 frenum
1494 3293 1785 3359 imponere.
1867 3292 2125 3359 Quamvis

216 3375 355 3423 enim
408 3375 612 3425 interna
663 3375 823 3425 animi
877 3375 1097 3427 felicitas
1150 3376 1320 3426 solam
1372 3377 1619 3426 virtutem
1660 3375 1962 3436 comitetur,
2017 3391 2125 3424 non
