2182 3682
543 177 693 207 CAPUT
728 177 755 206 1.
804 177 866 205 DE
900 177 1010 205 FINE
1044 176 1226 204 ULTIMO
1262 176 1479 205 HOMINIS.
1890 177 1952 227 33

64 313 188 362 dam
229 312 526 374 constituit;
568 328 722 361 secus
750 310 889 360 enim
918 310 1089 359 unitas
1116 317 1168 358 et
1196 316 1411 357 naturae
1452 307 1713 358 humanae
1754 317 1806 358 et
1843 309 1958 358 finis

63 393 290 444 hominis
329 393 576 458 neganda
616 399 769 442 esset.

136 482 192 547 b)
233 481 505 549 Sapientia
532 482 634 531 Dei
663 490 715 530 et
743 480 970 529 hominis
998 479 1242 529 libertate
1269 478 1493 544 praediti
1523 479 1752 543 dignitas
1781 488 1956 544 postu-

62 563 148 625 lat,
193 571 249 613 ut
289 563 452 613 homo
493 563 545 612 in
586 563 745 612 finem
786 561 1029 611 ultimum
1070 578 1177 610 non
1218 560 1440 625 physica
1481 561 1794 609 necessitate
1835 560 1959 609 fera-

60 655 164 706 tur,
207 645 303 695 sed
343 662 400 694 se
440 645 613 710 ipsum
655 644 817 693 libere
858 653 1094 703 moveat,
1138 643 1209 691 ita
1248 650 1305 692 ut
1345 642 1607 691 assecutio
1648 641 1764 690 finis
1804 641 1957 690 simul

60 726 257 776 habeat
308 727 567 776 rationem
619 726 852 791 praemii.
934 725 1057 774 Hoc
1110 732 1287 773 autem
1338 723 1617 788 supposito
1671 723 1958 772 dicendum

62 817 142 858 est
183 808 345 857 finem
396 808 549 857 huius
599 808 738 857 vitae
777 824 1086 873 supremum
1139 806 1189 854 in
1242 823 1306 854 eo
1349 805 1652 865 consistere,
1696 813 1754 854 ut
1792 805 1957 854 homo

59 907 116 939 se
155 906 250 956 per
289 898 438 939 actus
465 906 591 938 suos
632 889 699 938 ad
741 889 901 938 finem
930 887 1174 937 ultimum
1216 888 1267 936 in
1296 886 1459 936 altera
1488 887 1593 936 vita
1634 903 1958 952 consequen-

61 972 188 1020 dum
231 971 495 1037 disponat.

61 1117 160 1170 28.
241 1120 406 1167 Prob.
446 1126 555 1167 2⁰⁰¹.
620 1119 670 1182 a)
713 1118 867 1167 Duae
909 1124 1036 1184 sunt
1078 1117 1209 1177 viae,
1253 1116 1443 1181 quibus
1472 1114 1636 1165 homo
1665 1132 1722 1165 se
1749 1115 1816 1165 ad
1846 1114 1956 1164 ulti-

57 1218 204 1250 mum
244 1201 405 1251 finem
449 1201 735 1266 disponere
776 1207 981 1265 potest:
1020 1216 1162 1261 rma,
1217 1214 1323 1263 qua
1378 1197 1543 1246 homo
1595 1198 1757 1246 vitam
1807 1213 1956 1246 suam

55 1283 352 1332 secundum
395 1283 716 1348 exigentiam
761 1281 975 1331 rationis
1015 1280 1249 1340 ordinet,
1304 1279 1480 1328 Deum
1522 1288 1664 1328 amet
1705 1288 1757 1328 et
1798 1278 1953 1340 colat,

54 1365 301 1415 iustitiam
355 1374 408 1414 et
464 1365 735 1414 caritatem
787 1370 1043 1422 sectetur,
1094 1369 1222 1424 etc.;
1282 1361 1478 1423 altera,
1537 1378 1641 1426 qua
1680 1361 1845 1410 homo
1886 1362 1955 1410 in-

55 1446 294 1496 ordinate
334 1447 564 1496 vivendo
618 1445 998 1512 cupiditatibus
1049 1443 1354 1509 indulgeat,
1410 1443 1588 1493 Deum
1630 1451 1953 1505 contemnat,

54 1529 162 1578 iura
202 1527 424 1578 aliorum
464 1528 639 1578 violet.
721 1527 891 1592 Alqm'
939 1527 1230 1576 absurdum
1272 1534 1325 1575 et
1365 1526 1486 1575 Deo
1526 1525 1727 1575 infinite
1769 1534 1954 1575 sancto

55 1618 108 1659 et
164 1611 388 1676 sapienti
446 1610 723 1676 indignum
784 1617 863 1658 est
920 1609 1096 1658 dicere
1159 1608 1301 1657 illam
1368 1608 1828 1673 praeparationem
1886 1608 1956 1657 ad

53 1690 295 1740 ultimum
346 1691 506 1741 finem
559 1691 861 1757 requisitam
917 1691 1205 1740 consistere
1257 1690 1308 1738 in
1358 1690 1465 1738 vita
1521 1689 1814 1754 flagitiosa,
1863 1707 1956 1739 seu

54 1771 223 1822 malos
261 1789 432 1838 aeque
483 1790 544 1823 ac
596 1772 801 1822 virtutis
842 1771 1072 1821 cultores
1113 1772 1180 1820 ad
1222 1771 1605 1820 beatitudinem
1654 1771 1955 1836 pertingere

54 1871 230 1920 posse.
311 1854 480 1920 Ergo,

125 1943 181 2008 b)
237 1943 385 1994 Idem
447 1944 791 1994 confirmatur
845 1943 1124 2013 azpquogrl‘cr.
1214 1942 1364 1992 Deus
1420 1960 1606 1992 omnes
1666 1960 1747 1992 res
1802 1942 1955 1992 huius

51 2025 236 2075 mundi
299 2025 528 2076 visibiles
594 2025 950 2092 pulcherrimo
1018 2025 1201 2074 ordine
1265 2024 1314 2073 in
1380 2042 1628 2085 numer0‚
1696 2026 1952 2090 pondere,

52 2123 298 2157 mensura
337 2108 602 2174 sapienter
642 2108 918 2174 disposuit.
987 2107 1265 2172 Numquid
1295 2123 1424 2171 ergo
1453 2106 1624 2156 solum
1666 2107 1953 2167 hominem,

53 2190 143 2255 qui
183 2189 502 2256 reliquarum
543 2197 899 2240 creaturarum
942 2189 1057 2238 finis
1097 2189 1435 2238 immediatus
1476 2196 1530 2238 et
1571 2189 1818 2238 dominus
1858 2197 1952 2249 est,

50 2271 123 2321 ita
164 2273 374 2330 creavit,
429 2280 488 2322 ut
540 2271 746 2321 nullum
799 2271 846 2321 ei
899 2272 1142 2321 ordinem
1199 2272 1309 2320 eius
1351 2271 1595 2335 dignitati
1636 2280 1688 2320 et
1729 2271 1956 2321 libertati

52 2354 567 2420 correspondentem
608 2353 1019 2420 praescriberet?

126 2442 174 2506 c)
215 2443 368 2492 Deus
408 2461 502 2510 per
553 2444 877 2493 creationem
930 2442 1158 2492 hominis
1210 2459 1317 2490 non
1367 2441 1541 2492 solum
1589 2459 1685 2507 pro
1726 2442 1833 2491 vita
1886 2441 1956 2491 fu-

51 2532 192 2586 tura,
246 2525 343 2574 sed
395 2526 555 2575 etiam
596 2543 693 2591 pro
747 2525 1011 2591 praesenti
1051 2523 1275 2589 gloriam
1316 2541 1466 2573 suam
1506 2524 1745 2574 intendit.
1789 2524 1960 2589 Atqui

51 2606 136 2656 hic
177 2606 294 2656 finis
332 2607 385 2656 in
425 2607 526 2657 hac
565 2607 672 2656 vita
712 2606 956 2673 profecto
998 2624 1093 2672 per
1119 2607 1280 2655 vitam
1312 2605 1629 2671 flagitiosam
1670 2624 1716 2656 v.
1749 2623 1818 2672 g.‚
1863 2622 1957 2671 per

51 2686 425 2754 blasphemias,
469 2689 572 2738 Dei
614 2697 985 2754 contemptum
1026 2697 1125 2738 etc.
1171 2687 1398 2737 obtineri
1438 2688 1634 2754 nequit.

127 2776 183 2840 d)
224 2776 562 2843 Praeparatio
619 2777 687 2826 ad
736 2778 899 2827 vitam
953 2776 1182 2826 futuram
1237 2776 1400 2826 debet
1454 2777 1505 2825 in
1547 2776 1782 2825 omnium
1840 2793 1955 2826 esse

50 2866 318 2923 potestate
357 2859 521 2925 idque
559 2876 772 2925 semper
812 2866 865 2909 et
904 2859 1101 2925 ubique
1150 2859 1200 2907 in
1243 2858 1490 2907 omnibus
1532 2858 1952 2908 condicionibus.

51 2939 221 3006 Atqui
257 2940 384 2990 nihil
425 2940 567 2990 aliud
608 2942 682 2991 sic
723 2941 775 2990 in
816 2941 1055 2991 omnium
1085 2948 1164 2989 est
1193 2947 1460 3006 potestate
1501 2956 1663 3006 quam
1706 2948 1849 2990 recta
1878 2957 1953 2989 or-

52 3020 253 3072 dinatio
293 3023 432 3072 vitae
471 3039 564 3072 seu
604 3023 781 3072 virtus,

56 3178 156 3229 29.
242 3167 443 3219 Coroll.
488 3183 536 3219 I.
617 3169 765 3234 Ergo
807 3171 856 3233 a)
914 3167 1192 3217 beatitudo
1246 3166 1417 3216 sutura
1468 3166 1670 3216 homini
1711 3181 1817 3213 non
1858 3164 1952 3213 nisi

50 3249 449 3312 condicionate,
502 3251 532 3300 i.
576 3268 620 3300 e.
663 3251 764 3300 sub
817 3250 1134 3300 condicione
1173 3249 1312 3298 vitae
1352 3248 1638 3307 honestae,
1693 3246 1955 3311 promissa

51 3337 159 3393 est;
201 3361 273 3367 —
313 3331 369 3396 b)
409 3331 570 3382 iidem
611 3341 787 3392 actus,
846 3332 1040 3398 quibus
1080 3330 1245 3379 homo
1285 3330 1531 3379 Virtutem
1574 3327 1700 3378 colit
1741 3335 1792 3376 et
1832 3327 1969 3376 Deo.

141 3422 381 3465 Cathrein,
408 3423 540 3456 Philos.
569 3424 724 3456 moralis.
767 3424 831 3456 Ed.
862 3434 892 3463 5.
1663 3427 1686 3466 3
