2182 3682
486 168 570 198 LIB.
607 168 634 199 1.
681 169 779 198 CAP.
814 169 874 198 lv,
922 170 984 198 DE
1017 169 1129 198 IURE
1163 170 1510 201 PROPRIETATIS.
1844 166 1943 227 283

57 303 163 354 suis
202 301 486 367 percipere.
568 300 739 366 Atqui
779 301 914 350 hanc
956 303 1326 352 certitudinem
1368 320 1474 353 non
1517 305 1787 356 haberent.
1856 307 1949 356 Ad

58 383 314 436 culturam
361 399 611 448 agrorum
652 383 1076 448 promovendam
1118 401 1225 434 non
1266 402 1382 434 raro
1424 403 1640 437 necesse
1681 397 1759 437 est
1800 389 1952 438 fossis

56 467 251 517 siccare
292 463 486 513 fundos
525 471 578 513 et
616 462 855 530 paludeS,
900 465 1268 530 aquaeductus
1297 466 1506 527 ducere,
1551 469 1660 518 vias
1702 478 1949 531 sternere,

56 547 269 598 arbores
310 545 564 611 plantare,
607 562 746 596 nova
785 545 1026 596 aedificia
1066 556 1339 597 exstruere
1380 557 1478 598 etc.
1549 550 1753 600 Harum
1794 569 1952 616 porro

56 645 404 695 expensarum
456 644 617 693 saepe
668 628 1020 677 maximarum
1073 646 1179 678 non
1232 629 1328 679 nisi
1382 639 1505 695 post
1565 642 1620 694 15
1666 630 1749 681 vel
1793 646 1861 682 20
1902 642 1954 682 et

55 710 231 778 plures
270 726 437 759 annos
480 709 678 759 fructus
717 710 1091 775 percipiuntur.
1162 711 1437 762 Deberent
1475 730 1604 778 ergo
1634 712 1811 763 coloni
1839 731 1954 763 esse

56 792 182 844 certi
232 808 289 841 se
339 791 527 841 saltem
580 808 674 857 per
735 802 788 855 15
836 791 919 841 vel
974 805 1042 842 20
1095 809 1263 843 annos
1304 811 1410 843 non
1452 794 1804 860 expellendos
1845 795 1954 846 fore

55 892 123 925 ex
173 875 510 940 possessione
561 890 669 923 sua.
751 872 861 923 Sed
917 873 1055 924 hanc
1108 876 1477 926 certitudinem
1530 894 1637 927 non
1678 877 1951 938 haberent,

55 957 362 1024 praesertim
403 955 589 1015 hodie,
644 955 734 1005 ubi
773 957 823 1004 in
867 956 1115 1006 omnibus
1157 956 1263 1007 fere
1305 958 1604 1008 civitatibus
1642 960 1814 1008 variae
1856 959 1955 1009 fac-

54 1039 225 1088 tiones
253 1037 501 1104 politicae
528 1037 627 1086 sibi
653 1038 961 1099 succedunt,
994 1047 1047 1087 et
1074 1056 1422 1105 unaquaeque
1452 1049 1719 1106 potestate
1741 1040 1955 1107 publica

53 1122 104 1171 in
145 1120 382 1170 favorem
417 1137 636 1169 suorum
669 1119 989 1170 asseclarum
1018 1121 1093 1169 uti
1120 1120 1203 1170 vel
1232 1121 1379 1171 abuti
1418 1122 1611 1173 studet.
1682 1123 1955 1173 Praeterea

54 1219 173 1253 cum
214 1218 463 1268 agrorum
505 1200 756 1262 fertilitaS,
787 1202 930 1263 situs,
962 1203 1257 1252 amoenitas
1285 1204 1387 1253 sint
1415 1205 1552 1254 adeo
1582 1205 1802 1266 diversa,
1847 1223 1955 1255 non

54 1291 280 1351 possunt
331 1283 675 1334 condiciones
728 1291 1032 1334 contractus
1084 1284 1362 1335 locationis
1415 1286 1533 1351 lege
1588 1287 1863 1337 universali
1905 1295 1957 1337 et

55 1365 262 1433 aequali
313 1383 410 1432 pro
463 1365 710 1416 omnibus
760 1366 970 1416 casibus
1010 1368 1193 1428 statui,
1249 1368 1344 1417 sed
1386 1368 1661 1419 debebunt
1702 1368 1955 1419 officiales

53 1448 253 1515 publici
294 1448 361 1497 de
400 1447 478 1497 his
517 1448 922 1498 condicionibus
951 1466 1071 1498 cum
1103 1449 1306 1499 colonis
1335 1451 1546 1516 pacisci,
1590 1460 1642 1501 et
1669 1453 1743 1501 sic
1771 1460 1954 1517 aperta

53 1531 150 1580 erit
203 1531 285 1580 via
341 1530 673 1596 oppressioni
727 1529 809 1579 vel
866 1531 1192 1596 corruptioni
1246 1541 1298 1581 et
1353 1532 1633 1597 peculatui.
1727 1532 1951 1593 Omitto,

53 1613 200 1678 quod
240 1613 398 1662 etiam
439 1613 490 1661 in
531 1612 630 1662 hac
665 1613 1031 1678 suppositione
1072 1614 1209 1663 sicut
1248 1614 1299 1663 in
1341 1614 1514 1680 priore
1554 1614 1818 1680 agricolae
1860 1632 1953 1681 per

53 1696 158 1746 vim
199 1695 456 1745 deberent
496 1712 566 1744 ex
605 1711 702 1743 suo
745 1695 980 1744 dominio
1024 1695 1160 1745 deici
1199 1705 1250 1745 et
1289 1696 1340 1745 in
1369 1695 1592 1746 colonos
1622 1699 1950 1758 commutari,

52 1777 106 1827 id
146 1777 294 1843 quod
337 1784 482 1827 certo
525 1777 783 1826 maximas
824 1777 1005 1827 turbas
1046 1779 1317 1828 excitaret.
1398 1779 1573 1828 Nemo
1616 1780 1756 1829 enim
1796 1797 1953 1829 sanus

54 1859 391 1927 exspectabit
442 1858 703 1924 agricolas
754 1876 846 1909 sua
886 1867 1079 1925 sponte
1120 1860 1357 1910 dominio
1398 1878 1495 1911 suo
1538 1879 1779 1912 cessuros
1819 1879 1948 1912 esse.

56 2019 201 2083 362.
282 2020 374 2070 Ad
405 2033 451 2083 3.
520 2020 730 2071 Tertius
769 2021 962 2071 modus
991 2023 1299 2087 praesertim
1328 2041 1357 2072 a
1386 2023 1454 2074 H.
1488 2022 1704 2088 George
1738 2024 1955 2089 eiusque

53 2102 265 2153 asseclis
306 2103 725 2153 commendatur.
797 2101 1114 2153 Concedunt
1154 2105 1396 2154 nimirum
1428 2124 1534 2155 non
1562 2123 1722 2172 posse
1750 2105 1954 2155 hodier-

53 2202 151 2235 nos
202 2201 537 2251 possessores
590 2184 875 2235 fundorum
927 2186 1039 2235 sine
1089 2188 1333 2237 maximis
1374 2188 1539 2238 turbis
1582 2188 1818 2237 dominio
1859 2205 1954 2237 suo

52 2268 257 2334 privari.
350 2268 638 2333 Propterea
693 2267 1054 2334 relinquamus
1109 2286 1229 2331 eos,
1291 2271 1561 2336 inquiunt,
1624 2271 1674 2319 in
1734 2270 1957 2336 pacifica

52 2350 392 2416 possessione
444 2357 496 2398 et
535 2350 875 2415 imponamus
916 2350 975 2399 iis
1016 2358 1162 2400 tanta
1203 2352 1424 2413 tributa,
1480 2361 1536 2402 ut
1577 2369 1637 2402 ea
1679 2369 1800 2418 pars
1842 2370 1956 2418 pro-

52 2440 242 2482 ventus
283 2431 594 2493 fundorum,
651 2450 811 2497 quam
852 2450 1010 2499 supra
1051 2450 1270 2483 censum
1311 2436 1643 2495 vocavimus,
1696 2443 1809 2484 tota
1850 2434 1956 2484 fere

55 2514 373 2580 reipublicae
418 2514 736 2575 vindicetur,
792 2516 1189 2580 possessoribus
1230 2534 1355 2566 vero
1410 2516 1733 2583 relinquatur
1783 2516 1956 2566 solum

54 2612 116 2646 ea
154 2613 290 2663 pars,
335 2613 472 2663 quae
513 2596 682 2646 labori
725 2605 778 2646 et
806 2597 1016 2663 capitali
1047 2598 1273 2648 debetur
1300 2606 1353 2648 et
1380 2598 1577 2665 aliquid
1609 2598 1758 2649 ultra.
1829 2599 1957 2648 Dixi

54 2677 271 2744 aliquid
291 2678 458 2740 ultra,
500 2678 590 2728 scl.
623 2678 812 2728 volunt
840 2681 1239 2745 possessoribus
1268 2682 1499 2747 aliquam
1528 2690 1733 2747 partem
1765 2672 1955 2731 census

54 2759 347 2826 relinquere
398 2778 463 2810 eo
515 2760 645 2822 fine,
706 2770 763 2811 ut
814 2761 867 2810 hi
918 2763 969 2811 in
1021 2779 1079 2812 se
1129 2764 1420 2829 suscipiant
1472 2779 1624 2813 curas
1676 2763 1744 2813 ad
1797 2780 1955 2829 agros

54 2840 337 2903 locandOS,
392 2842 783 2893 meliorationes
835 2843 1167 2905 efficiendaS‚
1224 2845 1464 2895 aedificia
1517 2845 1810 2911 reparanda
1851 2854 1949 2895 etC.

55 2925 388 2975 necessarias.
482 2923 616 2974 Cum
677 2926 815 2975 enim
870 2926 961 2975 vix
1020 2926 1271 2992 possibile
1326 2928 1393 2977 sit
1448 2928 1581 2978 haec
1636 2945 1730 2993 per
1784 2928 1953 2992 ipsam

55 3006 320 3056 civitatem
380 3008 572 3068 curari,
642 3007 828 3057 melius
887 3025 1003 3057 esse
1069 3009 1405 3070 existimant,
1470 3018 1524 3059 ut
1584 3026 1768 3058 eorum
1830 3025 1954 3058 cura

55 3087 323 3139 hodiernis
373 3089 770 3154 possessoribus
822 3090 1174 3140 demandetur
1221 3092 1280 3140 iis
1322 3091 1669 3157 relinquendo
1711 3108 1806 3156 pro
1849 3090 1952 3140 hoc

56 3169 316 3237 obsequio
356 3170 586 3237 aliquam
628 3181 832 3237 partem
876 3189 1080 3222 census.
1152 3172 1369 3239 George
1410 3179 1565 3239 putat
1598 3173 1730 3222 haec
1759 3172 1953 3222 tributa

58 3250 230 3302 fundis
284 3253 532 3318 imposita
589 3254 785 3319 (single
838 3256 957 3318 sax)
1015 3272 1122 3304 non
1177 3254 1353 3305 solum
1404 3253 1672 3320 superflua
1727 3253 1950 3303 reddere

57 3335 231 3384 omnia
277 3335 377 3386 alia
427 3335 624 3386 tributa
664 3344 715 3386 et
755 3335 1061 3402 vectigalia,
1115 3337 1210 3386 sed
1253 3338 1412 3387 etiam
1452 3335 1692 3386 sufficere
1733 3336 1800 3385 ad
1842 3353 1950 3386 om-
