2182 3682
217 160 323 213 374
620 160 733 189 PARS
768 160 814 189 II.
867 160 1180 189 PHiLOSOPHIA
1214 161 1415 191 MORALIS
1450 163 1699 192 SPECIALIS.

213 294 475 345 eiusmodi
515 294 678 344 iudex
718 302 772 345 et
812 304 993 346 custos
1032 298 1179 362 pacis
1220 304 1274 347 et
1314 298 1514 347 ordinis
1541 298 1620 348 ita
1657 299 1992 350 necessarius
2019 308 2114 362 est,

212 386 269 426 ut
309 394 511 438 omnes,
556 378 643 443 qui
682 378 732 427 in
761 377 848 427 illa
887 377 1227 429 multitudine
1253 380 1430 429 vivere
1457 379 1635 442 velint,
1680 381 1915 431 debeant
1941 381 2118 432 eidem

211 476 269 509 se
307 459 550 509 subicere
590 459 824 525 ideoque
866 459 1123 525 oblzgalio
1164 461 1334 511 eidem
1374 463 1619 527 parendi
1667 462 1735 512 ab
1784 480 1967 513 eorum
2008 481 2117 514 con-

211 558 367 591 sensu
404 559 508 591 72072
537 542 785 606 pendeat.
867 542 1031 592 Porro
1073 543 1184 593 fieri
1225 552 1431 610 potest,
1476 552 1533 594 ut
1572 544 1706 594 haec
1747 562 1991 611 persona,
2035 547 2119 596 cui

213 640 401 673 omnes
441 632 499 673 ut
539 624 698 673 iudici
740 632 792 674 et
832 624 1044 674 custodi
1085 625 1283 675 ordinis
1323 643 1380 675 se
1420 627 1663 676 subicere
1704 634 2010 689 teneantur,
2052 629 2120 678 sit

202 714 308 771 per
348 706 498 770 ipsas
538 706 970 756 circumstantias
997 707 1108 756 sine
1142 707 1250 756 ullo
1292 715 1454 773 pacto
1485 709 1850 759 determinata.
1906 709 2118 759 Etenim
2163 703 2174 714 ²

210 788 525 855 contingere
577 795 782 854 potest,
837 797 893 838 ut
940 789 1239 855 patriarcha
1278 790 1394 855 ipse
1434 790 1484 840 in
1527 791 1665 840 datis
1716 792 2121 842 circumstantiis

211 870 276 920 sit
314 870 460 919 solus
490 871 715 920 idoneus
743 871 809 920 ad
852 870 957 921 1106
986 888 1178 921 munus
1205 872 1391 922 iudicis
1419 881 1472 922 et
1514 873 1764 940 principis
1804 873 2118 939 gerendum,

211 960 496 1018 propterea
537 953 659 1019 quia
698 953 843 1002 selus
883 953 1235 1004 sufficientem
1288 963 1613 1021 potestatem
1655 963 1708 1005 et
1747 956 2120 1006 auctoritatem

212 1034 644 1100 (praevalentiam
675 1035 954 1099 moralem)
988 1036 1152 1086 habet
1180 1037 1249 1086 ad
1279 1037 1678 1087 oboedientiam
1707 1038 1807 1087 sibi
1835 1037 2122 1088 efficaciter

212 1117 629 1183 procurandam,
685 1126 907 1184 propter
957 1136 1107 1168 suam
1156 1127 1413 1180 aetatem,
1469 1119 1833 1185 prudentiam,
1888 1137 2009 1170 suas
2050 1120 2121 1170 di-

210 1200 387 1260 vitias,
440 1217 594 1249 suam
646 1201 1019 1250 auctoritatem
1071 1210 1349 1267 paternam
1390 1210 1489 1252 etc.
1571 1202 1687 1251 Iure
1739 1202 1928 1252 merito
1981 1203 2121 1252 enim

210 1299 514 1348 supponere
570 1282 691 1332 licet
732 1283 1087 1348 patriarcham
1130 1283 1362 1333 voluisse
1402 1301 1519 1333 esse
1560 1291 1720 1350 caput
1759 1283 1914 1334 huius
1955 1283 2122 1334 multi-

211 1365 407 1413 tudinis
466 1381 574 1414 non
633 1364 805 1414 solum
867 1367 919 1414 in
978 1366 1067 1427 iis,
1135 1383 1270 1432 quae
1339 1367 1641 1432 proximam
1701 1367 1811 1416 eius
1871 1366 2119 1417 familiam

210 1446 544 1512 spectabant,
579 1447 676 1497 sed
704 1448 754 1496 in
784 1448 1049 1507 omnibus,
1080 1464 1216 1514 quae
1245 1457 1396 1498 erant
1424 1450 1779 1498 communiter
1805 1449 2117 1499 necessaria.

211 1528 502 1595 Supposita
543 1538 720 1580 autem
761 1530 861 1580 hac
901 1530 1176 1580 voluntate
1217 1530 1486 1581 moraliter
1524 1530 1855 1597 impossibile
1896 1540 2022 1593 erat,
2065 1541 2123 1582 ut

211 1611 343 1661 alius
402 1621 542 1662 esset
598 1621 761 1679 caput
820 1613 973 1663 huius
1032 1613 1397 1664 multitudinis.
1497 1613 1735 1679 Quilibet
1791 1614 1931 1663 enim
1989 1612 2122 1665 alius

213 1694 486 1745 debuisset
537 1713 645 1744 non
697 1695 872 1745 solum
925 1695 1156 1762 reliquos
1198 1713 1408 1756 omnes,
1463 1697 1558 1746 sed
1601 1697 1761 1746 etiam
1811 1696 1987 1763 ipsum
2034 1714 2121 1763 pa-

211 1776 493 1827 triarcham
519 1777 792 1828 nolentem
819 1787 871 1829 et
897 1787 1286 1845 repugnantem
1310 1779 1409 1829 sibi
1434 1779 1677 1829 subicere
1701 1796 1867 1845 seque
1892 1778 2121 1829 iudicem

212 1860 468 1921 eiusdem,
514 1860 603 1926 qui
633 1870 685 1910 et
712 1862 874 1927 ipsius
902 1870 1054 1928 pater
1085 1870 1210 1922 erat,
1253 1861 1591 1912 constituere.
1647 1861 1708 1911 Id
1737 1862 1902 1927 quod,
1944 1861 1988 1910 si
2015 1877 2124 1910 non

211 1960 438 2009 semper,
481 1942 671 1992 saltem
699 1960 861 2009 saepe
890 1943 1159 1994 moraliter
1199 1943 1528 2010 impossibile
1563 1952 1688 1993 erat.
1745 1942 1937 1993 Melius
1964 1943 2125 2009 igitur

213 2026 405 2075 dicitur
444 2026 744 2091 patriarcha
785 2027 877 2076 via
904 2027 1070 2091 facti,
1114 2035 1171 2076 ut
1213 2027 1316 2077 dici
1345 2026 1497 2087 solet,
1546 2027 1871 2092 processisse
1899 2034 1953 2076 et
1981 2043 2121 2076 com-

212 2109 525 2159 munitatem
566 2108 710 2159 illam
744 2109 958 2160 rexisse.
1016 2109 1411 2175 Agnoscebant
1452 2109 1673 2175 quidem
1713 2108 1955 2158 membra
1983 2125 2124 2158 com-

213 2191 481 2241 munitatis
533 2193 903 2242 auctoritatem
960 2191 1320 2257 patriarchae,
1379 2192 1474 2242 sed
1532 2191 1618 2241 hic
1670 2208 1962 2241 consensus
2017 2208 2124 2240 non

213 2282 325 2324 erat
375 2291 533 2324 causa
583 2274 719 2324 illius
772 2275 1115 2325 auctoritatis
1199 2274 1372 2324 Causa
1422 2274 1638 2341 propria
1679 2282 1790 2323 erat
1838 2272 2127 2323 necessitas

212 2355 329 2406 talis
381 2357 709 2406 auctoritatis
761 2358 812 2406 in
866 2357 956 2406 tali
1008 2357 1391 2406 communitate
1444 2365 1497 2406 et
1543 2355 1813 2406 exclusiva
1863 2355 2127 2405 idoneitas

213 2439 545 2505 patriarchae
586 2440 653 2489 ad
695 2456 813 2489 eam
856 2439 1178 2500 habendam,
1222 2440 1265 2489 si
1306 2457 1424 2489 eam
1465 2439 1663 2489 habere
1705 2437 1937 2488 volebat.

217 2589 365 2643 502.
449 2588 615 2626 PARS
647 2589 703 2627 ΙΙ.
771 2589 844 2626 De
882 2588 1142 2637 originario
1176 2589 1400 2627 subiecto
1430 2589 1708 2637 potestatis.

290 2680 455 2727 Prob.
499 2694 538 2726 1.
616 2679 878 2729 Veterum
920 2678 1124 2729 theoria
1166 2679 1233 2728 de
1263 2678 1546 2743 originario
1588 2679 1832 2728 subiecto
1873 2677 2128 2743 supponit

215 2778 400 2811 eorum
453 2762 753 2812 doctrinam
810 2762 877 2811 de
932 2762 1203 2811 societatis
1260 2760 1424 2811 civilis
1480 2761 1684 2826 origine
1739 2777 1835 2826 per
1889 2767 2122 2826 pactum.

213 2844 384 2909 Atqui
404 2844 539 2894 hanc
564 2844 859 2894 doctrinam
884 2845 988 2894 iam
1010 2844 1060 2892 in
1084 2853 1233 2909 parte
1256 2844 1430 2909 priore
1454 2843 1810 2893 refutavimus.
1860 2842 2015 2907 Ergo
2041 2882 2049 2890 .
2078 2882 2084 2889 .
2115 2883 2122 2890 .

215 2927 387 2976 Immo
429 2936 746 2992 argumento
800 2927 1002 2993 primae
1049 2926 1211 2992 partis
1253 2926 1504 2992 explicite
1545 2926 1802 2992 probatur
1842 2941 2002 2990 posse
2042 2923 2126 2972 311-

217 3026 379 3075 quem
430 3009 540 3058 sine
592 3017 754 3075 pacto
807 3009 1051 3074 accipere
1102 3025 1408 3074 supremam
1460 3015 1787 3074 potestatem
1835 3006 2123 3073 politicam.

292 3100 457 3147 Prob.
497 3114 540 3147 2.
632 3099 792 3148 Ratio
846 3099 1158 3164 praecipua,
1220 3116 1311 3148 cur
1361 3106 1474 3147 tum
1527 3106 1746 3163 pactum
1797 3103 1914 3146 tum
1964 3103 2125 3144 trans-

217 3181 471 3231 lationem
512 3182 793 3248 potestatis
833 3198 928 3247 per
968 3180 1228 3247 populum
1257 3198 1471 3246 semper
1499 3188 1552 3229 et
1592 3179 1789 3245 ubique
1830 3176 2127 3227 necessaria

219 3264 549 3325 existiment,
593 3272 700 3324 est,
743 3263 866 3329 quia
905 3263 1148 3313 homines
1188 3263 1323 3312 inter
1362 3279 1419 3312 se
1459 3262 1562 3312 sint
1602 3260 1851 3327 aequales
1891 3267 1945 3309 et
1983 3258 2126 3308 inde-

219 3346 542 3412 pendentes,
596 3363 695 3396 nec
747 3346 915 3412 possit
967 3345 1098 3395 ratio
1139 3345 1420 3410 assignari,
1476 3361 1568 3394 cur
1618 3350 1858 3409 potestas
1908 3340 2124 3407 politica
