2182 3682
580 182 731 210 CAPUT
766 183 863 211 VIII.
916 183 977 210 DE
1010 183 1124 211 IURE
1158 183 1207 211 IN
1243 184 1444 213 GENERE.
1855 188 1958 239 207

66 317 221 368 refert
284 319 353 367 ad
417 318 496 366 ius
562 318 800 382 gentium
860 317 1146 382 principia,
1215 334 1354 383 quae
1413 319 1684 369 evidenter
1741 321 1791 369 in
1851 322 1960 370 iure

66 398 287 449 naturali
339 399 700 458 continentur,
753 416 800 447 v.
846 415 896 464 g.
952 407 1110 464 pacta
1158 416 1274 448 esse
1323 401 1583 450 servanda
1625 401 1703 464 (In
1744 402 1795 450 V
1836 402 1958 452 Eth.

67 480 98 531 l.
168 480 278 543 12),
347 497 454 529 non
521 497 636 529 esse
704 479 986 529 furandum
1053 480 1192 544 (ib),
1261 497 1369 530 non
1435 498 1550 531 6556
1609 483 1962 532 occidendum

67 562 135 625 (Ι,
181 574 226 622 2,
272 579 322 626 q.
367 572 454 624 95,
498 578 540 611 a.
587 561 655 623 2).

139 644 304 690 Prob.
344 658 386 690 2.
441 659 510 692 ex
561 641 590 692 l.
655 656 714 691 12
770 643 819 692 in
873 643 925 692 V
977 642 1130 704 Eth.,
1186 644 1276 693 ubi
1317 641 1370 693 S.
1427 644 1634 694 Doctor
1686 661 1804 694 cum
1848 645 1963 695 Ari-

64 723 255 774 stotele
304 724 578 789 distinguit
620 723 820 790 duplex
862 724 1053 773 z'ztslzmz
1095 725 1379 774 7lal2t7‘ale:
1432 725 1600 786 aliud,
1656 727 1800 791 quod
1844 743 1962 776 con-

64 806 299 872 sequitur
339 815 581 855 naturam
621 805 864 865 hominis,
910 815 1068 871 prout
1109 815 1187 856 est
1227 808 1273 856 ei
1302 824 1422 856 cum
1453 807 1619 856 brutis
1649 809 1962 868 communis,

63 887 233 948 aliud,
290 887 437 953 quod
479 887 824 952 consequitur
864 887 1092 936 eandem
1132 896 1400 949 naturam,
1445 898 1603 954 prout
1643 898 1722 938 est
1763 889 1808 939 ei
1849 907 1965 955 pro-

64 970 200 1035 pria,
254 986 345 1018 seu
399 975 558 1034 prout
609 969 859 1018 discernit
906 977 1059 1034 turpe
1109 978 1161 1018 et
1201 969 1502 1020 honestum.
1584 971 1723 1020 Dein
1763 972 1963 1037 pergit:

71 1050 237 1100 «Illud
279 1050 384 1111 ius,
428 1050 577 1116 quod
619 1051 962 1116 consequitur
1002 1052 1269 1116 propriam
1311 1051 1704 1102 inclinationem
1748 1062 1966 1102 naturae

63 1133 354 1193 humanae,
405 1131 497 1182 scl.
542 1140 598 1181 ut
638 1131 802 1181 homo
845 1141 924 1181 est
964 1132 1155 1182 animal
1199 1133 1480 1194 rationale,
1523 1143 1718 1183 vocant
1758 1135 1966 1184 iuristae

64 1214 145 1264 ius
163 1213 423 1279 gentium,
464 1214 588 1279 quia
621 1231 685 1263 eo
717 1230 902 1263 omnes
930 1222 1118 1279 gentes
1147 1223 1379 1276 utuntur,
1424 1215 1586 1265 sicut:
1632 1216 1781 1281 quod
1808 1225 1967 1282 pacta

63 1295 167 1345 sint
217 1295 477 1345 servanda
529 1304 582 1344 et
633 1295 779 1360 quod
832 1295 993 1361 legati
1044 1296 1146 1345 sint
1194 1297 1337 1362 apud
1379 1297 1560 1346 hostes
1613 1299 1711 1347 tuti
1763 1305 1815 1347 et
1867 1297 1967 1347 alia

64 1377 383 1427 huiusmodi.
453 1376 746 1442 Utrumque
785 1385 962 1426 aulem
992 1377 1186 1427 horum
1217 1378 1687 1443 comprehenditur
1714 1380 1805 1429 sub
1834 1381 1966 1429 insto

64 1458 338 1520 naturali,
396 1468 554 1524 prout
606 1458 689 1508 hic
738 1476 768 1508 a
819 1458 1148 1525 Philosopho
1202 1461 1507 1526 accipitur».
1590 1462 1676 1510 Ius
1728 1463 1966 1527 gentium

65 1558 194 1606 ergo
235 1549 314 1590 est
342 1541 434 1602 ius,
479 1558 586 1606 quo
609 1549 805 1606 *gentes
833 1549 1053 1592 utuntur
1081 1542 1422 1608 (positivum),
1466 1544 1561 1592 sed
1591 1544 1736 1609 quod
1767 1545 1966 1610 (quoad

67 1623 360 1687 materiam)
402 1623 629 1688 pertinet
671 1624 738 1672 ad
779 1624 975 1672 iustum
1016 1623 1267 1674 naturale.

139 1705 345 1754 Eadem
387 1705 629 1754 doctrina
670 1705 804 1754 redit
844 1706 895 1754 in
939 1719 984 1766 2,
1020 1719 1065 1767 2,
1099 1724 1149 1772 q.
1185 1717 1266 1769 57,
1299 1723 1343 1756 a.
1378 1720 1425 1765 2,
1467 1716 1518 1756 et
1547 1707 1604 1756 In
1633 1722 1682 1769 4,
1727 1708 1844 1758 dist.
1881 1721 1963 1772 33,

67 1804 118 1852 q.
170 1801 209 1848 Ι,
254 1803 297 1837 a.
350 1801 367 1836 Ι
404 1787 471 1835 ad
499 1801 549 1848 4.
617 1787 914 1836 Posteriore
955 1786 1076 1836 loco
1119 1789 1215 1837 ait:
1265 1787 1638 1838 «Strictissimo
1678 1791 1844 1838 modo
1887 1806 1966 1839 ac-

67 1868 313 1934 cipiendo
368 1869 450 1918 ius
500 1868 782 1927 naturale,
835 1868 946 1930 illa,
1003 1886 1140 1935 quae
1193 1871 1260 1919 ad
1313 1870 1557 1920 homines
1610 1879 1816 1920 tantum
1858 1889 1968 1937 per-

66 1951 248 2011 tinent,
293 1951 390 2000 etsi
429 1951 532 2000 sint
574 1951 641 2000 de
683 1951 969 2000 dictamine
1010 1951 1259 2001 naturalis
1301 1953 1531 2012 rationis,
1577 1970 1684 2002 non
1725 1954 1971 2003 dicuntur

67 2049 181 2082 esse
234 2033 300 2082 de
351 2033 460 2082 iure
513 2032 762 2093 naturali,
817 2033 910 2082 sed
953 2032 1040 2082 illa
1080 2040 1314 2094 tantum,
1369 2052 1506 2100 quae
1547 2035 1796 2084 naturalis
1837 2036 1967 2085 ratio

66 2114 231 2164 dictat
272 2114 339 2164 de
381 2114 485 2175 his,
541 2132 678 2180 quae
718 2123 838 2164 sunt
879 2115 1078 2164 homini
1120 2115 1339 2182 aliisque
1387 2118 1705 2167 communia.
1786 2117 1855 2166 Et
1896 2118 1968 2167 sic

67 2195 222 2246 datur
261 2196 360 2245 ista
401 2196 638 2245 definitio
680 2196 800 2246 scl.:
844 2197 921 2245 ius
962 2197 1199 2247 naturale
1241 2206 1335 2259 est,
1380 2199 1527 2265 quod
1568 2208 1752 2248 natura
1793 2201 1970 2249 omnia

67 2276 310 2328 animalia
352 2278 583 2328 docuit.»

142 2360 306 2407 Prob.
345 2375 388 2421 3.
481 2359 532 2408 S.
599 2358 838 2409 Thomas
887 2378 1074 2410 vocem
1129 2361 1251 2411 iuris
1305 2361 1502 2428 duplici
1554 2379 1708 2412 sensu
1766 2364 1967 2429 potissi-

67 2458 213 2490 mum
255 2450 500 2507 usurpat:
545 2442 594 2505 a)
635 2451 691 2490 ut
731 2442 995 2507 significat
1035 2442 1238 2508 legem;
1294 2444 1356 2494 cf.
1410 2458 1461 2505 Ι,
1508 2458 1565 2505 2,
1611 2462 1660 2510 q.
1704 2456 1802 2509 95,
1846 2463 1888 2495 a.
1935 2460 1967 2508 4

68 2523 208 2586 (vide
249 2540 357 2589 arg.
410 2524 455 2588 Ι)
497 2532 550 2573 et
590 2524 647 2572 In
687 2537 748 2585 4,
802 2525 920 2574 dist.
968 2539 1061 2588 33,
1107 2543 1156 2591 q.
1210 2540 1261 2587 Ι,
1306 2544 1348 2576 a.
1402 2541 1453 2588 1;
1511 2526 1565 2589 b>
1609 2536 1665 2575 ut
1705 2527 1967 2593 significat

67 2605 258 2654 iustum
297 2623 391 2655 seu
434 2606 704 2656 obiectum
746 2606 965 2656 formale
994 2608 1141 2673 quod
1170 2608 1422 2658 iustitiae:
1470 2623 1516 2669 2,
1563 2622 1609 2668 2,
1641 2627 1690 2674 q.
1727 2620 1808 2673 57,
1841 2627 1884 2660 a.
1925 2625 1965 2660 Ι.

70 2686 231 2737 Porro
272 2687 491 2753 quando
533 2688 643 2754 agit
684 2689 751 2737 de
791 2688 917 2750 iure,
972 2698 1030 2738 ut
1069 2689 1333 2755 significat
1374 2690 1567 2756 legem,
1611 2691 1688 2740 ius
1729 2693 1968 2756 gentium

67 2785 276 2835 semper
316 2776 531 2820 revocat
572 2770 640 2819 ad
682 2771 761 2820 ius
791 2771 1118 2835 positivzmc;
1161 2773 1378 2838 quando
1414 2790 1540 2822 vero
1582 2774 1692 2838 agit
1733 2774 1800 2822 de
1840 2774 1965 2834 iure,

68 2858 126 2899 ut
175 2851 438 2917 significat
489 2853 710 2913 iustum,
766 2853 846 2901 ius
898 2854 1138 2918 gentium
1190 2871 1402 2921 semper
1454 2854 1611 2904 trahit
1650 2855 1719 2904 ad
1759 2856 1839 2904 ius
1878 2873 1967 2905 mz-

68 2932 256 2982 tm‘ale.
338 2934 484 2999 Ergo
537 2951 605 2983 ex
656 2942 834 2984 mente
875 2934 927 2985 S.
972 2936 1226 2985 Doctoris
1265 2937 1342 2986 ius
1383 2937 1620 3002 gentium
1660 2946 1781 2985 sunt
1821 2936 1967 3002 leges

69 3015 340 3078 positivae,
397 3033 534 3081 quae
575 3016 775 3066 habent
815 3034 912 3082 pro
955 3017 1171 3067 obiecto
1212 3035 1288 3079 ea,
1335 3036 1471 3084 quae
1512 3027 1633 3068 sunt
1674 3035 1740 3068 ex
1781 3027 1967 3068 natura

69 3111 162 3145 sua
201 3097 334 3147 iusta
361 3097 444 3147 vel
484 3098 689 3159 iniusta,
732 3116 824 3147 seu
868 3115 1006 3164 quae
1047 3117 1141 3165 per
1181 3100 1403 3149 modum
1445 3099 1797 3150 conclusionis
1838 3101 1966 3150 deri-

67 3185 254 3227 vantur
293 3195 363 3228 eX
402 3180 668 3245 principiis
708 3180 1086 3231 universalibus
1121 3181 1254 3247 legis
1288 3180 1551 3231 naturalis.
1621 3181 1798 3246 Leges
1826 3182 1965 3231 enim

66 3259 324 3323 positivae
364 3277 471 3310 non
503 3261 784 3326 iniungunt
811 3262 1122 3313 universalia
1150 3264 1419 3329 principia,
1463 3263 1557 3312 sed
1588 3262 1963 3312 determinatas

68 3341 302 3391 actiones
341 3341 424 3391 vel
465 3343 792 3394 omissiones,
