2182 3682
421 174 505 202 LIB.
542 174 587 201 11.
636 173 735 201 CAP.
772 173 831 200 IV.
880 171 940 199 DE
973 171 1087 199 IURE
1121 170 1543 199 INTERNA'I'IONALI.
1825 162 1928 222 481

34 309 241 361 indoles
292 309 519 374 (indoles
570 308 652 358 vel
708 308 978 372 ingenium
1035 304 1334 370 nationale).
1426 306 1513 355 Ex
1565 306 1718 355 dictis
1769 307 1936 356 natio-

34 391 240 442 nalz‘tas
294 391 497 440 definiri
555 398 760 456 potest:
818 387 1062 454 specialis
1117 388 1355 453 corporis
1411 396 1464 436 et
1514 388 1674 436 animi
1731 387 1938 437 indoles

33 472 190 523 alicui
230 471 541 522 familiarum
574 471 899 521 multitudini
937 470 987 520 vi
1030 469 1325 519 communis
1354 469 1570 533 originis
1599 477 1651 517 et
1691 469 1939 518 historiae

35 555 348 605 hereditarie
400 554 613 620 propria
665 569 892 618 eamque
944 552 1011 601 ab
1053 550 1301 601 omnibus
1354 549 1463 599 aliis
1515 549 1941 600 multitudinibus

35 637 353 686 discernens.
430 634 624 685 Omnia
665 635 788 684 dein
828 633 1102 683 individua
1142 632 1379 681 eiusdem
1421 630 1797 681 nationalitatis
1838 631 1940 681 col—

34 717 223 768 lective
262 726 477 783 sumpta
518 717 845 767 constituunt
883 715 1170 765 nationem.

111 812 157 849 2.
201 798 435 865 Populus
476 806 528 849 et
567 799 710 848 natio
751 798 892 847 varie
932 797 1067 846 inter
1107 813 1223 846 sese
1264 795 1462 845 habere
1505 803 1743 862 possunt.
1807 795 1944 844 Fieri

34 888 228 947 potest,
272 890 328 931 ut
364 880 539 946 aliqua
566 881 710 929 natio
752 887 867 929 tota
896 895 1064 944 eaque
1094 877 1208 928 sola
1235 895 1399 927 unum
1440 876 1703 944 populum
1732 876 1940 938 efficiat,

34 963 87 1012 id
130 963 277 1028 quod
320 962 553 1012 firmitati
593 962 831 1028 corporis
871 959 1081 1010 socialis
1124 959 1278 1010 favet.
1335 958 1510 1026 Saepe
1550 967 1729 1008 tamen
1771 958 1945 1024 aliqua

37 1045 182 1094 natio
210 1045 262 1094 in
304 1044 480 1110 plures
519 1043 751 1110 populos
780 1043 1044 1103 dividitur,
1086 1041 1171 1091 vel
1199 1043 1468 1092 viceversa
1500 1040 1678 1107 plures
1706 1041 1946 1091 nationes

37 1127 89 1175 in
131 1143 297 1175 unum
335 1125 596 1193 populum
626 1126 888 1175 uniuntur.
946 1125 1005 1174 In
1047 1124 1146 1174 hac
1175 1123 1360 1173 ultima
1386 1124 1755 1189 suppositione
1783 1139 1945 1189 saepe

36 1208 251 1274 quidem
307 1209 603 1259 necessaria
655 1207 843 1274 populi
894 1207 1065 1256 unitas
1107 1206 1177 1256 ob
1231 1206 1596 1255 membrorum
1636 1205 1946 1255 varietatem

37 1289 241 1352 deficit;
298 1290 493 1356 quodsi
533 1300 711 1340 tamen
752 1289 1019 1339 sufficiens
1059 1297 1390 1354 supponatur
1437 1287 1653 1354 politica
1694 1287 1945 1337 cohaesio

35 1378 171 1426 inter
212 1373 443 1422 diversas
485 1381 688 1438 gentes,
732 1371 849 1422 talis
880 1372 1005 1421 unio
1033 1371 1296 1421 variarum
1337 1371 1575 1436 gentium
1606 1370 1948 1419 omnimodae

38 1452 275 1504 culturae
317 1464 370 1504 et
410 1455 748 1521 prosperitati
787 1454 1045 1520 prodesse
1087 1461 1280 1518 potest.

120 1550 163 1599 3.
209 1536 320 1585 Iam
361 1537 644 1603 quaeritur,
689 1553 952 1602 quaenam
982 1552 1097 1585 esse
1128 1535 1325 1584 debeat
1358 1532 1540 1584 relatio
1570 1535 1788 1584 iuridica
1816 1534 1950 1584 inter

41 1617 302 1683 populum
343 1626 397 1668 et
436 1620 721 1669 nationem.
804 1618 1121 1684 Respondet
1162 1617 1423 1667 recentior
1464 1616 1812 1666 liberalismus
1851 1633 1948 1666 suo

40 1700 298 1767 principio
339 1700 732 1762 nationalitatis,
776 1701 922 1766 quod
951 1699 1034 1750 vel
1074 1699 1334 1749 illimitato
1363 1698 1446 1748 vel
1488 1699 1728 1748 restricto
1771 1697 1948 1764 aliquo

42 1799 200 1832 sensu
251 1783 488 1849 intellegi
539 1792 734 1849 potest.
816 1781 987 1833 Sensu
1040 1781 1279 1831 absoluso
1320 1781 1395 1831 sic
1436 1781 1693 1830 enuntiari
1745 1789 1948 1846 potest:

53 1862 334 1925 Quaelibet
370 1866 517 1915 natio
569 1865 729 1915 lzabet
766 1865 874 1926 ius,
930 1872 985 1914 nt
1023 1882 1087 1913 ea
1135 1872 1243 1914 tota
1285 1872 1335 1913 cl
1371 1864 1488 1913 sola
1532 1863 1586 1912 2'72
1627 1880 1787 1911 mmm
1830 1863 1952 1912 civi-

44 1954 205 1996 tatem
261 1947 482 1997 uniatur
533 1948 690 2014 idque
745 1965 846 1997 non
899 1946 1221 1996 obslmzlz‘bns
1276 1945 1480 1995 iuribus
1532 1945 1949 2011 quz'busczmlque.

44 2028 395 2095 Exemplum:
455 2030 599 2080 natio
652 2029 826 2080 italica
877 2029 1041 2079 habet
1091 2030 1194 2089 ius,
1248 2037 1304 2077 ut
1356 2045 1542 2078 omnes
1594 2028 1705 2077 eius
1758 2035 1950 2093 partes,

46 2111 205 2160 etiam
257 2129 378 2173 eae,
438 2129 573 2178 quae
628 2112 806 2162 adhuc
859 2112 926 2160 ad
979 2111 1279 2171 Austriam,
1335 2109 1669 2169 Helvetiam,
1725 2108 1952 2159 Galliam

46 2194 326 2258 pertinent,
369 2194 420 2243 in
462 2212 620 2244 unam
661 2194 975 2244 societatem
1018 2192 1222 2242 civilem
1266 2193 1528 2242 uniantur.

120 2273 290 2326 Sensu
331 2276 575 2326 restricto
615 2276 952 2342 intellegitur,
997 2276 1039 2324 si
1080 2275 1374 2340 generatim
1416 2275 1632 2340 quidem
1674 2283 1731 2323 ut
1771 2291 1955 2323 verum

48 2357 355 2419 admittitur,
399 2367 634 2409 attamen
675 2359 848 2408 variae
890 2357 1229 2407 limitationes
1269 2357 1443 2406 eidem
1478 2356 1811 2406 adhibentur.
1868 2354 1956 2405 Sic

51 2456 95 2488 v.
140 2456 189 2505 g.
233 2441 531 2490 secundum
572 2439 739 2490 Molcl
786 2440 1103 2507 principium
1156 2439 1532 2489 nationalitatis
1574 2438 1956 2488 enuntiandum

50 2520 210 2570 foret:
266 2522 380 2571 Nisi
420 2523 638 2572 obstent
677 2531 836 2588 pacta
876 2521 1325 2582 internationalia,
1383 2519 1652 2586 quaelibet
1693 2521 1836 2570 natio
1878 2520 1957 2569 ius

49 2601 214 2653 habet
264 2604 330 2653 ad
384 2606 750 2654 autonomiam
792 2613 844 2654 et
896 2603 1171 2670 politicam
1212 2604 1463 2653 unionem
1505 2603 1666 2653 etiam
1718 2620 1812 2669 per
1851 2603 1957 2651 vim

51 2684 415 2748 efficiendam,
479 2688 697 2753 quando
758 2687 890 2736 haec
950 2687 1074 2735 unio
1136 2686 1431 2735 necessaria
1490 2684 1837 2750 intellegitur,
1901 2691 1958 2732 ut

50 2766 280 2833 populus
320 2769 490 2834 possit
529 2769 660 2819 fines
701 2786 826 2819 suos
867 2769 1156 2833 attingere,
1213 2776 1266 2817 et
1306 2766 1585 2834 probabile
1626 2767 1691 2816 sit
1731 2783 1824 2815 eos
1865 2783 1959 2831 per

50 2848 192 2898 illam
233 2851 483 2900 unionem
523 2867 751 2917 eamque
790 2850 959 2900 solam
1000 2850 1189 2915 attingi
1230 2867 1405 2915 posse.

127 2930 434 2982 Secundum
476 2933 785 2982 Blzmtsclllz‘
831 2933 1147 3000 principium
1199 2930 1574 2982 nationalitatis
1627 2940 1737 2980 tum
1785 2929 1956 2979 solum

54 3012 219 3075 valet,
274 3032 394 3065 cum
435 3017 484 3080 a)
525 3015 700 3081 aliqua
752 3016 895 3065 natio
949 3032 1123 3080 capax
1170 3023 1249 3064 est
1300 3014 1640 3064 autonomiae
1692 3011 1955 3078 politicae,

55 3095 111 3160 b)
153 3097 451 3163 eademque
501 3097 825 3147 sufficientes
877 3098 1013 3147 vires
1068 3097 1232 3146 habet
1285 3097 1354 3146 ad
1407 3096 1544 3145 hanc
1595 3095 1958 3144 autonomiam

55 3194 151 3242 per
188 3179 294 3228 vim
335 3178 686 3230 efficiendam.
734 3211 799 3217 -
842 3179 928 3229 De
980 3179 1080 3228 hac
1131 3187 1309 3228 autem
1351 3178 1646 3243 capacitate
1699 3186 1850 3242 putat
1889 3177 1959 3225 iu-

59 3259 254 3309 dicium
283 3261 386 3310 Dei
425 3262 477 3311 in
517 3262 749 3322 historia,
793 3262 821 3311 i.
854 3278 898 3312 e.
943 3278 1011 3310 ex
1040 3269 1217 3310 mente
1259 3259 1559 3310 liberalismi
1600 3259 1841 3309 moderni
1882 3259 1960 3308 ius

61 3339 304 3403 fortioris,
349 3343 610 3394 decidere.

151 3434 388 3475 Cathrein,
416 3436 549 3468 Philos.
578 3436 731 3468 moralis.
775 3436 841 3468 Ed.
871 3447 900 3474 5.
1638 3441 1685 3480 31
