2182 3682
234 172 339 236 386
633 182 746 212 PARS
780 183 828 213 ΙΙ.
881 183 1195 212 PHILOSOPHIA
1229 184 1431 212 MORALIS
1469 184 1715 214 SPECIALIS.

886 319 1156 368 THESIS
1193 321 1472 368 LXXXII.

231 431 378 485 513·
449 429 602 478 Finis
628 430 864 479 civitatis
891 445 1004 479 non
1031 438 1117 478 est
1141 432 1358 479 bonum
1385 431 1678 492 publicum
1715 431 2134 480 consideratum

228 511 290 551 ut
325 504 453 552 finis
488 504 544 552 in
581 520 659 553 se.

303 612 393 665 St.
436 612 512 681 Q.
602 630 640 665 I.
673 613 1099 681 Supersedemus
1128 615 1442 666 refutatione
1472 616 1747 666 doctrinae
1773 633 1935 684 supra
1962 617 2133 683 primo

225 696 347 747 loco
388 697 457 761 (n.
507 707 635 760 512,
691 698 741 761 a)
784 704 1145 759 enumeratae,
1203 699 1403 764 quippe
1445 715 1581 764 quae
1621 698 1959 764 pantheismo
2010 698 2134 749 alibi

225 780 422 829 reiecto
463 788 578 829 tota
616 780 882 830 innitatur.

302 875 348 912 2.
393 861 654 928 Reliquae
706 870 887 912 autem
941 863 1220 928 opiniones
1261 863 1552 913 recensitae
1592 863 1644 912 in
1686 881 1751 913 eo
1793 864 2130 926 conveniunt,

225 943 373 1010 quod
427 944 692 994 civitatem
747 945 998 1011 explicite
1038 944 1121 994 vel
1174 945 1428 1011 implicite
1480 954 1537 995 ut
1571 946 1746 1012 finem
1797 946 1854 996 in
1903 964 1961 996 se
2006 945 2133 996 nulli

222 1025 308 1075 alii
348 1026 437 1075 fini
476 1027 885 1076 subordinatum
927 1028 1281 1088 considerent,
1325 1028 1559 1093 ideoque
1599 1028 1746 1077 bono
1777 1028 1995 1094 publico
2023 1029 2133 1079 sive

223 1108 512 1159 evolutioni
583 1118 635 1159 et
706 1109 1019 1175 perfectioni
1083 1110 1308 1160 civitatis
1367 1110 1450 1159 vel
1509 1111 1838 1176 promotioni
1897 1110 2133 1161 culturae

222 1191 426 1241 bonum
467 1193 729 1258 privatum
771 1192 928 1258 plene
975 1192 1342 1242 subordinent.

225 1341 371 1395 514.
455 1333 620 1380 Prob.
663 1347 704 1379 1.
769 1332 1042 1393 Doctrina,
1083 1333 1150 1381 de
1180 1350 1284 1398 qua
1312 1333 1534 1398 agimus,
1577 1333 1836 1399 supponit
1864 1333 2132 1383 civitatem

222 1430 339 1464 esse
379 1430 408 1463 a
449 1414 570 1464 Deo
611 1414 1093 1480 independentem,
1144 1415 1243 1464 sibi
1283 1415 1383 1480 ipsi
1423 1414 1610 1478 finem3
1666 1415 1838 1476 brevi,
1890 1415 2133 1465 doctrina

221 1495 354 1546 haec
396 1505 476 1546 est
515 1497 825 1546 autonomia
866 1497 1150 1555 Kantiana‚
1193 1497 1262 1546 ab
1304 1498 1580 1547 individuo
1621 1497 1838 1547 homine
1878 1496 2132 1547 translata

220 1579 290 1628 ad
343 1596 626 1644 personam
684 1578 939 1629 moralem
984 1580 1208 1629 civitatis
1247 1579 1331 1628 vel
1360 1579 1716 1629 humanitatis.
1798 1579 1969 1645 Atqui
2005 1580 2132 1629 eius-

220 1661 370 1710 modi
409 1661 720 1711 autonomia
761 1662 1025 1711 reicienda
1067 1675 1160 1711 est.
1242 1661 1397 1727 Ergo
1429 1704 1435 1711 .
1474 1704 1481 1712 .
1515 1704 1522 1712 .

295 1743 450 1793 Prob.
496 1744 619 1794 min.
704 1742 852 1794 Sicut
895 1745 1034 1793 enim
1075 1744 1377 1794 individuus
1417 1744 1582 1794 homo
1625 1761 1732 1794 non
1774 1753 1854 1794 est
1893 1743 1991 1794 sibi
2032 1743 2131 1810 ipsi

221 1825 359 1887 finis,
414 1827 486 1875 ita
538 1826 695 1875 etiam
750 1826 899 1875 multi
948 1826 1192 1876 homines
1232 1826 1386 1876 simul
1427 1827 1625 1893 sumpti
1666 1833 1720 1876 et
1760 1843 2131 1893 quaecumque

219 1926 302 1958 res
356 1917 532 1958 creata
585 1926 693 1958 non
745 1915 927 1975 potest
975 1926 1091 1958 esse
1133 1908 1249 1958 finis
1290 1909 1341 1958 in
1382 1926 1465 1970 se,
1520 1909 1616 1959 sed
1657 1926 1755 1975 pro
1797 1908 1902 1958 fine
1941 1907 2129 1958 ultimo

219 1991 385 2041 habet
427 1991 528 2040 Dei
570 1990 795 2057 gloriam
836 1999 889 2041 et
930 2000 1200 2040 aeternam
1243 1991 1521 2040 hominum
1562 1991 1804 2041 salutem.

296 2074 462 2121 Prob.
511 2088 554 2121 2.
649 2073 802 2123 Haec
859 2073 1102 2123 doctrina
1158 2072 1314 2139 plane
1368 2073 1571 2123 bonum
1624 2072 1957 2139 singulorum
2011 2072 2128 2122 sub-

219 2156 430 2205 ordinat
470 2155 616 2205 bono
658 2156 877 2222 publico
920 2164 975 2204 ut
1016 2155 1104 2204 fini
1145 2155 1196 2205 in
1224 2172 1307 2217 se3
1352 2173 1482 2221 ergo
1511 2155 1764 2222 implicite
1792 2155 1898 2205 hoc
1926 2157 2129 2205 bonum

218 2237 493 2304 publicum
535 2238 838 2288 considerat
878 2246 936 2287 ut
977 2237 1138 2287 finem
1179 2237 1425 2287 ultimum
1455 2238 1698 2288 hominis.
1768 2237 1920 2288 Haec
1949 2246 2126 2287 autem

217 2321 518 2387 suppositio
561 2329 642 2370 est
682 2320 813 2370 falsa
853 2327 907 2370 et
947 2320 1195 2386 dignitati
1235 2320 1501 2370 humanae
1543 2320 1821 2370 contraria.

295 2404 462 2451 Prob.
501 2418 544 2464 3.
609 2402 818 2452 Eadem
860 2402 1105 2453 doctrina
1146 2403 1290 2452 ducit
1331 2403 1399 2452 ad
1430 2403 1835 2469 despotismum.
1905 2401 1961 2453 Si
1988 2402 2127 2451 enim

219 2485 516 2535 admittitur
576 2484 936 2535 evolutionem
996 2486 1268 2535 societatis
1326 2484 1408 2534 vel
1469 2486 1679 2551 generis
1738 2485 1955 2534 humani
2012 2501 2128 2533 esse

218 2567 379 2617 finem
431 2568 483 2616 in
535 2584 620 2629 se,
675 2568 851 2617 eidem
903 2568 1175 2618 individua
1216 2566 1423 2633 singula
1464 2576 1522 2617 ut
1569 2567 1811 2617 membra
1851 2575 1905 2616 et
1944 2567 2128 2616 instru-

219 2658 401 2699 menta
440 2648 597 2715 plene
638 2649 1069 2709 subordinantur,
1112 2649 1184 2698 ita
1225 2658 1281 2698 ut
1322 2649 1372 2698 in
1415 2649 1601 2698 ordine
1629 2648 1698 2698 ad
1727 2648 1932 2698 bonum
1960 2645 2127 2713 publi-

218 2749 342 2782 cum
396 2739 631 2781 rectores
687 2731 911 2780 civitatis
968 2731 1173 2797 possint
1230 2731 1407 2780 omnia
1464 2730 1531 2779 ab
1588 2730 1838 2779 omnibus
1894 2730 2122 2793 exigere.

220 2813 530 2865 Secundum
596 2812 735 2862 hanc
794 2814 953 2877 igitur
1011 2813 1272 2862 theoriam
1332 2818 1554 2878 possent
1613 2820 1846 2862 rectores
1906 2811 2127 2861 civitatis

218 2897 330 2946 sine
381 2895 567 2945 iniuria
618 2895 958 2944 introducere
1000 2895 1437 2944 communionem
1478 2911 1707 2943 uxorum
1749 2902 1802 2943 et
1842 2893 2124 2953 bonorum,

220 2978 466 3028 occidere
517 2976 743 3026 infantes
797 2976 1028 3037 debiles,
1083 2977 1125 3026 si
1165 2977 1218 3026 id
1260 2977 1320 3026 iis
1360 2977 1428 3026 ad
1469 2976 1675 3026 bonum
1716 2992 2000 3025 commune
2040 2991 2126 3024 ex·
2181 3010 2182 3020 i

220 3060 403 3127 pedire
444 3059 725 3109 videretur.

226 3200 372 3254 515.
454 3188 628 3239 Sclwl.
699 3187 1039 3254 Argumenta
1078 3205 1237 3255 supra
1276 3190 1453 3255 posita
1493 3187 1747 3254 applicari
1774 3195 1999 3254 possunt
2027 3188 2126 3237 cui-

221 3289 451 3338 cumque
500 3271 801 3331 doctrinae‚
856 3286 994 3336 quae
1035 3270 1303 3320 civitatem
1344 3287 1449 3337 qua
1488 3269 1650 3351 talem
1691 3268 1891 3319 nullam
1930 3269 2035 3319 Dei
2074 3276 2128 3319 et

220 3353 489 3419 religionis
529 3369 711 3403 curam
751 3351 949 3402 habere
983 3352 1181 3402 debere
1221 3353 1349 3403 dicit
1386 3351 1588 3416 (l'Etat
1611 3359 1691 3401 est
1714 3351 1903 3416 athe'e),
1945 3350 2030 3400 vel
2058 3350 2125 3399 ad
