2182 3682
221 178 326 228 314
618 175 731 203 PARS
766 175 813 205 ΙΙ.
866 174 1181 203 PHILOSOPHIA
1214 174 1416 203 MORALIS
1452 174 1703 204 SPECIALIS.

215 309 450 375 citroque
491 308 762 375 obligatio,
806 326 943 375 quae
984 309 1222 359 definitio
1264 309 1442 375 potius
1473 308 1615 360 valet
1655 310 1724 360 de
1765 310 1958 361 effectu
2000 327 2121 362 con-

212 400 410 442 tractus
452 391 540 455 (de
583 399 859 442 contractu
899 391 949 440 in
995 390 1136 441 facto
1178 392 1314 456 esse>
1356 409 1519 457 quam
1560 392 1629 442 de
1679 393 1796 458 ipso
1837 401 1959 443 actu
2000 411 2121 444 con—

213 473 459 524 trahendi
509 474 600 538 (de
653 480 929 523 contractu
982 474 1032 522 in
1087 473 1232 538 fieri).
1327 472 1645 524 Contractus
1700 474 1805 525 hoc
1859 475 2121 526 strictiore

212 573 371 606 sensu
410 573 623 622 semper
664 555 870 621 obligat
910 573 977 605 ex
1017 556 1211 605 iustitia
1251 557 1647 608 commutativa.

215 706 361 760 405.
443 697 506 745 Π.
551 696 920 762 Requii‘imtztr
960 696 1040 745 ad
1061 704 1282 761 pactum
1321 696 1412 745 vel
1449 704 1804 747 contractum:

295 808 333 844 Ι.
378 802 651 859 personae
702 793 771 842 ad
825 792 1254 843 contrahendum
1305 793 1532 843 habiles.
1614 794 1876 844 Nimirum
1917 801 2120 845 contra-

211 876 400 926 hentes
442 876 642 925 debent
688 876 738 940 a)
781 875 997 941 plenum
1041 875 1277 925 rationis
1315 893 1465 926 usum
1508 875 1731 939 habere3
1786 893 1941 926 secus
1981 877 2121 927 enim

212 958 376 1008 libere
418 959 717 1008 consentire
759 966 1055 1023 nequeunt3
1099 957 1221 1008 hinc
1262 968 1517 1020 amentes,
1561 959 1801 1017 infantes,
1845 959 1974 1009 ebrii
2014 977 2122 1009 non

208 1049 330 1090 sunt
383 1040 586 1090 habiles
642 1041 710 1089 ad
767 1040 1219 1103 contrahendum;
1279 1041 1334 1104 b)
1390 1041 1591 1091 debent
1645 1041 1846 1091 iuriam
1901 1058 2119 1092 suorum

209 1123 441 1173 liberam
481 1123 879 1188 dispositionem
933 1123 1147 1173 habere.
1231 1121 1552 1173 Contractus
1592 1124 1731 1173 enim
1774 1130 1854 1173 est
1901 1124 2120 1189 quidam

210 1206 404 1256 modus
445 1206 766 1272 disponendi
809 1206 876 1255 de
924 1223 1003 1267 re;
1061 1206 1151 1271 qui
1192 1223 1322 1271 ergo
1377 1206 1444 1255 de
1496 1223 1551 1255 re
1592 1206 1877 1271 disponere
1917 1207 2116 1272 nequit,

212 1305 387 1354 neque
440 1289 508 1338 de
562 1304 623 1337 ea
677 1287 993 1337 contrahere
1045 1297 1239 1353 potest.
1322 1287 1474 1338 Haec
1526 1287 1705 1338 valent
1744 1305 1814 1338 ex
1852 1287 1969 1338 solo
2010 1289 2120 1338 iure

211 1370 450 1420 naturali.
533 1370 652 1419 Lex
703 1371 932 1436 positiva
985 1378 1164 1436 potest
1217 1378 1438 1437 propter
1478 1370 1682 1420 bonum
1725 1387 2010 1421 commune
2049 1371 2120 1420 in-

213 1452 543 1503 habilitatem
586 1452 741 1502 latius
782 1453 1090 1503 extendere.

211 1590 358 1655 406.
441 1607 487 1642 2.
531 1593 798 1654 illczteria,
842 1601 894 1642 et
936 1593 1182 1659 quidem:
1227 1593 1275 1655 a)
1307 1592 1607 1657 possibilis,
1651 1594 1679 1643 i.
1718 1610 1761 1644 e.
1807 1611 1944 1659 quae
1983 1593 2118 1643 vires

209 1683 427 1725 naturae
454 1675 719 1725 humanae
748 1692 922 1741 neque
951 1675 1174 1741 physice
1203 1692 1378 1740 neque
1407 1674 1675 1725 moraliter
1703 1676 1950 1735 excedat,
1993 1676 2117 1741 quia

207 1758 276 1807 ad
317 1758 645 1824 impossibile
697 1775 856 1808 nemo
910 1766 1141 1819 tenetur;
1198 1758 1252 1821 b)
1296 1758 1447 1807 licita
1489 1775 1582 1807 seu
1634 1757 1777 1808 nulla
1829 1757 1947 1823 lege
1998 1775 2114 1824 pro-

208 1840 389 1901 hibita,
435 1841 556 1907 quia
597 1841 664 1890 ad
706 1840 1048 1890 inhonestum
1092 1840 1350 1905 obligatio
1395 1841 1505 1889 dari
1546 1841 1743 1906 nequit.

210 1989 356 2042 407.
441 1994 485 2044 3.
531 1981 741 2030 Formo
773 1988 1094 2041 contractus,
1139 1981 1167 2031 i.
1201 1998 1243 2030 e.
1276 1997 1554 2030 consensus
1582 1980 1662 2029 ad
1696 1997 1885 2029 veram
1913 1978 2114 2045 obliga-

206 2062 400 2112 tionem
431 2063 836 2128 producendam
877 2063 1161 2129 sufficiens.
1245 2062 1385 2112 Hinc
1427 2063 1615 2112 adesse
1658 2062 1846 2112 debet:

281 2145 330 2208 a)
376 2144 545 2195 Verus
585 2163 876 2195 consensus
916 2146 1187 2205 internus,
1239 2154 1295 2194 ut
1337 2153 1484 2211 patet
1526 2162 1595 2194 ex
1641 2144 1949 2194 definitione
1991 2160 2111 2193 con-

207 2233 418 2277 tractus.
502 2225 682 2292 Quare
735 2236 1039 2278 contractus
1092 2227 1377 2288 confictus,
1432 2227 1459 2276 i.
1507 2244 1549 2276 e.
1606 2243 1725 2276 cum
1775 2226 1953 2276 animo
2005 2243 2112 2275 non

207 2309 558 2359 contrahendi
599 2320 690 2360 aut
730 2328 837 2360 non
880 2327 936 2359 se
978 2309 1254 2375 obligandi
1294 2309 1477 2370 initus,
1523 2326 1592 2358 ex
1631 2309 1742 2358 iure
1783 2316 2002 2358 naturae
2041 2308 2111 2357 in-

204 2391 409 2441 validus
450 2401 545 2442 est.
626 2392 886 2442 Attamen

281 2476 331 2539 o.)
373 2474 489 2524 talis
517 2483 823 2525 contractus
852 2490 1032 2525 coram
1075 2474 1195 2540 lege
1236 2474 1462 2540 positiva
1490 2472 1693 2523 validus
1733 2473 2109 2538 praesumitur;

202 2557 259 2623 β)
302 2557 561 2623 deceptor
600 2566 822 2618 tenetur,
868 2558 989 2622 quia
1016 2557 1094 2606 ius
1123 2556 1336 2606 alterius
1362 2555 1592 2616 violavit,
1637 2555 1778 2605 hunc
1805 2554 2112 2604 indemnem

205 2638 377 2689 facere
406 2648 474 2699 et,
504 2640 546 2688 si
574 2639 642 2689 ad
671 2638 776 2689 hoc
804 2640 1159 2689 necessarium
1187 2639 1269 2699 sit,
1313 2647 1503 2704 postea
1532 2653 1854 2687 consensum
1882 2653 2109 2703 ponere3

204 2730 479 2786 praeterea
529 2721 574 2788 γ)
618 2722 876 2787 deceptus
928 2738 1034 2770 non
1088 2728 1299 2770 tenetur
1340 2720 1556 2770 credere
1596 2719 1850 2768 asserenti
1888 2735 1946 2768 se
1986 2718 2110 2768 ficte

205 2804 548 2853 contraxisse.

280 2883 597 2936 Contractus
636 2902 763 2934 vero
816 2885 973 2934 initus
1015 2902 1136 2934 cum
1193 2885 1370 2933 animo
1418 2901 1476 2933 se
1528 2882 1804 2949 obligandi
1853 2881 1951 2931 sed
2001 2899 2108 2931 non

203 2967 459 3033 implendi
499 2976 638 3017 esset
665 2966 887 3027 validus,
932 2967 1053 3032 quia
1093 2967 1235 3032 prior
1263 2965 1507 3015 voluntas
1534 2964 1650 3015 sola
1677 2964 1745 3014 ad
1775 2971 2108 3014 contractum

204 3050 497 3115 requiritur,
541 3058 593 3099 et
633 3049 765 3099 haec
806 3057 986 3115 potest
1027 3050 1214 3098 adesse
1254 3048 1365 3097 sine
1406 3046 1584 3098 altera,

206 3187 353 3250 408.
433 3189 489 3252 b)
537 3187 829 3238 Consensus
868 3187 1021 3237 liber.
1079 3187 1324 3238 Libertas
1365 3186 1660 3237 necessaria
1701 3185 1888 3235 deesse
1929 3191 2107 3251 potest

204 3270 287 3320 vel
339 3279 557 3336 propter
608 3270 880 3320 defectum
933 3269 1252 3335 cognitionis
1304 3268 1578 3333 (errorem)
1629 3267 1714 3317 vel
1766 3274 1986 3333 propter
2036 3266 2106 3315 in-

206 3352 410 3401 fluxum
452 3361 616 3402 metus
655 3351 739 3402 vel
781 3352 1012 3416 denique
1053 3359 1273 3418 propter
1313 3349 1512 3401 illatam
1552 3349 1880 3400 violentiam.
