2182 3682
513 187 598 216 LIB.
634 186 681 217 ΙΙ.
729 186 828 216 CAP.
864 186 930 214 111.
978 186 1040 214 DE
1076 186 1332 214 SOCIETATE
1365 187 1523 215 CIVILI.
1840 190 1949 240 449

56 320 346 386 regendam
399 321 607 370 tradere
649 321 869 380 debere,
926 321 1016 385 qui
1068 337 1162 385 per
1200 321 1305 368 vim
1357 320 1545 369 iniuste
1585 322 1953 371 auctoritatem

55 403 127 451 ita
154 403 440 467 usurpavit,
484 410 540 452 ut
568 401 751 451 nullibi
778 402 872 451 nisi
901 401 951 450 in
979 402 1095 466 ipso
1125 401 1315 450 eadem
1344 402 1645 467 reperiatur.
1702 402 1809 452 Sed
1850 403 1954 453 hoc

53 492 425 549 argumentum
471 484 646 533 solum
700 484 893 550 probat
944 483 1242 548 usurpatori
1283 499 1581 548 supremam
1633 492 1954 549 potestatem

55 565 245 615 saltem
274 574 380 630 per
420 566 631 615 modum
674 574 819 615 aclas
860 573 1169 630 competere
1211 565 1424 615 debere.

61 702 206 755 608.
298 705 353 768 d)
396 704 586 754 Melius
638 721 768 770 ergo
821 704 924 754 dici
975 704 1184 754 videtur
1234 703 1479 754 subditos
1533 705 1698 754 teneri
1749 703 1956 767 legibus

54 787 379 852 usurpatoris
421 787 676 836 oboedire
718 804 825 835 non
867 787 1065 836 directe
1093 786 1142 835 vi
1185 786 1463 852 potestatis
1490 785 1573 835 vel
1615 787 1736 835 iuris
1776 786 1954 851 ipsius,

55 869 202 935 quod
255 867 454 917 nullum
507 877 612 928 est,
665 869 760 917 sed
814 869 960 934 quasi
1002 868 1257 917 indirecte
1299 885 1367 917 ex
1408 885 1500 928 eo,
1555 868 1700 934 quod
1753 868 1957 917 bonum

54 951 321 1000 societatis
374 967 659 1000 commune
713 951 943 1016 ideoque
998 951 1112 1016 ipsa
1165 950 1255 999 lex
1309 950 1582 999 naturalis
1634 950 1686 999 id
1740 950 1956 1000 omnino

55 1033 234 1098 exigit.
292 1032 593 1098 Usurpator
631 1033 852 1081 iniustus
893 1049 1000 1081 non
1042 1032 1205 1081 habet
1246 1040 1568 1097 potestatem
1600 1040 1708 1096 per
1746 1033 1956 1081 modum

55 1114 268 1164 habitus
295 1131 387 1164 seu
414 1113 765 1174 habitualiter‚
809 1115 904 1163 sed
932 1112 1108 1163 solum
1136 1131 1231 1180 per
1260 1113 1471 1163 modam
1501 1122 1664 1175 assus,
1698 1122 1959 1179 quatenus

55 1203 199 1246 recta
251 1197 381 1246 ratio
431 1197 502 1246 ob
555 1196 757 1246 bonum
799 1213 1084 1245 commune
1136 1195 1398 1261 postulat,
1454 1205 1536 1257 ut,
1590 1196 1642 1245 si
1679 1204 1961 1261 usurpator

55 1277 231 1344 aliqua
281 1279 332 1327 in
384 1279 587 1327 bonum
632 1278 901 1327 societatis
951 1279 1267 1344 praecipiat,
1323 1277 1455 1327 haec
1508 1287 1794 1344 praecepta
1850 1286 1962 1327 rata

57 1360 367 1410 habeantur.
461 1360 621 1410 Unde
677 1360 895 1409 infertur
950 1369 1345 1426 usurpatorem,
1409 1360 1664 1425 quamdiu
1719 1377 1827 1409 non
1883 1368 1962 1409 est

58 1441 225 1491 factus
266 1441 531 1506 legitimus
572 1443 833 1507 princeps,
878 1441 1119 1507 quolibet
1160 1459 1284 1492 casu
1321 1459 1533 1507 semper
1572 1458 1811 1508 peccare,
1854 1442 1963 1491 sive

57 1524 267 1573 omittat
308 1533 483 1585 actus,
539 1525 627 1589 qui
667 1533 789 1573 sunt
830 1525 1109 1573 necessarii
1151 1525 1217 1573 ad
1273 1524 1595 1589 reipublicae
1635 1525 1961 1574 administra-

58 1605 281 1667 tionem,
335 1607 444 1655 sive
486 1622 578 1655 eos
619 1613 799 1672 ponat.
882 1605 937 1656 Si
978 1606 1115 1655 enim
1160 1623 1254 1655 eos
1295 1607 1471 1671 ponit,
1520 1607 1619 1656 sibi
1660 1607 1849 1656 iniuste
1889 1623 1963 1656 ar—

55 1696 211 1753 rogat
265 1696 615 1754 potestatem,
676 1705 837 1754 quam
892 1705 998 1737 non
1056 1687 1240 1748 habet;
1300 1688 1343 1737 si
1394 1688 1590 1737 omittit
1640 1705 1734 1737 sua
1789 1687 1960 1754 culpa,

57 1786 217 1819 causa
257 1777 338 1819 est
378 1770 680 1820 detrimenti
722 1770 1041 1830 communis,
1087 1770 1232 1835 quod
1275 1787 1343 1819 ex
1385 1769 1598 1819 defectu
1639 1778 1854 1820 actuum
1894 1770 1962 1819 ad

58 1851 263 1900 bonum
303 1852 720 1901 necessariorum
763 1853 939 1902 oritur.

137 1977 238 2017 Obi.
273 1990 306 2016 ι.
379 1970 517 2029 Ergo
553 1970 692 2016 datur
730 1969 996 2016 necessitas
1033 1968 1292 2030 peccandi,
1333 1968 1469 2029 quod
1507 1970 1771 2016 absurdum
1810 1978 1895 2016 est.

136 2067 287 2116 Resp.
344 2060 460 2106 Non
487 2059 629 2106 datur
653 2059 921 2106 necessitas
947 2058 1191 2120 peccandi
1229 2059 1466 2116 absoluta,
1507 2058 1593 2105 sed
1631 2058 1963 2120 hypothetica,

59 2134 143 2180 scl.
170 2134 451 2180 necessario
477 2142 667 2195 peccat,
704 2134 938 2195 quamdiu
964 2133 1117 2180 libere
1144 2133 1192 2179 in
1219 2132 1299 2178 illa
1324 2133 1640 2194 usurpatione
1667 2142 1964 2194 perseverat,

62 2208 149 2254 sed
195 2216 357 2268 potest
401 2216 448 2255 et
496 2208 644 2255 debet
692 2224 742 2255 se
792 2223 857 2255 ex
901 2208 984 2254 illo
1034 2216 1158 2254 statu
1206 2208 1468 2253 retrahere.
1542 2208 1680 2254 Dixi:
1731 2208 1966 2268 quamdiu

61 2282 200 2328 libere
246 2282 296 2328 in
343 2282 658 2344 usurpatione
696 2291 992 2344 perseverat.
1065 2282 1193 2328 Nam
1243 2281 1281 2328 si
1329 2282 1425 2327 iam
1472 2297 1575 2328 non
1620 2291 1785 2343 posset
1831 2282 1965 2328 illum

61 2364 236 2403 statum
273 2356 517 2414 deserere,
557 2366 683 2404 esset
719 2358 813 2404 alia
854 2357 1089 2418 quaestio.

145 2453 247 2493 Obi.
283 2465 325 2492 2.
395 2447 532 2506 Ergo
569 2447 653 2507 qui
686 2447 747 2493 ab
786 2455 1073 2508 usurpatore
1111 2446 1182 2492 ius
1219 2446 1268 2492 in
1306 2461 1357 2493 re
1395 2462 1478 2493 sua
1515 2454 1700 2508 petunt,
1739 2454 1964 2507 peccant.

61 2520 189 2566 Nam
215 2521 463 2581 postulant
486 2520 551 2579 id,
579 2522 714 2582 quod
739 2530 998 2583 usurpator
1024 2522 1128 2568 sine
1154 2531 1362 2583 peccato
1388 2530 1638 2583 praestare
1663 2536 1765 2567 non
1791 2529 1965 2582 potest.

140 2618 291 2667 Resp.
359 2609 498 2670 Nego
544 2612 741 2659 illatum.
815 2612 901 2657 Ad
937 2618 1029 2658 rat.
1077 2612 1220 2658 addit.
1260 2612 1395 2658 [lisze.-
1445 2612 1698 2658 Postulant
1744 2612 1839 2658 hoc
1888 2611 1968 2658 de-

61 2685 320 2731 terminate
368 2700 453 2731 seu
490 2686 732 2743 absolute,
783 2702 919 2745 nege,
967 2686 1316 2733 condicionate
1364 2700 1448 2733 seu
1486 2685 1775 2732 disiunctive
1824 2695 1871 2732 et
1918 2685 1968 2731 in

63 2767 298 2818 quantum
347 2768 419 2805 est
453 2759 613 2806 minus
649 2761 858 2818 malum,
908 2776 1024 2807 com.
1099 2761 1192 2807 Scl.
1231 2760 1469 2821 implicite
1506 2769 1703 2821 petunt,
1753 2770 1968 2807 utusur-

62 2841 206 2894 pator
231 2834 310 2880 vel
328 2833 577 2893 permittat
612 2834 857 2895 legitimos
895 2835 1081 2882 iudices
1118 2850 1204 2882 suo
1242 2849 1447 2882 munere
1484 2835 1633 2896 fungi,
1671 2836 1758 2890 vel,
1797 2834 1835 2881 si
1871 2835 1969 2881 hoc

62 2908 200 2965 nolit,
238 2907 344 2969 ipse
380 2924 485 2955 rem
510 2910 760 2968 decernat,
800 2909 914 2970 quia
938 2910 1037 2957 hoc
1074 2918 1145 2957 est
1169 2910 1327 2957 minus
1360 2911 1558 2968 malum,
1599 2925 1746 2970 quam
1772 2924 1968 2956 causam

64 2981 337 3029 indecisam
373 2983 600 3044 relinqui.

69 3097 214 3162 609.
294 3101 357 3151 Π.
402 3101 501 3151 His
542 3119 672 3168 ergo
713 3103 1002 3169 suppositis
1042 3103 1334 3169 quaeritur,
1391 3120 1519 3152 num
1558 3110 1840 3168 usurpator
1878 3119 1969 3168 po-

65 3189 313 3232 testatem
353 3183 624 3249 publicam
654 3185 1036 3249 praescribere
1074 3202 1168 3234 seu
1210 3193 1513 3249 usucapere,
1556 3185 1583 3233 i.
1621 3201 1663 3233 e.
1709 3201 1837 3232 num
1876 3201 1971 3249 per

65 3265 458 3329 possessionem
509 3265 810 3315 diuturnam
862 3267 941 3316 ius
993 3267 1061 3316 ad
1115 3265 1342 3315 eandem
1394 3265 1699 3314 habendam
1750 3265 1848 3314 sibi
1889 3282 1969 3314 ac-

63 3344 268 3410 quirere
308 3347 492 3412 possit.

157 3437 395 3480 Cathrein,
421 3438 556 3472 Philos.
585 3440 740 3473 moralis.
784 3440 851 3472 Ed.
880 3451 912 3480 5.
1647 3445 1700 3484 29
