<?xml version="1.0" encoding="UTF-8"?>
<!DOCTYPE html PUBLIC "-//W3C//DTD XHTML 1.0 Transitional//EN"
    "http://www.w3.org/TR/xhtml1/DTD/xhtml1-transitional.dtd">
<html xmlns="http://www.w3.org/1999/xhtml" xml:lang="en" lang="en">
 <head>
  <title>
</title>
<meta http-equiv="Content-Type" content="text/html;charset=utf-8" />
  <meta name='ocr-system' content='tesseract 3.04.00' />
  <meta name='ocr-capabilities' content='ocr_page ocr_carea ocr_par ocr_line ocrx_word'/>
</head>
<body>
  <div class='ocr_page' id='page_1' title='image "./philosophiamoral00cath_0076.png"; bbox 0 0 2182 3682; ppageno 0'>
   <div class='ocr_carea' id='block_1_1' title="bbox 217 181 1714 242">
    <p class='ocr_par' dir='ltr' id='par_1_1' title="bbox 217 181 1714 242">
     <span class='ocr_line' id='line_1_1' title="bbox 217 181 1714 242; baseline -0.005 -25"><span class='ocrx_word' id='word_1_1' title='bbox 217 189 279 242; x_wconf 79' lang='lat'>52</span> <span class='ocrx_word' id='word_1_2' title='bbox 615 186 730 215; x_wconf 86' lang='lat' dir='ltr'>PARS</span> <span class='ocrx_word' id='word_1_3' title='bbox 765 186 794 215; x_wconf 92' lang='grc' dir='ltr'>Ι.</span> <span class='ocrx_word' id='word_1_4' title='bbox 844 184 1160 214; x_wconf 90' lang='lat' dir='ltr'>PHILOSOPHIA</span> <span class='ocrx_word' id='word_1_5' title='bbox 1194 182 1397 212; x_wconf 89' lang='lat' dir='ltr'>MORALIS</span> <span class='ocrx_word' id='word_1_6' title='bbox 1432 181 1714 211; x_wconf 90' lang='lat' dir='ltr'><strong>GENERALIS.</strong></span> 
     </span>
    </p>
   </div>
   <div class='ocr_carea' id='block_1_2' title="bbox 211 317 2123 679">
    <p class='ocr_par' dir='ltr' id='par_1_2' title="bbox 211 317 2123 679">
     <span class='ocr_line' id='line_1_2' title="bbox 290 317 2120 382; baseline -0.003 -10"><span class='ocrx_word' id='word_1_7' title='bbox 290 335 441 382; x_wconf 82' lang='lat' dir='ltr'>Resp.</span> <span class='ocrx_word' id='word_1_8' title='bbox 499 324 630 371; x_wconf 76' lang='lat' dir='ltr'>Dist</span> <span class='ocrx_word' id='word_1_9' title='bbox 669 327 845 368; x_wconf 49' lang='lat' dir='ltr'>anteco.</span> <span class='ocrx_word' id='word_1_10' title='bbox 881 320 1177 367; x_wconf 81' lang='lat' dir='ltr'>Contractus</span> <span class='ocrx_word' id='word_1_11' title='bbox 1213 317 1320 365; x_wconf 88' lang='lat' dir='ltr'>initi</span> <span class='ocrx_word' id='word_1_12' title='bbox 1356 333 1416 365; x_wconf 84' lang='lat' dir='ltr'>ex</span> <span class='ocrx_word' id='word_1_13' title='bbox 1452 333 1768 379; x_wconf 89' lang='lat' dir='ltr'>quocumque</span> <span class='ocrx_word' id='word_1_14' title='bbox 1804 326 1952 377; x_wconf 91' lang='lat' dir='ltr'>metu,</span> <span class='ocrx_word' id='word_1_15' title='bbox 1990 335 2120 380; x_wconf 77' lang='lat' dir='ltr'>nego,</span> 
     </span>
     <span class='ocr_line' id='line_1_3' title="bbox 212 393 2119 455; baseline -0.004 -6"><span class='ocrx_word' id='word_1_16' title='bbox 212 418 272 449; x_wconf 86' lang='lat' dir='ltr'>ex</span> <span class='ocrx_word' id='word_1_17' title='bbox 307 410 442 448; x_wconf 89' lang='lat' dir='ltr'>metu</span> <span class='ocrx_word' id='word_1_18' title='bbox 477 399 654 445; x_wconf 90' lang='lat' dir='ltr'>iniuste</span> <span class='ocrx_word' id='word_1_19' title='bbox 691 397 902 452; x_wconf 91' lang='lat' dir='ltr'>incusso,</span> <span class='ocrx_word' id='word_1_20' title='bbox 941 395 1163 441; x_wconf 45' lang='lat' dir='ltr'>szzbdzstst</span> <span class='ocrx_word' id='word_1_21' title='bbox 1197 402 1403 455; x_wconf 89' lang='lat' dir='ltr'>propter</span> <span class='ocrx_word' id='word_1_22' title='bbox 1427 393 1677 440; x_wconf 91' lang='lat' dir='ltr'>defectum</span> <span class='ocrx_word' id='word_1_23' title='bbox 1702 393 1953 452; x_wconf 81' lang='lat' dir='ltr'><strong>libertatis,</strong></span> <span class='ocrx_word' id='word_1_24' title='bbox 1990 410 2119 454; x_wconf 76' lang='lat' dir='ltr'>nege,</span> 
     </span>
     <span class='ocr_line' id='line_1_4' title="bbox 211 464 2122 539; baseline -0.005 -15"><span class='ocrx_word' id='word_1_25' title='bbox 211 485 416 539; x_wconf 87' lang='lat' dir='ltr'>propter</span> <span class='ocrx_word' id='word_1_26' title='bbox 467 474 716 521; x_wconf 88' lang='lat' dir='ltr'>defectum</span> <span class='ocrx_word' id='word_1_27' title='bbox 767 470 975 517; x_wconf 88' lang='lat' dir='ltr'>iustitiae</span> <span class='ocrx_word' id='word_1_28' title='bbox 1027 469 1106 515; x_wconf 84' lang='lat' dir='ltr'>vel</span> <span class='ocrx_word' id='word_1_29' title='bbox 1158 467 1535 529; x_wconf 81' lang='lat' dir='ltr'>dispositionem</span> <span class='ocrx_word' id='word_1_30' title='bbox 1585 468 1734 528; x_wconf 89' lang='lat' dir='ltr'>legis,</span> <span class='ocrx_word' id='word_1_31' title='bbox 1787 474 1936 515; x_wconf 75' lang='lat' dir='ltr'>trans.</span> <span class='ocrx_word' id='word_1_32' title='bbox 1988 464 2122 530; x_wconf 90' lang='lat' dir='ltr'>(nam</span> 
     </span>
     <span class='ocr_line' id='line_1_5' title="bbox 211 542 2123 613; baseline -0.004 -14"><span class='ocrx_word' id='word_1_33' title='bbox 211 550 485 613; x_wconf 77' lang='lat' dir='ltr'>generatim</span> <span class='ocrx_word' id='word_1_34' title='bbox 536 549 657 594; x_wconf 87' lang='lat' dir='ltr'>tales</span> <span class='ocrx_word' id='word_1_35' title='bbox 710 553 991 592; x_wconf 90' lang='lat' dir='ltr'>contractus</span> <span class='ocrx_word' id='word_1_36' title='bbox 1037 558 1142 590; x_wconf 91' lang='lat' dir='ltr'>non</span> <span class='ocrx_word' id='word_1_37' title='bbox 1190 550 1455 589; x_wconf 82' lang='lat' dir='ltr'>censentur</span> <span class='ocrx_word' id='word_1_38' title='bbox 1501 542 1789 604; x_wconf 86' lang='lat' dir='ltr'>simpliciter</span> <span class='ocrx_word' id='word_1_39' title='bbox 1835 542 1981 603; x_wconf 89' lang='lat' dir='ltr'>irriti,</span> <span class='ocrx_word' id='word_1_40' title='bbox 2034 544 2123 591; x_wconf 91' lang='lat' dir='ltr'>sed</span> 
     </span>
     <span class='ocr_line' id='line_1_6' title="bbox 212 612 1295 679; baseline -0.01 -5"><span class='ocrx_word' id='word_1_41' title='bbox 212 628 371 674; x_wconf 90' lang='lat' dir='ltr'>solum</span> <span class='ocrx_word' id='word_1_42' title='bbox 407 622 775 679; x_wconf 71' lang='lat' dir='ltr'>rescindibile53</span> <span class='ocrx_word' id='word_1_43' title='bbox 814 619 874 666; x_wconf 91' lang='lat' dir='ltr'>cf.</span> <span class='ocrx_word' id='word_1_44' title='bbox 913 618 1042 665; x_wconf 84' lang='lat' dir='ltr'>infra</span> <span class='ocrx_word' id='word_1_45' title='bbox 1078 634 1125 664; x_wconf 92' lang='lat' dir='ltr'>n.</span> <span class='ocrx_word' id='word_1_46' title='bbox 1166 612 1295 678; x_wconf 80' lang='lat'>408).</span> 
     </span>
    </p>
   </div>
   <div class='ocr_carea' id='block_1_3' title="bbox 214 714 2121 860">
    <p class='ocr_par' dir='ltr' id='par_1_3' title="bbox 214 714 2121 860">
     <span class='ocr_line' id='line_1_7' title="bbox 295 714 2121 780; baseline -0.005 -9"><span class='ocrx_word' id='word_1_47' title='bbox 295 731 396 772; x_wconf 81' lang='lat' dir='ltr'>Obi.</span> <span class='ocrx_word' id='word_1_48' title='bbox 427 742 470 780; x_wconf 83' lang='lat'>3.</span> <span class='ocrx_word' id='word_1_49' title='bbox 535 720 630 780; x_wconf 82' lang='lat' dir='ltr'>Qui</span> <span class='ocrx_word' id='word_1_50' title='bbox 682 735 741 766; x_wconf 82' lang='lat' dir='ltr'>ex</span> <span class='ocrx_word' id='word_1_51' title='bbox 788 716 926 779; x_wconf 77' lang='lat' dir='ltr'>gravi</span> <span class='ocrx_word' id='word_1_52' title='bbox 972 723 1105 763; x_wconf 91' lang='lat' dir='ltr'>metu</span> <span class='ocrx_word' id='word_1_53' title='bbox 1152 716 1316 776; x_wconf 89' lang='lat' dir='ltr'>legem</span> <span class='ocrx_word' id='word_1_54' title='bbox 1363 714 1740 775; x_wconf 82' lang='lat' dir='ltr'>transgreditur,</span> <span class='ocrx_word' id='word_1_55' title='bbox 1790 731 1895 763; x_wconf 92' lang='lat' dir='ltr'>non</span> <span class='ocrx_word' id='word_1_56' title='bbox 1930 726 2121 778; x_wconf 86' lang='lat' dir='ltr'>peccat.</span> 
     </span>
     <span class='ocr_line' id='line_1_8' title="bbox 214 791 1234 860; baseline -0.011 -13"><span class='ocrx_word' id='word_1_57' title='bbox 214 800 352 859; x_wconf 70' lang='lat' dir='ltr'>Ergo</span> <span class='ocrx_word' id='word_1_58' title='bbox 387 796 548 860; x_wconf 78' lang='lat' dir='ltr'>gravis</span> <span class='ocrx_word' id='word_1_59' title='bbox 585 804 743 842; x_wconf 90' lang='lat' dir='ltr'>metus</span> <span class='ocrx_word' id='word_1_60' title='bbox 781 792 907 840; x_wconf 88' lang='lat' dir='ltr'>tollit</span> <span class='ocrx_word' id='word_1_61' title='bbox 940 791 1234 838; x_wconf 87' lang='lat' dir='ltr'>libertatem.</span> 
     </span>
    </p>
   </div>
   <div class='ocr_carea' id='block_1_4' title="bbox 212 879 2126 1470">
    <p class='ocr_par' dir='ltr' id='par_1_4' title="bbox 212 879 2126 1470">
     <span class='ocr_line' id='line_1_9' title="bbox 290 879 2124 945; baseline -0.004 -10"><span class='ocrx_word' id='word_1_62' title='bbox 290 899 442 945; x_wconf 82' lang='lat' dir='ltr'>Resp.</span> <span class='ocrx_word' id='word_1_63' title='bbox 498 886 629 932; x_wconf 76' lang='lat' dir='ltr'>Dz&#39;sz‘.</span> <span class='ocrx_word' id='word_1_64' title='bbox 669 885 776 930; x_wconf 78' lang='lat' dir='ltr'>mai.</span> <span class='ocrx_word' id='word_1_65' title='bbox 798 900 811 928; x_wconf 92' lang='lat'>.·</span> <span class='ocrx_word' id='word_1_66' title='bbox 863 881 962 941; x_wconf 82' lang='lat' dir='ltr'>Qui</span> <span class='ocrx_word' id='word_1_67' title='bbox 1011 896 1070 928; x_wconf 78' lang='lat' dir='ltr'>ex</span> <span class='ocrx_word' id='word_1_68' title='bbox 1117 879 1253 941; x_wconf 76' lang='lat' dir='ltr'>gravi</span> <span class='ocrx_word' id='word_1_69' title='bbox 1301 887 1433 926; x_wconf 87' lang='lat' dir='ltr'>metu</span> <span class='ocrx_word' id='word_1_70' title='bbox 1470 880 1634 940; x_wconf 90' lang='lat' dir='ltr'>legem</span> <span class='ocrx_word' id='word_1_71' title='bbox 1669 881 1938 927; x_wconf 73' lang='lat' dir='ltr'>naturalem</span> <span class='ocrx_word' id='word_1_72' title='bbox 1973 889 2124 929; x_wconf 90' lang='lat' dir='ltr'>trans-</span> 
     </span>
     <span class='ocr_line' id='line_1_10' title="bbox 213 955 2125 1027; baseline -0.004 -15"><span class='ocrx_word' id='word_1_73' title='bbox 213 964 448 1027; x_wconf 89' lang='lat' dir='ltr'>greditur,</span> <span class='ocrx_word' id='word_1_74' title='bbox 486 976 589 1008; x_wconf 90' lang='lat' dir='ltr'>non</span> <span class='ocrx_word' id='word_1_75' title='bbox 626 966 817 1021; x_wconf 81' lang='lat' dir='ltr'>peccat,</span> <span class='ocrx_word' id='word_1_76' title='bbox 857 971 986 1017; x_wconf 70' lang='lat' dir='ltr'>nego,</span> <span class='ocrx_word' id='word_1_77' title='bbox 1028 955 1111 1016; x_wconf 90' lang='lat' dir='ltr'>qui</span> <span class='ocrx_word' id='word_1_78' title='bbox 1148 971 1207 1002; x_wconf 75' lang='lat' dir='ltr'>ex</span> <span class='ocrx_word' id='word_1_79' title='bbox 1243 955 1324 1001; x_wconf 85' lang='lat' dir='ltr'>tali</span> <span class='ocrx_word' id='word_1_80' title='bbox 1360 962 1492 1001; x_wconf 89' lang='lat' dir='ltr'>metu</span> <span class='ocrx_word' id='word_1_81' title='bbox 1516 955 1678 1016; x_wconf 90' lang='lat' dir='ltr'>legem</span> <span class='ocrx_word' id='word_1_82' title='bbox 1695 957 1949 1016; x_wconf 72' lang='lat' dir='ltr'><em>positivam</em></span> <span class='ocrx_word' id='word_1_83' title='bbox 1973 965 2125 1004; x_wconf 87' lang='lat' dir='ltr'>trans-</span> 
     </span>
     <span class='ocr_line' id='line_1_11' title="bbox 213 1029 2122 1101; baseline -0.005 -14"><span class='ocrx_word' id='word_1_84' title='bbox 213 1038 454 1101; x_wconf 89' lang='lat' dir='ltr'>greditur,</span> <span class='ocrx_word' id='word_1_85' title='bbox 504 1036 726 1084; x_wconf 74' lang='lat' dir='ltr'>subdist.:</span> <span class='ocrx_word' id='word_1_86' title='bbox 771 1048 877 1079; x_wconf 90' lang='lat' dir='ltr'>non</span> <span class='ocrx_word' id='word_1_87' title='bbox 924 1039 1103 1093; x_wconf 89' lang='lat' dir='ltr'>peccat</span> <span class='ocrx_word' id='word_1_88' title='bbox 1139 1039 1343 1092; x_wconf 84' lang='lat' dir='ltr'>propter</span> <span class='ocrx_word' id='word_1_89' title='bbox 1381 1030 1631 1076; x_wconf 86' lang='lat' dir='ltr'>defectum</span> <span class='ocrx_word' id='word_1_90' title='bbox 1679 1029 1942 1088; x_wconf 84' lang='lat' dir='ltr'>libertatis,</span> <span class='ocrx_word' id='word_1_91' title='bbox 1991 1047 2122 1092; x_wconf 71' lang='lat' dir='ltr'>nego,</span> 
     </span>
     <span class='ocr_line' id='line_1_12' title="bbox 212 1105 2123 1177; baseline -0.005 -15"><span class='ocrx_word' id='word_1_92' title='bbox 212 1124 480 1177; x_wconf 86' lang='lat' dir='ltr'>propterea</span> <span class='ocrx_word' id='word_1_93' title='bbox 517 1110 632 1173; x_wconf 88' lang='lat' dir='ltr'>quia</span> <span class='ocrx_word' id='word_1_94' title='bbox 668 1110 718 1156; x_wconf 89' lang='lat' dir='ltr'>in</span> <span class='ocrx_word' id='word_1_95' title='bbox 757 1124 817 1155; x_wconf 93' lang='lat' dir='ltr'>eo</span> <span class='ocrx_word' id='word_1_96' title='bbox 855 1123 995 1163; x_wconf 88' lang='lat' dir='ltr'>casu,</span> <span class='ocrx_word' id='word_1_97' title='bbox 1035 1107 1206 1152; x_wconf 88' lang='lat' dir='ltr'>saltem</span> <span class='ocrx_word' id='word_1_98' title='bbox 1241 1106 1560 1166; x_wconf 88' lang='lat' dir='ltr'>plerumque,</span> <span class='ocrx_word' id='word_1_99' title='bbox 1600 1105 1850 1167; x_wconf 86' lang='lat' dir='ltr'>legislator</span> <span class='ocrx_word' id='word_1_100' title='bbox 1886 1106 1983 1153; x_wconf 86' lang='lat' dir='ltr'>iam</span> <span class='ocrx_word' id='word_1_101' title='bbox 2020 1123 2123 1153; x_wconf 89' lang='lat' dir='ltr'>non</span> 
     </span>
     <span class='ocr_line' id='line_1_13' title="bbox 215 1180 2124 1244; baseline -0.004 -7"><span class='ocrx_word' id='word_1_102' title='bbox 215 1198 442 1237; x_wconf 88' lang='lat' dir='ltr'>censetur</span> <span class='ocrx_word' id='word_1_103' title='bbox 477 1188 604 1234; x_wconf 76' lang='lat' dir='ltr'>velle</span> <span class='ocrx_word' id='word_1_104' title='bbox 643 1183 890 1244; x_wconf 83' lang='lat' dir='ltr'>obligare,</span> <span class='ocrx_word' id='word_1_105' title='bbox 930 1198 1045 1229; x_wconf 75' lang='lat' dir='ltr'>cem.</span> <span class='ocrx_word' id='word_1_106' title='bbox 1108 1180 1246 1227; x_wconf 77' lang='lat' dir='ltr'>Dixi:</span> <span class='ocrx_word' id='word_1_107' title='bbox 1285 1181 1447 1226; x_wconf 78' lang='lat' dir='ltr'>saltem</span> <span class='ocrx_word' id='word_1_108' title='bbox 1474 1182 1779 1241; x_wconf 71' lang='lat' dir='ltr'>plerumque,-</span> <span class='ocrx_word' id='word_1_109' title='bbox 1827 1197 1942 1228; x_wconf 92' lang='lat' dir='ltr'>nam</span> <span class='ocrx_word' id='word_1_110' title='bbox 1980 1181 2124 1229; x_wconf 90' lang='lat' dir='ltr'>inter-</span> 
     </span>
     <span class='ocr_line' id='line_1_14' title="bbox 214 1255 2126 1326; baseline -0.004 -14"><span class='ocrx_word' id='word_1_111' title='bbox 214 1266 331 1312; x_wconf 91' lang='lat' dir='ltr'>dum</span> <span class='ocrx_word' id='word_1_112' title='bbox 367 1279 457 1326; x_wconf 88' lang='lat' dir='ltr'>per</span> <span class='ocrx_word' id='word_1_113' title='bbox 495 1261 728 1309; x_wconf 87' lang='lat' dir='ltr'>accidens</span> <span class='ocrx_word' id='word_1_114' title='bbox 765 1261 844 1305; x_wconf 69' lang='lat' dir='ltr'>lex</span> <span class='ocrx_word' id='word_1_115' title='bbox 880 1256 1089 1319; x_wconf 77' lang='lat' dir='ltr'>positiva</span> <span class='ocrx_word' id='word_1_116' title='bbox 1127 1255 1274 1302; x_wconf 89' lang='lat' dir='ltr'>etiam</span> <span class='ocrx_word' id='word_1_117' title='bbox 1324 1270 1435 1301; x_wconf 88' lang='lat' dir='ltr'>cum</span> <span class='ocrx_word' id='word_1_118' title='bbox 1482 1255 1619 1316; x_wconf 73' lang='lat' dir='ltr'>gravi</span> <span class='ocrx_word' id='word_1_119' title='bbox 1667 1255 1990 1304; x_wconf 89' lang='lat' dir='ltr'>incommodo</span> <span class='ocrx_word' id='word_1_120' title='bbox 2041 1258 2126 1305; x_wconf 90' lang='lat' dir='ltr'>ob-</span> 
     </span>
     <span class='ocr_line' id='line_1_15' title="bbox 213 1330 2124 1401; baseline -0.004 -14"><span class='ocrx_word' id='word_1_121' title='bbox 213 1341 345 1401; x_wconf 84' lang='lat' dir='ltr'>ligat,</span> <span class='ocrx_word' id='word_1_122' title='bbox 384 1348 501 1385; x_wconf 86' lang='lat' dir='ltr'>tunc</span> <span class='ocrx_word' id='word_1_123' title='bbox 538 1337 640 1393; x_wconf 91' lang='lat' dir='ltr'>scl.‚</span> <span class='ocrx_word' id='word_1_124' title='bbox 687 1333 888 1395; x_wconf 89' lang='lat' dir='ltr'>quando</span> <span class='ocrx_word' id='word_1_125' title='bbox 926 1330 1250 1392; x_wconf 79' lang='lat' dir='ltr'>transgressio</span> <span class='ocrx_word' id='word_1_126' title='bbox 1288 1330 1409 1391; x_wconf 84' lang='lat' dir='ltr'>legis</span> <span class='ocrx_word' id='word_1_127' title='bbox 1446 1330 1495 1375; x_wconf 92' lang='lat' dir='ltr'>in</span> <span class='ocrx_word' id='word_1_128' title='bbox 1532 1345 1683 1390; x_wconf 78' lang='lat' dir='ltr'>grave</span> <span class='ocrx_word' id='word_1_129' title='bbox 1720 1331 1956 1378; x_wconf 86' lang='lat' dir='ltr'>damnum</span> <span class='ocrx_word' id='word_1_130' title='bbox 1994 1348 2124 1379; x_wconf 87' lang='lat' dir='ltr'>com-</span> 
     </span>
     <span class='ocr_line' id='line_1_16' title="bbox 214 1405 1536 1470; baseline -0.008 -8"><span class='ocrx_word' id='word_1_131' title='bbox 214 1430 363 1462; x_wconf 89' lang='lat' dir='ltr'>mune</span> <span class='ocrx_word' id='word_1_132' title='bbox 400 1414 477 1460; x_wconf 72' lang='lat' dir='ltr'>vel</span> <span class='ocrx_word' id='word_1_133' title='bbox 515 1411 564 1458; x_wconf 89' lang='lat' dir='ltr'>in</span> <span class='ocrx_word' id='word_1_134' title='bbox 603 1418 944 1470; x_wconf 80' lang='lat' dir='ltr'>contemptum</span> <span class='ocrx_word' id='word_1_135' title='bbox 982 1405 1283 1453; x_wconf 79' lang='lat' dir='ltr'>auctoritatis</span> <span class='ocrx_word' id='word_1_136' title='bbox 1322 1405 1536 1452; x_wconf 88' lang='lat' dir='ltr'>cederet.</span> 
     </span>
    </p>
   </div>
   <div class='ocr_carea' id='block_1_5' title="bbox 437 1555 1906 1700">
    <p class='ocr_par' dir='ltr' id='par_1_5' title="bbox 437 1555 1906 1700">
     <span class='ocr_line' id='line_1_17' title="bbox 872 1555 1473 1608; baseline -0.003 -12"><span class='ocrx_word' id='word_1_137' title='bbox 872 1555 899 1608; x_wconf 64' lang='grc' dir='ltr'>ξ</span> <span class='ocrx_word' id='word_1_138' title='bbox 933 1569 972 1606; x_wconf 87' lang='lat'>4.</span> <span class='ocrx_word' id='word_1_139' title='bbox 1023 1556 1102 1594; x_wconf 82' lang='lat' dir='ltr'>DE</span> <span class='ocrx_word' id='word_1_140' title='bbox 1136 1555 1473 1594; x_wconf 69' lang='lat' dir='ltr'>VIOLENTIA.</span> 
     </span>
     <span class='ocr_line' id='line_1_18' title="bbox 437 1642 1906 1700; baseline -0.003 -11"><span class='ocrx_word' id='word_1_141' title='bbox 437 1650 601 1700; x_wconf 62' lang='lat' dir='ltr'>(Aris-t„</span> <span class='ocrx_word' id='word_1_142' title='bbox 636 1648 731 1687; x_wconf 85' lang='lat' dir='ltr'>Eth.</span> <span class='ocrx_word' id='word_1_143' title='bbox 767 1648 793 1686; x_wconf 94' lang='lat' dir='ltr'>l.</span> <span class='ocrx_word' id='word_1_144' title='bbox 831 1657 868 1697; x_wconf 83' lang='lat'>3,</span> <span class='ocrx_word' id='word_1_145' title='bbox 906 1660 939 1685; x_wconf 92' lang='lat' dir='ltr'>c.</span> <span class='ocrx_word' id='word_1_146' title='bbox 983 1656 1016 1685; x_wconf 91' lang='grc' dir='ltr'>Ι.</span> <span class='ocrx_word' id='word_1_147' title='bbox 1082 1646 1122 1683; x_wconf 76' lang='lat' dir='ltr'>S.</span> <span class='ocrx_word' id='word_1_148' title='bbox 1166 1645 1307 1683; x_wconf 76' lang='lat' dir='ltr'>lem.</span> <span class='ocrx_word' id='word_1_149' title='bbox 1349 1654 1382 1693; x_wconf 83' lang='lat'>1,</span> <span class='ocrx_word' id='word_1_150' title='bbox 1420 1654 1457 1691; x_wconf 86' lang='lat'>2,</span> <span class='ocrx_word' id='word_1_151' title='bbox 1493 1659 1532 1696; x_wconf 89' lang='lat' dir='ltr'>q.</span> <span class='ocrx_word' id='word_1_152' title='bbox 1569 1644 1607 1691; x_wconf 83' lang='lat'>6,</span> <span class='ocrx_word' id='word_1_153' title='bbox 1643 1658 1679 1683; x_wconf 83' lang='lat' dir='ltr'>a.</span> <span class='ocrx_word' id='word_1_154' title='bbox 1712 1656 1738 1693; x_wconf 90' lang='lat'><strong>4</strong></span> <span class='ocrx_word' id='word_1_155' title='bbox 1774 1652 1813 1683; x_wconf 88' lang='lat' dir='ltr'>et</span> <span class='ocrx_word' id='word_1_156' title='bbox 1849 1642 1906 1697; x_wconf 81' lang='grc'>5.)</span> 
     </span>
    </p>
   </div>
   <div class='ocr_carea' id='block_1_6' title="bbox 216 1746 2126 2226">
    <p class='ocr_par' dir='ltr' id='par_1_6' title="bbox 216 1746 2126 2226">
     <span class='ocr_line' id='line_1_19' title="bbox 220 1746 2123 1823; baseline -0.004 -18"><span class='ocrx_word' id='word_1_157' title='bbox 220 1766 252 1820; x_wconf 90' lang='grc'>5</span> <span class='ocrx_word' id='word_1_158' title='bbox 271 1767 293 1804; x_wconf 94' lang='lat'>1</span> <span class='ocrx_word' id='word_1_159' title='bbox 311 1793 321 1804; x_wconf 92' lang='lat'><strong>.</strong></span> <span class='ocrx_word' id='word_1_160' title='bbox 395 1753 701 1823; x_wconf 43' lang='lat' dir='ltr'>[ffiolenlnm</span> <span class='ocrx_word' id='word_1_161' title='bbox 724 1750 971 1819; x_wconf 84' lang='lat' dir='ltr'>definitur</span> <span class='ocrx_word' id='word_1_162' title='bbox 994 1748 1068 1807; x_wconf 69' lang='lat' dir='ltr'>id,</span> <span class='ocrx_word' id='word_1_163' title='bbox 1110 1747 1254 1812; x_wconf 72' lang='lat' dir='ltr'>qued</span> <span class='ocrx_word' id='word_1_164' title='bbox 1264 1746 1516 1811; x_wconf 70' lang='lat' dir='ltr'>procedit</span> <span class='ocrx_word' id='word_1_165' title='bbox 1540 1763 1574 1795; x_wconf 73' lang='lat' dir='ltr'>a</span> <span class='ocrx_word' id='word_1_166' title='bbox 1591 1746 1867 1815; x_wconf 56' lang='lat' dir='ltr'>p7‘7f7257&#39;p7&#39;0</span> <span class='ocrx_word' id='word_1_167' title='bbox 1902 1755 2123 1813; x_wconf 57' lang='grc' dir='ltr'>ε’,ζζςῖησ</span> 
     </span>
     <span class='ocr_line' id='line_1_20' title="bbox 216 1828 2123 1899; baseline -0.005 -11"><span class='ocrx_word' id='word_1_168' title='bbox 216 1836 599 1888; x_wconf 72' lang='lat' dir='ltr'>contranl&#39;tentc</span> <span class='ocrx_word' id='word_1_169' title='bbox 642 1843 811 1899; x_wconf 75' lang='lat' dir='ltr'>passo</span> <span class='ocrx_word' id='word_1_170' title='bbox 868 1831 1170 1896; x_wconf 85' lang='lat' dir='ltr'>(subiecto).</span> <span class='ocrx_word' id='word_1_171' title='bbox 1252 1829 1393 1879; x_wconf 91' lang='lat' dir='ltr'>Hinc</span> <span class='ocrx_word' id='word_1_172' title='bbox 1453 1828 1617 1878; x_wconf 87' lang='lat' dir='ltr'>relate</span> <span class='ocrx_word' id='word_1_173' title='bbox 1672 1829 1740 1878; x_wconf 89' lang='lat' dir='ltr'>ad</span> <span class='ocrx_word' id='word_1_174' title='bbox 1796 1829 2123 1880; x_wconf 83' lang='lat' dir='ltr'>activitatem</span> 
     </span>
     <span class='ocr_line' id='line_1_21' title="bbox 216 1906 2125 1978; baseline -0.004 -8"><span class='ocrx_word' id='word_1_175' title='bbox 216 1919 446 1970; x_wconf 88' lang='lat' dir='ltr'>hominis</span> <span class='ocrx_word' id='word_1_176' title='bbox 497 1906 748 1967; x_wconf 85' lang='lat' dir='ltr'>violentia</span> <span class='ocrx_word' id='word_1_177' title='bbox 803 1915 1055 1975; x_wconf 88' lang='lat' dir='ltr'>habetur,</span> <span class='ocrx_word' id='word_1_178' title='bbox 1117 1912 1562 1978; x_wconf 83' lang='lat' dir='ltr'>quotiescumque</span> <span class='ocrx_word' id='word_1_179' title='bbox 1613 1910 1698 1961; x_wconf 88' lang='lat' dir='ltr'>ille</span> <span class='ocrx_word' id='word_1_180' title='bbox 1750 1910 1978 1978; x_wconf 84' lang='lat' dir='ltr'>aliquem</span> <span class='ocrx_word' id='word_1_181' title='bbox 2032 1913 2125 1962; x_wconf 88' lang='lat' dir='ltr'>irn-</span> 
     </span>
     <span class='ocr_line' id='line_1_22' title="bbox 218 1992 2126 2070; baseline -0.004 -18"><span class='ocrx_word' id='word_1_182' title='bbox 218 2002 429 2070; x_wconf 85' lang='lat' dir='ltr'>pulsum</span> <span class='ocrx_word' id='word_1_183' title='bbox 469 2000 872 2067; x_wconf 81' lang='lat' dir='ltr'>provenientem</span> <span class='ocrx_word' id='word_1_184' title='bbox 912 2013 944 2046; x_wconf 87' lang='lat' dir='ltr'>a</span> <span class='ocrx_word' id='word_1_185' title='bbox 983 1995 1243 2063; x_wconf 83' lang='lat' dir='ltr'>principio</span> <span class='ocrx_word' id='word_1_186' title='bbox 1285 2004 1509 2044; x_wconf 74' lang='lat' dir='ltr'>externo</span> <span class='ocrx_word' id='word_1_187' title='bbox 1549 1992 1826 2044; x_wconf 84' lang='lat' dir='ltr'>voluntate</span> <span class='ocrx_word' id='word_1_188' title='bbox 1865 1995 2126 2045; x_wconf 83' lang='lat' dir='ltr'>renitente</span> 
     </span>
     <span class='ocr_line' id='line_1_23' title="bbox 216 2076 2124 2153; baseline -0.005 -17"><span class='ocrx_word' id='word_1_189' title='bbox 216 2086 428 2153; x_wconf 87' lang='lat' dir='ltr'>patitur.</span> <span class='ocrx_word' id='word_1_190' title='bbox 511 2081 722 2148; x_wconf 76' lang='lat' dir='ltr'>Quodsi</span> <span class='ocrx_word' id='word_1_191' title='bbox 762 2080 1010 2131; x_wconf 75' lang='lat' dir='ltr'>voluntas</span> <span class='ocrx_word' id='word_1_192' title='bbox 1052 2078 1291 2128; x_wconf 87' lang='lat' dir='ltr'>renititur</span> <span class='ocrx_word' id='word_1_193' title='bbox 1329 2078 1457 2127; x_wconf 91' lang='lat' dir='ltr'>totis</span> <span class='ocrx_word' id='word_1_194' title='bbox 1496 2077 1708 2137; x_wconf 84' lang='lat' dir='ltr'>viribus,</span> <span class='ocrx_word' id='word_1_195' title='bbox 1752 2076 1982 2127; x_wconf 84' lang='lat' dir='ltr'>habetur</span> <span class='ocrx_word' id='word_1_196' title='bbox 2020 2078 2124 2127; x_wconf 89' lang='lat' dir='ltr'>vio-</span> 
     </span>
     <span class='ocr_line' id='line_1_24' title="bbox 217 2160 1496 2226; baseline -0.007 -8"><span class='ocrx_word' id='word_1_197' title='bbox 217 2168 377 2218; x_wconf 86' lang='lat' dir='ltr'>lentia</span> <span class='ocrx_word' id='word_1_198' title='bbox 416 2167 612 2226; x_wconf 86' lang='lat' dir='ltr'>stricta,</span> <span class='ocrx_word' id='word_1_199' title='bbox 658 2181 813 2214; x_wconf 88' lang='lat' dir='ltr'>secus</span> <span class='ocrx_word' id='word_1_200' title='bbox 853 2162 1105 2213; x_wconf 78' lang='lat' dir='ltr'>violentia</span> <span class='ocrx_word' id='word_1_201' title='bbox 1145 2160 1297 2211; x_wconf 87' lang='lat' dir='ltr'>latius</span> <span class='ocrx_word' id='word_1_202' title='bbox 1339 2160 1496 2210; x_wconf 86' lang='lat' dir='ltr'>dicta.</span> 
     </span>
    </p>
   </div>
   <div class='ocr_carea' id='block_1_7' title="bbox 971 2325 1371 2373">
    <p class='ocr_par' dir='ltr' id='par_1_7' title="bbox 971 2325 1371 2373">
     <span class='ocr_line' id='line_1_25' title="bbox 971 2325 1371 2373; baseline -0.005 0"><span class='ocrx_word' id='word_1_203' title='bbox 971 2325 1240 2373; x_wconf 90' lang='lat' dir='ltr'>THESIS</span> <span class='ocrx_word' id='word_1_204' title='bbox 1278 2325 1371 2371; x_wconf 93' lang='lat' dir='ltr'>IX.</span> 
     </span>
    </p>
   </div>
   <div class='ocr_carea' id='block_1_8' title="bbox 218 2426 2124 2647">
    <p class='ocr_par' dir='ltr' id='par_1_8' title="bbox 218 2426 2124 2647">
     <span class='ocr_line' id='line_1_26' title="bbox 221 2426 2124 2493; baseline -0.005 -10"><span class='ocrx_word' id='word_1_205' title='bbox 221 2438 322 2491; x_wconf 83' lang='lat'>52·</span> <span class='ocrx_word' id='word_1_206' title='bbox 403 2433 683 2482; x_wconf 85' lang='lat' dir='ltr'>Violentia</span> <span class='ocrx_word' id='word_1_207' title='bbox 719 2432 911 2493; x_wconf 85' lang='lat' dir='ltr'>stricte</span> <span class='ocrx_word' id='word_1_208' title='bbox 949 2431 1095 2478; x_wconf 86' lang='lat' dir='ltr'>dicta</span> <span class='ocrx_word' id='word_1_209' title='bbox 1143 2430 1378 2478; x_wconf 88' lang='lat' dir='ltr'>omnino</span> <span class='ocrx_word' id='word_1_210' title='bbox 1429 2428 1670 2476; x_wconf 86' lang='lat' dir='ltr'>excludit</span> <span class='ocrx_word' id='word_1_211' title='bbox 1711 2426 2124 2482; x_wconf 88' lang='lat' dir='ltr'>voluntarium;</span> 
     </span>
     <span class='ocr_line' id='line_1_27' title="bbox 219 2496 2124 2567; baseline -0.005 -9"><span class='ocrx_word' id='word_1_212' title='bbox 219 2525 346 2558; x_wconf 85' lang='lat' dir='ltr'>eam</span> <span class='ocrx_word' id='word_1_213' title='bbox 382 2516 576 2557; x_wconf 85' lang='lat' dir='ltr'>tamen</span> <span class='ocrx_word' id='word_1_214' title='bbox 613 2496 1028 2567; x_wconf 77' lang='lat' dir='ltr'>voluntaspati</span> <span class='ocrx_word' id='word_1_215' title='bbox 1065 2520 1179 2553; x_wconf 91' lang='lat' dir='ltr'>non</span> <span class='ocrx_word' id='word_1_216' title='bbox 1224 2510 1413 2565; x_wconf 86' lang='lat' dir='ltr'>potest</span> <span class='ocrx_word' id='word_1_217' title='bbox 1464 2503 1570 2550; x_wconf 85' lang='lat' dir='ltr'>nisi</span> <span class='ocrx_word' id='word_1_218' title='bbox 1619 2502 1766 2550; x_wconf 84' lang='lat' dir='ltr'>circa</span> <span class='ocrx_word' id='word_1_219' title='bbox 1813 2508 1974 2550; x_wconf 85' lang='lat' dir='ltr'>actus</span> <span class='ocrx_word' id='word_1_220' title='bbox 2020 2501 2124 2548; x_wconf 91' lang='lat' dir='ltr'>im-</span> 
     </span>
     <span class='ocr_line' id='line_1_28' title="bbox 218 2584 648 2647; baseline -0.005 -15"><span class='ocrx_word' id='word_1_221' title='bbox 218 2585 402 2647; x_wconf 84' lang='lat' dir='ltr'>perari</span> <span class='ocrx_word' id='word_1_222' title='bbox 438 2584 648 2632; x_wconf 82' lang='lat' dir='ltr'>solitos.</span> 
     </span>
    </p>
   </div>
   <div class='ocr_carea' id='block_1_9' title="bbox 216 2685 2126 3101">
    <p class='ocr_par' dir='ltr' id='par_1_9' title="bbox 216 2685 2126 3074">
     <span class='ocr_line' id='line_1_29' title="bbox 295 2685 2125 2753; baseline -0.003 -11"><span class='ocrx_word' id='word_1_223' title='bbox 295 2696 462 2743; x_wconf 87' lang='lat' dir='ltr'>Prob.</span> <span class='ocrx_word' id='word_1_224' title='bbox 541 2694 688 2744; x_wconf 76' lang='lat' dir='ltr'>Pars</span> <span class='ocrx_word' id='word_1_225' title='bbox 742 2691 784 2741; x_wconf 84' lang='lat' dir='ltr'>J.</span> <span class='ocrx_word' id='word_1_226' title='bbox 865 2689 1179 2740; x_wconf 88' lang='lat' dir='ltr'>Violentum</span> <span class='ocrx_word' id='word_1_227' title='bbox 1236 2688 1415 2738; x_wconf 89' lang='lat' dir='ltr'>stricte</span> <span class='ocrx_word' id='word_1_228' title='bbox 1472 2687 1675 2737; x_wconf 91' lang='lat' dir='ltr'>dictum</span> <span class='ocrx_word' id='word_1_229' title='bbox 1732 2695 1977 2753; x_wconf 89' lang='lat' dir='ltr'>respectu</span> <span class='ocrx_word' id='word_1_230' title='bbox 2032 2685 2125 2735; x_wconf 91' lang='lat' dir='ltr'>ho-</span> 
     </span>
     <span class='ocr_line' id='line_1_30' title="bbox 220 2767 2126 2841; baseline -0.006 -13"><span class='ocrx_word' id='word_1_231' title='bbox 220 2778 372 2827; x_wconf 88' lang='lat' dir='ltr'>minis</span> <span class='ocrx_word' id='word_1_232' title='bbox 413 2777 626 2838; x_wconf 87' lang='lat' dir='ltr'>dicitur,</span> <span class='ocrx_word' id='word_1_233' title='bbox 680 2773 941 2841; x_wconf 91' lang='lat' dir='ltr'>quidquid</span> <span class='ocrx_word' id='word_1_234' title='bbox 981 2773 1033 2822; x_wconf 91' lang='lat' dir='ltr'>in</span> <span class='ocrx_word' id='word_1_235' title='bbox 1074 2789 1139 2822; x_wconf 94' lang='lat' dir='ltr'>eo</span> <span class='ocrx_word' id='word_1_236' title='bbox 1181 2771 1239 2820; x_wconf 89' lang='lat' dir='ltr'>fit</span> <span class='ocrx_word' id='word_1_237' title='bbox 1277 2769 1554 2820; x_wconf 88' lang='lat' dir='ltr'>voluntate</span> <span class='ocrx_word' id='word_1_238' title='bbox 1593 2767 1958 2819; x_wconf 65' lang='lat' dir='ltr'>totis‘xiinbus</span> <span class='ocrx_word' id='word_1_239' title='bbox 1998 2769 2126 2819; x_wconf 89' lang='lat' dir='ltr'>reni-</span> 
     </span>
     <span class='ocr_line' id='line_1_31' title="bbox 224 2840 2126 2925; baseline -0.005 -15"><span class='ocrx_word' id='word_1_240' title='bbox 224 2869 385 2923; x_wconf 90' lang='lat' dir='ltr'>tente.</span> <span class='ocrx_word' id='word_1_241' title='bbox 466 2858 649 2925; x_wconf 72' lang='lat' dir='ltr'>Atqui.</span> <span class='ocrx_word' id='word_1_242' title='bbox 695 2857 886 2925; x_wconf 89' lang='lat' dir='ltr'>quod</span> <span class='ocrx_word' id='word_1_243' title='bbox 886 2855 945 2905; x_wconf 87' lang='lat' dir='ltr'>fit</span> <span class='ocrx_word' id='word_1_244' title='bbox 982 2841 1258 2905; x_wconf 83' lang='lat' dir='ltr'>voluntate</span> <span class='ocrx_word' id='word_1_245' title='bbox 1299 2841 1425 2903; x_wconf 88' lang='lat' dir='ltr'>totis</span> <span class='ocrx_word' id='word_1_246' title='bbox 1463 2852 1662 2902; x_wconf 76' lang='lat' dir='ltr'>viribus</span> <span class='ocrx_word' id='word_1_247' title='bbox 1702 2840 1976 2913; x_wconf 85' lang='lat' dir='ltr'>renitente,</span> <span class='ocrx_word' id='word_1_248' title='bbox 2018 2868 2126 2900; x_wconf 91' lang='lat' dir='ltr'>non</span> 
     </span>
     <span class='ocr_line' id='line_1_32' title="bbox 216 2921 2122 3017; baseline -0.005 -25"><span class='ocrx_word' id='word_1_249' title='bbox 216 2950 412 3015; x_wconf 77' lang='lat' dir='ltr'>potest</span> <span class='ocrx_word' id='word_1_250' title='bbox 441 2941 549 2992; x_wconf 92' lang='lat' dir='ltr'>ullo</span> <span class='ocrx_word' id='word_1_251' title='bbox 590 2940 756 2990; x_wconf 91' lang='lat' dir='ltr'>modo</span> <span class='ocrx_word' id='word_1_252' title='bbox 798 2939 866 2989; x_wconf 86' lang='lat' dir='ltr'>ab</span> <span class='ocrx_word' id='word_1_253' title='bbox 907 2921 1109 2988; x_wconf 82' lang='lat' dir='ltr'>eadem</span> <span class='ocrx_word' id='word_1_254' title='bbox 1139 2928 1436 3003; x_wconf 79' lang='lat' dir='ltr'>pr0cedere</span> <span class='ocrx_word' id='word_1_255' title='bbox 1476 2928 1567 2984; x_wconf 85' lang='lat' dir='ltr'>seu</span> <span class='ocrx_word' id='word_1_256' title='bbox 1609 2934 1730 2984; x_wconf 86' lang='lat' dir='ltr'>esse</span> <span class='ocrx_word' id='word_1_257' title='bbox 1740 2931 2122 3017; x_wconf 59' lang='lat' dir='ltr'>voluntarium.</span> 
     </span>
     <span class='ocr_line' id='line_1_33' title="bbox 221 3014 1835 3101; baseline -0.007 -26"><span class='ocrx_word' id='word_1_258' title='bbox 221 3024 308 3101; x_wconf 85' lang='lat' dir='ltr'>E7</span> <span class='ocrx_word' id='word_1_259' title='bbox 303 3042 376 3090; x_wconf 75' lang='lat' dir='ltr'>go</span> <span class='ocrx_word' id='word_1_260' title='bbox 415 3023 667 3073; x_wconf 77' lang='lat' dir='ltr'>violentia</span> <span class='ocrx_word' id='word_1_261' title='bbox 705 3022 887 3072; x_wconf 90' lang='lat' dir='ltr'>stricte</span> <span class='ocrx_word' id='word_1_262' title='bbox 929 3020 1072 3070; x_wconf 90' lang='lat' dir='ltr'>dicta</span> <span class='ocrx_word' id='word_1_263' title='bbox 1115 3016 1356 3068; x_wconf 75' lang='lat' dir='ltr'>excludit</span> <span class='ocrx_word' id='word_1_264' title='bbox 1394 3016 1765 3066; x_wconf 87' lang='lat' dir='ltr'>voluntarium.</span> <span class='ocrx_word' id='word_1_265' title='bbox 1810 3014 1835 3017; x_wconf 75' lang='grc'><strong>”</strong></span> 
     </span>
    </p>
   </div>
   <div class='ocr_carea' id='block_1_10' title="bbox 223 3114 2126 3433">
    <p class='ocr_par' dir='ltr' id='par_1_10' title="bbox 296 3114 1500 3186">
     <span class='ocr_line' id='line_1_34' title="bbox 296 3114 1500 3186; baseline -0.006 -16"><span class='ocrx_word' id='word_1_266' title='bbox 296 3120 444 3170; x_wconf 79' lang='lat' dir='ltr'>Pa7s</span> <span class='ocrx_word' id='word_1_267' title='bbox 482 3119 579 3180; x_wconf 59' lang='lat' dir='ltr'>Is„</span> <span class='ocrx_word' id='word_1_268' title='bbox 620 3136 758 3186; x_wconf 88' lang='lat' dir='ltr'>quae</span> <span class='ocrx_word' id='word_1_269' title='bbox 800 3119 907 3168; x_wconf 90' lang='lat' dir='ltr'>duo</span> <span class='ocrx_word' id='word_1_270' title='bbox 949 3117 1191 3167; x_wconf 84' lang='lat' dir='ltr'>membra</span> <span class='ocrx_word' id='word_1_271' title='bbox 1231 3114 1500 3165; x_wconf 90' lang='lat' dir='ltr'>continet:</span> 
     </span>
    </p>

    <p class='ocr_par' dir='ltr' id='par_1_11' title="bbox 223 3199 2126 3433">
     <span class='ocr_line' id='line_1_35' title="bbox 306 3199 2126 3273; baseline -0.005 -15"><span class='ocrx_word' id='word_1_272' title='bbox 306 3224 346 3260; x_wconf 87' lang='grc' dir='ltr'>Ι.</span> <span class='ocrx_word' id='word_1_273' title='bbox 390 3208 658 3259; x_wconf 77' lang='lat' dir='ltr'>Voluntas</span> <span class='ocrx_word' id='word_1_274' title='bbox 710 3207 821 3273; x_wconf 88' lang='lat' dir='ltr'>pati</span> <span class='ocrx_word' id='word_1_275' title='bbox 871 3206 1056 3272; x_wconf 90' lang='lat' dir='ltr'>nequit</span> <span class='ocrx_word' id='word_1_276' title='bbox 1094 3203 1401 3254; x_wconf 85' lang='lat' dir='ltr'>violentiam</span> <span class='ocrx_word' id='word_1_277' title='bbox 1453 3203 1504 3252; x_wconf 91' lang='lat' dir='ltr'>in</span> <span class='ocrx_word' id='word_1_278' title='bbox 1551 3201 1760 3251; x_wconf 88' lang='lat' dir='ltr'>actibus</span> <span class='ocrx_word' id='word_1_279' title='bbox 1800 3199 1996 3250; x_wconf 77' lang='lat' dir='ltr'>elicitis</span> <span class='ocrx_word' id='word_1_280' title='bbox 2033 3207 2126 3249; x_wconf 83' lang='lat' dir='ltr'>aut</span> 
     </span>
     <span class='ocr_line' id='line_1_36' title="bbox 224 3280 2124 3356; baseline -0.005 -15"><span class='ocrx_word' id='word_1_281' title='bbox 224 3309 421 3341; x_wconf 72' lang='lat' dir='ltr'>revera</span> <span class='ocrx_word' id='word_1_282' title='bbox 462 3290 773 3356; x_wconf 65' lang='lat' dir='ltr'>7&#39;777pe7&#39;al2‘5,</span> <span class='ocrx_word' id='word_1_283' title='bbox 823 3289 946 3355; x_wconf 89' lang='lat' dir='ltr'>quia</span> <span class='ocrx_word' id='word_1_284' title='bbox 986 3287 1038 3337; x_wconf 90' lang='lat' dir='ltr'>hi</span> <span class='ocrx_word' id='word_1_285' title='bbox 1079 3295 1230 3336; x_wconf 88' lang='lat' dir='ltr'>actus</span> <span class='ocrx_word' id='word_1_286' title='bbox 1270 3283 1560 3335; x_wconf 89' lang='lat' dir='ltr'>formaliter</span> <span class='ocrx_word' id='word_1_287' title='bbox 1598 3282 1877 3334; x_wconf 90' lang='lat' dir='ltr'>involvunt</span> <span class='ocrx_word' id='word_1_288' title='bbox 1915 3280 2124 3332; x_wconf 88' lang='lat' dir='ltr'>inclina-</span> 
     </span>
     <span class='ocr_line' id='line_1_37' title="bbox 223 3363 2121 3433; baseline -0.005 -10"><span class='ocrx_word' id='word_1_289' title='bbox 223 3374 424 3424; x_wconf 89' lang='lat' dir='ltr'>tionem</span> <span class='ocrx_word' id='word_1_290' title='bbox 464 3372 767 3433; x_wconf 86' lang='lat' dir='ltr'>voluntatis‚</span> <span class='ocrx_word' id='word_1_291' title='bbox 811 3370 1062 3421; x_wconf 86' lang='lat' dir='ltr'>violentia</span> <span class='ocrx_word' id='word_1_292' title='bbox 1101 3386 1228 3419; x_wconf 86' lang='lat' dir='ltr'>vero</span> <span class='ocrx_word' id='word_1_293' title='bbox 1270 3369 1498 3418; x_wconf 83' lang='lat' dir='ltr'>eandem</span> <span class='ocrx_word' id='word_1_294' title='bbox 1539 3365 1830 3416; x_wconf 85' lang='lat' dir='ltr'>formaliter</span> <span class='ocrx_word' id='word_1_295' title='bbox 1868 3363 2121 3416; x_wconf 86' lang='lat' dir='ltr'>excludit.</span> 
     </span>
    </p>
   </div>
  </div>
 </body>
</html>
