2182 3682
200 187 307 236 422
600 183 713 213 PARS
748 182 796 212 11.
846 182 1161 212 PHILOSOPHIA
1195 180 1403 210 MORALIS
1440 180 1690 210 SPECIALIS.

231 322 288 360 11.
335 322 406 359 De
437 325 683 371 parentum
717 318 871 358 officio
906 324 951 357 et
982 318 1080 357 iure
1114 317 1412 356 educationis
1443 317 1491 355 in
1525 317 1687 356 ordine
1721 317 2074 368 supernaturali.

2134 8 2146 17 Α
2176 0 2182 122 l

2176 140 2182 184 1

2179 224 2182 387 1

207 433 353 487 571.
442 436 482 472 Ι.
528 421 766 472 Christus
817 422 869 471 in
919 438 1014 470 sua
1054 419 1297 470 Ecclesia
1336 427 1575 484 perenne
1621 420 1998 486 magisterium
2038 422 2109 471 in-
2180 472 2182 477 ,

203 506 386 566 stituit,
437 505 520 555 cui
559 505 637 554 ius
678 513 730 554 et
772 503 1006 553 officium
1048 502 1394 552 demandavit
1434 519 1621 552 omnes
1661 502 1904 553 homines
1942 504 1995 553 in
2033 504 2109 564 iis,
2178 512 2182 516 “

204 605 342 655 quae
382 588 451 638 ad
492 587 830 637 christianam
871 585 1182 652 religionem
1223 585 1514 651 pertinent,
1563 585 1857 635 instruendi
1896 592 1950 636 et
1989 586 2111 635 edu—
2143 593 2182 645 ,³⁴

205 671 375 721 candi.
469 670 592 719 Hoc
644 677 823 718 autem
879 667 1116 718 officium
1172 665 1574 733 supernaturale
1628 667 1865 718 naturale
1920 685 2113 719 munus
2158 697 2164 702 -

203 761 484 820 parentum
545 751 812 801 educandi
872 749 1035 800 filios‘
1064 768 1172 799 non
1232 749 1397 809 tollit,
1460 750 1554 799 sed
1616 751 1663 799 ei
1720 752 2110 817 superstruitur,

129 861 131 863 ·
205 834 662 903 quemadmodum
716 834 965 884 educatio
1014 832 1296 882 christiana
1347 831 1644 882 naturalem
1695 850 1804 882 non
1855 832 2110 895 excludit,

203 918 300 969 sed
341 917 726 984 praesupponit
767 925 819 966 et
857 916 958 965 sub
998 933 1055 965 se
1085 914 1508 981 comprehendit.
1565 915 1698 965 Inde
1738 916 2108 982 consequitur:

278 1001 529 1051 Parentes
571 999 753 1065 quoad
795 999 1173 1048 educationem
1215 997 1535 1063 religiosam
1577 1015 1693 1048 esse
1734 998 2116 1048 mandatarios

206 1083 477 1134 Ecclesiae
528 1100 623 1148 per
674 1082 844 1148 ipsam
898 1088 1140 1131 naturam
1184 1080 1495 1146 designatos
1537 1080 1919 1144 (mandatarios
1959 1089 2115 1131 natos

206 1176 260 1217 et
317 1184 413 1233 per
466 1183 523 1215 se
582 1160 998 1232 inamovibiles),
1065 1181 1159 1213 seu
1219 1180 1313 1212 eos
1373 1163 1750 1212 educationem
1812 1162 2114 1228 religiosam

205 1250 420 1300 nomine
461 1256 514 1298 et
555 1248 810 1297 mandato
852 1245 1126 1296 Ecclesiae
1168 1263 1418 1295 exercere
1455 1253 1508 1294 et
1547 1246 1598 1294 in
1640 1245 1745 1295 hoc
1785 1262 2006 1295 munere
2046 1245 2114 1295 ab

205 1331 477 1382 Ecclesiae
517 1331 835 1380 auctoritate
877 1328 1198 1394 dependere.
1281 1326 1559 1377 Tenentur
1598 1327 1755 1393 igitur
1793 1345 1902 1378 non
1942 1327 2116 1378 solum

206 1415 322 1464 filiis
375 1413 674 1463 secundum
727 1411 1000 1461 Ecclesiae
1052 1419 1288 1460 mentem
1346 1410 1722 1460 educationem
1777 1410 2116 1461 christianam

205 1497 474 1564 impertire
502 1507 555 1545 et
583 1495 959 1545 educationem
988 1492 1269 1559 profanam
1299 1492 1576 1558 religiosae
1614 1492 1979 1554 subordinare,
2022 1493 2120 1543 sed

208 1581 367 1630 etiam
409 1578 682 1628 Ecclesiae
716 1577 983 1626 ministros
1012 1593 1117 1624 non
1148 1575 1422 1641 impedire,
1467 1575 1768 1641 quominus,
1811 1575 2120 1625 immediate

209 1664 384 1723 etiam,
427 1662 469 1711 si
497 1662 557 1710 iis
585 1660 861 1720 videbitur,
906 1658 1207 1724 religiosam
1236 1657 1621 1707 institutionem
1648 1658 1699 1707 in
1725 1674 1783 1707 se
1810 1658 2116 1724 suscipiant.

213 1805 358 1859 572.
443 1808 488 1844 2.
533 1791 744 1858 Quodsi
796 1800 1043 1858 parentes
1095 1791 1357 1857 baptismi
1400 1790 1522 1840 huic
1563 1808 1662 1841 suo
1704 1790 1883 1841 officio
1926 1791 2117 1852 desint,

209 1878 451 1928 Ecclesia
491 1894 584 1926 eos
624 1893 719 1942 per
758 1893 815 1925 se
857 1875 1048 1924 debitis
1101 1875 1288 1940 poenis
1329 1874 1545 1939 adigere
1586 1881 1792 1939 potest,
1847 1882 1904 1923 ut
1944 1873 2118 1924 eidem

210 1960 558 2020 satisfaciant,
613 1957 720 2019 vel,
774 1959 816 2007 si
856 1958 1145 2007 necessitas
1198 1956 1549 2022 postulaverit
1591 1964 1643 2006 et
1695 1957 2122 2007 circumstantiae

212 2043 558 2111 permiserint,
602 2041 662 2091 iis
703 2041 863 2090 etiam
904 2041 1077 2090 invitis
1118 2038 1314 2089 liberos
1355 2039 1712 2089 instituendos
1751 2040 2033 2106 suscipere.

218 2182 363 2236 573.
446 2185 492 2235 3.
537 2170 847 2220 Auctoritas
899 2167 1088 2229 civilis,
1144 2185 1281 2233 quae
1334 2185 1440 2217 non
1492 2168 1666 2217 minus
1718 2183 1879 2233 quam
1930 2165 2123 2233 singuli

213 2255 457 2305 homines
509 2253 615 2320 legi
667 2253 875 2301 divinae
926 2250 1311 2317 supernaturali
1361 2250 1645 2311 subicitur,
1699 2250 1810 2299 iura
1849 2248 2124 2299 Ecclesiae

215 2338 354 2388 circa
405 2337 779 2386 educationem
831 2351 938 2384 non
990 2334 1163 2383 solum
1216 2350 1320 2382 non
1376 2332 1590 2393 tollere,
1643 2332 1740 2382 sed
1787 2349 1885 2398 pro
1925 2331 2126 2381 viribus

216 2430 502 2487 protegere
542 2427 765 2468 tenetur.
822 2417 988 2482 Igitur
1028 2415 1113 2465 ille
1143 2416 1301 2465 etiam
1342 2415 1576 2464 influxus
1617 2415 1919 2476 indirectus,
1964 2430 2125 2480 quem

216 2503 503 2553 auctoritas
556 2500 771 2567 publica
821 2501 873 2549 in
925 2499 1299 2549 educationem
1352 2515 1603 2547 exercere
1658 2504 1865 2563 potest,
1923 2503 1981 2546 ut
2031 2495 2127 2545 iuri

218 2593 522 2652 parentum,
577 2584 648 2632 ita
690 2600 719 2632 a
771 2582 987 2632 fortiore
1040 2581 1133 2631 iuri
1175 2580 1447 2631 Ecclesiae
1496 2581 1757 2646 derogare
1797 2596 1905 2628 non
1946 2578 2125 2639 debet,

219 2668 313 2717 sed
356 2667 402 2717 ei
442 2665 788 2716 subordinari.

223 2803 369 2858 574.
447 2806 498 2855 4.
542 2792 600 2841 In
643 2809 766 2841 casu
818 2789 1097 2855 neglectae
1150 2788 1482 2839 educationis
1523 2806 1592 2837 ex
1643 2796 1794 2853 parte
1846 2793 2128 2853 parentum

221 2877 393 2943 primo
454 2875 576 2924 1060
631 2872 904 2923 Ecclesiae
959 2873 1039 2921 ius
1095 2880 1147 2921 et
1203 2871 1438 2921 officium
1495 2870 1755 2920 incumbit
1809 2868 1949 2918 hanc
2004 2867 2128 2917 edu-

222 2959 487 3009 cationem
528 2956 771 3016 curandi,
827 2955 1024 3020 quippe
1067 2971 1204 3019 quae
1257 2971 1363 3003 non
1416 2952 1588 3002 solur'n
1631 2952 1818 3001 ordine
1859 2949 2131 3015 dignitatis

222 3041 593 3091 auctoritatem
646 3036 852 3088 civilem
905 3036 1218 3102 praecedat,
1277 3035 1373 3085 sed
1425 3036 1584 3085 etiam
1636 3035 1716 3084 ius
1767 3033 2025 3083 directum
2078 3039 2132 3081 et

224 3122 591 3173 immediatum
620 3121 671 3170 in
700 3120 1075 3170 educationem
1108 3118 1318 3168 habeat.
1375 3118 1512 3167 Nam
1542 3116 1831 3166 iurisdictio
1860 3113 2133 3164 Ecclesiae

227 3214 306 3255 est
358 3205 559 3254 directa
607 3211 659 3252 et
698 3201 1006 3252 immediata
1058 3200 1235 3265 quoad
1292 3201 1469 3249 omnia
1511 3208 1564 3248 et
1614 3197 1819 3264 singula
1875 3195 2130 3256 membra,

228 3288 356 3337 dum
399 3286 686 3335 auctoritas
728 3283 890 3334 civilis
929 3281 1102 3332 solum
1155 3282 1411 3331 indirecte
1452 3289 1505 3331 et
1545 3281 1776 3330 mediate
1816 3279 1866 3328 in
1907 3278 2133 3327 infantes

228 3368 642 3418 iurisdictionem
683 3374 913 3425 exercet,
958 3363 1047 3413 scl.
1093 3364 1360 3413 mediante
1401 3361 1789 3429 patrefamilias
