2182 3682
599 204 752 234 CAPUT
785 204 827 235 V.
878 205 939 234 DE
971 204 1092 235 LEGE
1128 205 1383 237 NATURALI.
1843 211 1939 264 147

50 357 165 391 raro
206 350 383 390 tamen
410 340 657 389 virtutem
700 339 1079 406 multiplicibus
1108 349 1160 390 et
1201 343 1479 403 continuiS,
1522 344 1685 394 immo
1719 346 1778 395 iis
1818 348 1944 413 ipsis

47 421 196 473 malis
217 421 464 472 afflictam
489 422 748 482 videmus,
779 439 915 487 quae
938 422 1074 471 bene
1098 422 1247 472 factis
1270 432 1542 474 contracta
1563 435 1696 476 sunt.
1752 428 1798 477 E
1821 445 1940 478 con-

45 504 203 555 trario
253 503 480 569 improbi
522 520 682 569 saepe
720 503 771 552 in
823 503 923 553 hac
975 510 1112 553 terra
1163 505 1395 555 maxima
1436 514 1487 555 et
1529 509 1776 558 continua
1827 528 1943 576 pro-

45 586 296 652 speritate
337 584 588 634 fruuntur.

122 681 167 731 3.
212 666 556 717 Sanctionem
596 667 648 716 in
688 665 788 717 hac
816 667 922 716 vita
962 674 1076 717 tum
1117 668 1312 718 meritis
1353 677 1465 718 turn
1507 670 1776 721 demeritis
1804 673 1940 723 adeo

45 749 587 816 disproportionatam
615 747 902 814 aliquando
937 750 1316 815 perficiendam
1346 759 1397 801 et
1427 751 1803 818 complendam
1833 754 1943 806 fore

45 832 281 881 omnium
323 829 645 896 populorum
687 847 975 881 consensus
1016 832 1349 897 comprobat.

54 969 194 1023 171.
269 968 435 1007 PARS
466 969 541 1007 ΙΙΙ.
599 968 700 1007 sita
732 969 780 1006 1'n
815 969 1125 1007 beatitudinis
1160 971 1510 1010 consecutione
1546 973 1627 1010 vel
1658 973 1942 1014 amissione.

119 1057 283 1104 Prob.
346 1057 493 1106 Deus
519 1057 656 1106 serio
686 1055 811 1117 vult,
856 1065 911 1106 ut
948 1055 1112 1106 homo
1142 1058 1210 1107 ad
1239 1058 1624 1109 beatitudinem
1653 1061 1943 1127 perfectam

45 1138 342 1205 perveniat,
395 1138 437 1188 si
486 1147 687 1188 rectum
742 1139 981 1188 ordinem
1034 1139 1084 1188 in
1136 1139 1236 1190 hac
1288 1141 1393 1190 vita
1443 1150 1629 1192 servet.
1711 1144 1863 1210 Ergo
1905 1146 1946 1194 si

45 1221 209 1270 homo
238 1220 375 1270 hanc
405 1221 775 1271 condicionem
806 1220 1058 1287 implevit,
1103 1237 1132 1271 a
1160 1221 1281 1271 Deo
1310 1222 1693 1274 beatitudinem
1722 1227 1945 1293 accipiet

45 1309 103 1353 ut
143 1303 544 1353 retributionem
586 1321 681 1369 pro
725 1311 870 1353 recto
913 1303 1098 1353 ordine
1139 1313 1363 1356 servato

118 1384 172 1435 Si
227 1402 353 1435 vero
409 1385 587 1435 horno<
630 1394 832 1435 rectum
889 1385 1132 1436 ordinem
1192 1404 1296 1437 non
1354 1396 1553 1450 servat,
1618 1389 1944 1442 beatitudine

45 1466 344 1533 privabitur.
427 1467 565 1516 Nam
607 1467 656 1530 a)
697 1468 739 1516 si
780 1475 832 1516 et
884 1467 1011 1517 boni
1051 1477 1103 1518 et
1144 1468 1266 1518 mali
1319 1469 1702 1521 beatitudinem
1743 1474 1943 1524 obtine-

45 1557 185 1610 rent,
229 1549 473 1598 homines
513 1549 617 1598 iam
657 1566 765 1598 non
806 1548 985 1610 libere,
1028 1551 1124 1600 sed
1166 1552 1480 1602 necessitate
1521 1553 1744 1619 physica
1784 1555 1943 1606 beati-

44 1631 283 1680 tudinem
324 1640 800 1697 consequerentur3
845 1632 900 1694 b)
942 1632 983 1681 si
1012 1633 1170 1682 etiam
1198 1632 1484 1684 violatores
1524 1634 1656 1701 legis
1696 1638 1945 1688 naturalis

43 1713 424 1764 beatitudinem
469 1722 933 1779 consequerentur,
977 1715 1080 1763 iam
1110 1714 1251 1764 nulla
1279 1725 1418 1765 esset
1445 1718 1648 1767 sanctio
1677 1719 1944 1770 sufficiens

42 1795 89 1845 in
144 1794 307 1845 altera
358 1795 478 1846 vita.
562 1796 808 1861 Denique
861 1796 908 1860 c)
951 1797 1146 1846 iustitia
1186 1798 1288 1847 Dei
1341 1798 1605 1864 postulat,
1663 1809 1718 1851 ut
1759 1803 1944 1868 poenis

42 1877 283 1928 ordinem
335 1876 537 1927 laesum
578 1878 828 1929 restituat.
911 1879 1083 1945 Atqui
1122 1879 1271 1929 multi
1312 1881 1362 1930 in
1416 1881 1514 1931 hac
1555 1883 1661 1933 vita
1702 1884 1942 1935 ordinem

42 1977 71 2009 a
122 1960 242 2010 Deo
295 1961 529 2027 positum
584 1969 1023 2027 contempserunt
1076 1971 1128 2012 et
1179 1963 1290 2012 sine
1343 1964 1771 2016 reconciliatione
1824 1985 1942 2017 cum

41 2042 161 2092 Deo
203 2060 271 2092 ex
313 2060 375 2092 ea
415 2043 698 2094 decedunt.
782 2043 1014 2110 Oportet
1055 2062 1214 2110 ergo,
1267 2052 1325 2095 ut
1377 2046 1426 2094 in
1468 2046 1573 2096 vita
1626 2048 1800 2099 futura
1851 2068 1945 2115 per

42 2142 243 2191 poenas
283 2126 352 2176 ad
394 2126 633 2176 ordinem
677 2126 1000 2193 redigantur.

47 2261 188 2315 172.
264 2267 366 2308 obi.
401 2266 563 2307 contra
598 2261 638 2307 l.
670 2267 861 2323 partem
899 2263 959 2309 cf.
1007 2263 1266 2323 Tangz'mgz‘
1298 2265 1324 2310 l.
1366 2280 1404 2310 c.
1447 2281 1490 2310 n.
1537 2280 1640 2325 179.

120 2348 221 2389 Obi.
256 2362 288 2388 ι.
354 2341 487 2389 Vitia
528 2357 725 2403 quoque
763 2359 899 2390 suam
936 2345 1121 2392 habent
1156 2346 1470 2407 voluptatem.
1542 2347 1679 2406 Ergo
1708 2386 1714 2394 .
1746 2386 1753 2394 .
1784 2386 1791 2394 .

117 2432 266 2482 Resp.
330 2425 496 2472 Dz‘stm
530 2424 754 2473 Plurimis
791 2427 930 2473 malis
966 2426 1182 2485 mixtam,
1222 2443 1355 2483 cem„
1395 2443 1583 2490 puram,
1622 2445 1748 2489 nego.

119 2519 220 2559 Obi.
255 2532 297 2559 2.
365 2512 603 2561 Iniustitia
640 2530 879 2577 persaepe
915 2515 1042 2563 utilis
1080 2525 1163 2564 est.

117 2603 267 2653 Resp.
316 2597 480 2644 Bisa.-
515 2598 732 2645 Ratione
767 2598 852 2656 sui,
893 2614 1021 2658 nege,
1060 2613 1148 2660 per
1185 2600 1430 2658 accidens,
1470 2600 1655 2648 subdz'sl.
1697 2610 1745 2648 ut
1782 2617 1939 2663 supra.

120 2691 220 2732 Obi.
251 2704 293 2742 3.
361 2686 525 2733 Virtus
563 2688 780 2749 pluribus
817 2689 956 2737 malis
994 2690 1210 2736 obnoxia
1245 2698 1329 2737 est.

116 2775 266 2824 Resp.
326 2768 490 2815 Dm..-
526 2769 712 2816 Natura
748 2786 846 2828 sua,
886 2786 1015 2831 nego,
1053 2786 1143 2833 per
1179 2771 1427 2830 accidens,
1465 2772 1683 2819 subdist.:
1720 2780 1766 2819 et
1803 2771 1941 2818 simul

38 2840 179 2887 affert
213 2857 379 2889 secum
417 2845 568 2891 multa
603 2845 750 2903 bona,
790 2860 924 2902 conc„
964 2862 1118 2904 secus,
1157 2862 1284 2906 nege.

115 2916 183 2962 Ut
228 2917 466 2964 habeatur
512 2918 701 2966 sanctio
749 2919 1039 2982 imperfecta
1075 2921 1125 2967 in
1162 2922 1256 2968 hac
1291 2921 1413 2979 vita,
1463 2920 1581 2967 nihil
1619 2920 1750 2967 aliud
1786 2920 1942 2979 redui-

39 2989 179 3049 ritur,
229 3007 377 3052 quarn
424 3001 474 3040 ut
513 3008 572 3040 ex
610 2994 783 3041 virtute
820 2995 1032 3056 plurima
1068 2997 1201 3043 bona
1239 3005 1285 3043 et
1322 3012 1381 3043 ex
1418 2995 1533 3042 vitio
1569 2996 1778 3057 plurima
1814 2996 1940 3041 mala

31 3070 121 3125 per
153 3081 199 3111 se
234 3076 613 3128 consequantur.

119 3160 219 3201 Obi.
253 3175 294 3212 4.
352 3157 429 3204 De
466 3157 721 3205 sanctione
758 3158 896 3206 huius
932 3159 1059 3206 vitae
1098 3175 1259 3206 sermo
1297 3174 1403 3206 esse
1440 3159 1624 3220 nequit,
1664 3159 1702 3205 si
1739 3158 1856 3205 boni
1894 3167 1941 3206 et

38 3227 152 3274 mali
189 3244 346 3290 aeque
382 3231 521 3279 huius
556 3232 686 3280 vitae
722 3233 860 3281 malis
897 3234 1190 3295 affliguntur.
1263 3233 1415 3295 Atqui
1447 3233 1512 3280 ita
1549 3242 1633 3280 est.
1705 3233 1855 3292 Erga.

116 3317 266 3367 Resp.
318 3312 449 3359 Dist.
476 3314 617 3359 maz‘..·
653 3314 702 3360 Si
738 3314 860 3361 boni
897 3323 944 3362 et
981 3315 1095 3361 mali
1128 3330 1284 3375 aeque
1319 3314 1598 3375 affliguntur
1622 3313 1774 3376 malis,
1814 3329 1938 3374 quae

39 3384 358 3432 essentialiter
394 3402 505 3433 cum
541 3387 658 3435 vitio
696 3397 1047 3447 conectuntur,
1097 3405 1242 3445 cena,
1293 3389 1331 3435 si
1369 3388 1528 3445 malis,
1580 3402 1705 3448 quae
1742 3397 1940 3435 conatu-

1593 3474 1678 3507 10⁴·
