2182 3682
133 174 236 212 XVI
860 172 1048 201 TABULA
1081 171 1314 202 THESEON.

203 311 336 350 LVII.
384 310 575 361 Systema
606 310 910 350 socialistarum
943 310 1059 349 falsis
1092 310 1373 350 fundamentis
1407 309 1599 349 innititur
1630 317 1754 362 atque
1789 310 1833 350 in

130 393 174 418 se
208 378 468 432 impossibile
501 385 542 417 et
574 379 800 417 absurdum
833 385 896 418 est

204 446 357 485 LVIII.
402 446 623 495 Rationes,
670 445 822 498 quibus
855 444 1092 484 socialistae
1127 445 1277 497 agrarii
1309 458 1425 484 suam
1458 445 1709 484 sententiam
1741 458 1835 497 pro-

129 521 334 566 pugnant,
367 514 409 553 vi
441 513 556 552 omni
589 521 734 553 carent

202 581 314 621 LIX.
358 581 601 620 Communis
633 580 847 632 possessio
881 579 960 618 soli
994 579 1208 618 exclusiva
1242 579 1518 631 impossibilis
1550 586 1612 618 est

202 650 293 688 LX.
334 650 404 688 Ius
436 648 707 701 proprietatis
751 661 837 687 non
869 647 1069 686 fundatur
1109 647 1151 685 in
1197 647 1300 686 solis
1337 648 1502 700 legibus
1542 647 1736 686 humanis
1767 647 1834 686 vel

129 717 170 755 in
203 724 329 769 pacto
363 717 502 769 aliquo
525 716 753 768 primaevo,
788 728 925 767 neque
958 714 1083 754 unice
1115 714 1251 767 repeti
1274 721 1414 768 potest
1448 728 1497 754 ex
1530 715 1618 753 iure
1651 713 1834 752 hominis

129 784 183 822 ad
214 784 393 823 fructum
425 784 580 822 laboris
612 783 674 822 sui

199 852 312 891 LXI.
356 852 425 890 Ius
470 851 714 903 acquirendi
757 850 1061 902 proprietatem
1104 851 1337 902 generatim
1386 857 1621 902 spectatum
1666 856 1729 888 est
1773 849 1836 888 ius

127 919 329 969 naturale,
363 920 519 958 factum
550 932 651 957 vero
674 917 970 970 primigenium
1005 917 1067 956 ius
1099 918 1366 970 proprietatis
1399 917 1442 956 in
1476 924 1674 957 concreto
1699 917 1832 956 deter-
1874 935 1888 940 -

127 987 289 1025 minans
322 994 386 1026 est
419 986 639 1038 occupatio

201 1062 337 1102 LXII.
382 1062 544 1101 Auctor
576 1060 671 1099 libri
714 1060 893 1099 naturali
925 1060 1139 1112 praeditus
1186 1069 1249 1099 est
1281 1061 1367 1099 iure
1400 1060 1495 1099 aliis
1539 1060 1832 1109 interdicendi,

128 1143 181 1168 ne
214 1129 368 1168 librum
402 1143 425 1168 a
457 1142 501 1167 se
535 1128 812 1180 compositum
845 1135 991 1166 contra
1023 1127 1152 1179 ipsius
1174 1128 1434 1167 voluntatem
1466 1127 1750 1180 reimprimant
1781 1127 1835 1166 ad

127 1197 286 1236 lucrum
318 1196 559 1235 faciendum
613 1227 619 1234 .

201 1272 356 1311 LXIII.
391 1272 460 1310 Ius
492 1271 776 1311 transferendi
800 1271 1029 1310 dominium
1052 1284 1129 1322 per
1153 1270 1421 1309 traditionem
1455 1277 1519 1309 est
1549 1270 1612 1308 ius
1644 1269 1833 1308 naturale

201 1347 352 1386 LXIV.
391 1347 461 1385 Ius
494 1345 751 1398 disponendi
786 1345 838 1384 de
871 1345 992 1384 bonis
1026 1345 1108 1384 suis
1140 1358 1217 1397 per
1247 1345 1435 1383 ultimam
1466 1344 1727 1384 voluntatem
1758 1358 1835 1397 per

127 1428 172 1454 se
204 1415 292 1453 iure
336 1422 509 1453 naturae
555 1414 727 1453 cuilibet
760 1413 985 1466 competit3
1033 1412 1067 1451 si
1100 1421 1299 1465 parentes
1342 1413 1542 1452 intestato
1586 1412 1832 1462 moriuntur,

127 1482 249 1521 liberi
283 1483 369 1520 iure
401 1489 575 1520 naturae
606 1482 647 1519 in
683 1494 825 1520 eorum
857 1481 971 1519 bona
1003 1480 1236 1519 succedunt
1286 1511 1293 1519 .

202 1557 333 1596 LXV.
381 1555 579 1608 Spectata
612 1555 819 1594 hodierna
864 1554 1078 1594 societatis
1124 1555 1378 1594 condicione
1423 1554 1697 1594 oeconomica
1738 1567 1835 1593 con-

127 1631 281 1663 tractus
319 1624 505 1663 fenebris
537 1637 612 1675 per
644 1636 687 1661 se
733 1636 818 1664 non
864 1630 927 1662 est
959 1622 1149 1671 illicitus,
1197 1622 1322 1662 etiam
1365 1622 1655 1661 abstrahendo
1701 1636 1724 1660 a
1759 1621 1836 1660 dis-

126 1692 339 1744 positione
371 1690 478 1743 legis
512 1690 647 1730 civilis

202 1767 356 1805 LXVI.
411 1767 571 1806 Auctor
594 1771 767 1804 naturae
794 1766 847 1804 ad
877 1765 1224 1818 propagationem
1248 1765 1415 1817 generis
1439 1765 1608 1803 humani
1630 1764 1719 1802 vult
1742 1777 1839 1803 con-

126 1826 382 1873 iunctionem
414 1846 690 1886 personarum
724 1832 874 1871 diversi
907 1845 1042 1881 sexus,
1078 1845 1169 1871 eam
1202 1839 1339 1872 autem
1372 1845 1456 1870 non
1490 1832 1567 1870 nisi
1600 1830 1790 1871 stabilem
1827 1863 1833 1870 .

203 1909 375 1947 LXVII.
430 1908 544 1947 Finis
576 1908 824 1947 matrimonii
856 1907 1099 1959 principalis
1132 1907 1173 1945 in
1210 1907 1423 1959 condigna
1454 1905 1623 1958 generis
1667 1906 1837 1944 humani

126 1976 429 2029 propagatione
462 1989 538 2028 per
568 1976 698 2028 prolis
731 1975 1048 2028 generationem
1093 1983 1134 2014 et
1179 1975 1494 2015 convenientem
1540 1973 1836 2013 educationem

125 2044 311 2084 consistit
338 2077 345 2084 .

199 2119 395 2158 LXVIII.
452 2117 694 2157 Caelibatus
727 2130 804 2169 per
837 2130 880 2156 se
913 2117 1026 2155 nulla
1058 2116 1151 2169 lege
1185 2116 1364 2155 naturali
1397 2115 1665 2169 prohibetur,
1706 2115 1832 2154 immo

125 2187 351 2238 perfectior
384 2193 445 2225 est
477 2192 586 2224 statu
618 2184 829 2237 coniugali
882 2216 888 2223 .

201 2261 354 2300 LXIX.
410 2261 634 2299 Vinculum
657 2259 839 2312 coniugii
870 2260 959 2298 iure
982 2266 1154 2297 naturae
1177 2258 1233 2297 ita
1256 2257 1548 2297 indissolubile
1572 2264 1645 2306 est,
1674 2262 1720 2296 ut
1748 2270 1834 2296 non

125 2329 204 2367 nisi
237 2328 486 2368 auctoritate
520 2328 665 2366 divina
697 2326 801 2366 solvi
835 2333 958 2379 queat
1017 2358 1023 2364 .

199 2403 336 2441 LXX.
392 2403 592 2441 Parentes
626 2402 681 2440 ad
712 2401 943 2440 liberorum
976 2400 1271 2439 educationem
1304 2399 1523 2451 physicam
1557 2406 1597 2438 et
1634 2398 1834 2438 moralem

125 2469 369 2522 gravissimo
402 2468 543 2509 officio
576 2475 771 2508 tenentur

198 2543 354 2584 LXXI.
410 2543 593 2583 Societas
617 2543 760 2582 herilis
777 2543 1009 2596 generatim
1032 2542 1178 2581 saltem
1200 2548 1411 2594 tamquam
1429 2540 1700 2580 connaturale
1724 2553 1832 2580 com-

125 2611 382 2663 plementum
415 2611 594 2650 familiae
626 2625 650 2650 a
684 2618 831 2650 natura
862 2611 1021 2649 intenta
1055 2610 1135 2649 dici
1169 2615 1311 2661 potest

201 2686 378 2724 LXXII.
434 2685 659 2736 Quaelibet
691 2686 863 2725 servitus
896 2684 1066 2737 proprie
1097 2685 1207 2723 dicta
1233 2683 1420 2736 dignitati
1455 2683 1661 2722 humanae
1694 2683 1832 2721 minus

126 2753 352 2792 conformis
394 2761 435 2792 et
467 2753 593 2792 variis
632 2752 829 2806 periculis
862 2752 1045 2791 obnoxia
1086 2759 1171 2799 est;
1219 2764 1302 2790 non
1337 2757 1475 2789 tamen
1508 2763 1584 2802 per
1615 2763 1658 2789 se
1691 2751 1832 2789 stricte

126 2821 201 2859 iuri
245 2828 418 2859 naturae
456 2828 686 2873 repugnat,
721 2820 920 2872 quamdiu
952 2833 1028 2871 per
1060 2833 1151 2858 eam
1187 2817 1475 2857 inalienabilia
1517 2823 1559 2857 et
1597 2817 1832 2857 essentialia

126 2887 349 2926 cuiuslibet
378 2887 559 2926 hominis
593 2888 681 2926 iura
713 2901 798 2926 non
833 2887 1037 2926 tolluntur

199 2962 399 3002 LXXIII.
454 2962 702 3001 Parentibus
742 2962 940 3001 naturalis
984 2962 1026 2999 in
1067 2961 1176 3000 filios
1219 2968 1407 3013 potestas
1441 2960 1661 3012 competit3
1708 2959 1832 2998 huius

126 3042 225 3068 vero
257 3030 479 3082 potestatis
510 3030 712 3082 primatus
745 3030 858 3082 apud
889 3036 1051 3082 patrem
1084 3029 1242 3068 residet
1284 3060 1290 3067 .

201 3103 397 3142 LXXIV.
452 3103 641 3143 Societas
686 3104 821 3143 civilis
864 3104 906 3142 in
950 3117 1024 3143 sua
1073 3103 1213 3157 specie
1259 3103 1523 3141 considerata
1567 3114 1830 3141 communem

129 3168 344 3208 hominum
377 3171 572 3210 socialem
606 3179 797 3210 naturam
829 3171 1066 3210 necessario
1100 3170 1370 3222 consequitur
1420 3201 1426 3207 .

202 3237 376 3277 LXXV.
429 3237 631 3290 Suprema
661 3245 848 3290 potestas
880 3237 1054 3289 politica
1086 3237 1317 3276 secundum
1346 3250 1391 3275 se
1414 3236 1651 3275 immediate
1674 3249 1698 3274 a
1718 3236 1827 3283 Deo,

128 3310 296 3342 auctore
329 3314 513 3353 naturae,
549 3305 765 3344 descendit

203 3370 396 3411 LXXVI.
440 3372 628 3411 Theoria
660 3372 922 3411 successivae
955 3370 1265 3423 aggregationis
1298 3370 1402 3409 falsa
1434 3378 1495 3408 est
1551 3400 1557 3406 .

1949 263 2038 304 Pag.

1957 378 2038 430 265

1957 513 2042 564 276

1956 580 2036 619 281

1958 781 2044 830 284

1958 983 2042 1023 288

1957 1206 2037 1246 301

1957 1278 2040 1321 305

1959 1481 2043 1530 306

1959 1699 2045 1740 320

1959 1841 2044 1881 334

1957 2048 2039 2092 335

1958 2183 2043 2232 336

1956 2335 2036 2375 341

1958 2466 2043 2516 346

1955 2608 2040 2658 348

1954 2895 2038 2936 349

1954 3034 2036 3078 355

1953 3167 2038 3218 358

1951 3301 2037 3351 364

1951 3367 2034 3418 367
