2182 3682
230 159 333 222 318
633 168 746 197 PARS
782 168 828 197 II.
881 167 1199 196 PHILOSOPHIA
1232 166 1435 196 MORALIS
1471 167 1720 198 SPECIALIS.

224 307 320 356 sed
362 308 661 358 extrinseca
700 325 794 358 seu
842 307 1036 358 utilitas
1076 309 1127 357 in
1181 325 1337 357 usum
1388 307 1694 370 hominum;
1750 315 2025 374 praeterea
2065 324 2138 357 ra-

225 390 348 438 ritas
400 390 497 449 rei,
553 391 720 440 maior
760 397 1064 457 emptorum
1117 390 1300 456 copia,
1354 390 1685 440 abundantia
1734 390 1994 456 pecuniae
2034 399 2134 442 ete.

225 469 511 521 Communi
562 473 613 521 in
654 472 829 539 aliqua
876 473 1094 538 regione
1147 472 1423 522 hominum
1477 472 1672 522 iudicio
1726 473 1794 522 de
1832 471 2014 522 valore
2053 471 2140 522 ali-

224 553 373 603 cuius
401 554 488 615 rei,
533 555 739 604 etiamsi
765 555 832 605 sit
859 555 1185 620 imprudenS‚
1230 554 1452 620 quilibet
1479 572 1535 604 se
1565 554 1900 605 conformare
1940 561 2136 621 potest.
2180 606 2182 612 ,

223 635 512 702 Propterea
577 645 803 702 possunt
869 644 1195 687 mercatores
1258 637 1425 687 vitrea
1490 645 1672 687 nostra
1734 637 1871 687 iuste
1936 653 2137 703 magno

222 718 394 783 pretio
422 719 626 784 nigritis
652 719 902 780 vendere,
936 720 1082 785 apud
1112 736 1250 786 quos
1279 720 1461 786 magni
1489 720 1849 770 aestimantur.
1900 717 2137 784 Quando

223 800 452 866 pretium
493 800 713 851 alicuius
754 802 827 851 rei
867 818 1040 867 neque
1082 802 1353 852 communi
1407 802 1685 851 hominum
1726 801 1920 852 iudicio
1961 819 2138 868 neque

223 881 343 947 lege
382 883 611 948 positiva
652 884 1063 934 determinatum
1108 893 1216 943 est,
1260 885 1371 934 eius
1413 885 1786 935 determinatio
1829 883 2139 951 relinquitur

223 963 418 1014 liberae
458 964 718 1016 voluntati
759 966 1212 1028 contrahentium,
1257 976 1309 1017 et
1350 967 1454 1017 hoc
1497 967 1724 1033 pretium
1763 975 1985 1017 vocatur
2026 984 2137 1017 con-

226 1047 544 1098 ventz'onale.

297 1128 391 1179 Ad
444 1131 774 1197 emptionem
823 1140 875 1182 et
915 1132 1283 1183 venditionem
1336 1133 1574 1182 revocari
1625 1140 1806 1198 potest
1845 1131 2138 1198 negotiatio

223 1229 337 1262 cum
383 1214 718 1278 syngraphis
757 1215 1030 1280 publicum
1083 1215 1328 1264 valorem
1384 1214 1922 1281 repraesentantibus.
2005 1213 2137 1280 Syn-

223 1294 460 1361 graphae
501 1295 749 1361 publicae
790 1314 946 1346 sensu
987 1298 1169 1347 stricto
1213 1306 1612 1364 repraesentant
1651 1297 1732 1347 ius
1772 1296 1990 1364 publica
2029 1297 2136 1347 fide

224 1377 567 1443 obsignatum
619 1380 948 1444 percipiendi
989 1397 1217 1429 annuam
1270 1381 1585 1446 pensionem
1627 1379 1840 1447 (Rente)
1884 1380 1952 1429 de
1993 1388 2138 1430 certa

223 1460 480 1526 pecuniae
521 1477 730 1510 summa
759 1462 957 1511 civitati
989 1463 1040 1511 in
1082 1462 1327 1528 publicos
1355 1480 1482 1512 usus
1512 1463 1761 1514 creditae.
1819 1462 1939 1512 Hae
1979 1462 2139 1528 igitur

223 1560 330 1592 non
368 1541 541 1592 solum
571 1552 628 1593 ut
669 1545 895 1610 pecunia
922 1543 1159 1594 valorem
1201 1545 1417 1606 habent,
1460 1563 1646 1595 verum
1675 1545 1833 1595 etiam
1862 1553 2137 1611 tamquam

223 1642 428 1675 merces
449 1626 727 1691 peculiaris
750 1627 1027 1676 cuiusdam
1046 1636 1097 1677 et
1120 1627 1425 1694 multiplicis
1447 1636 1777 1678 mercaturae
1794 1627 2135 1678 occasionem

223 1707 498 1774 praebent.
595 1708 735 1759 Hinc
793 1727 972 1759 earum
1029 1709 1191 1760 hodie
1248 1709 1496 1776 publicae
1552 1710 1823 1760 nundinae
1880 1708 2132 1773 (B'O'rsen,

221 1789 481 1855 Bourses)
512 1800 740 1852 exstant,
785 1792 835 1841 in
867 1792 1059 1858 quibus
1094 1793 1330 1842 omnium
1374 1792 1481 1843 fere
1522 1793 1764 1858 gentium
1791 1791 2134 1859 syngraphae

220 1872 434 1922 venales
474 1872 754 1925 habentur.
811 1874 1021 1924 Ibidem
1062 1892 1245 1925 earum
1285 1875 1516 1942 pretium
1543 1874 1763 1941 Vulgare
1794 1873 1993 1942 (Kurs)
2035 1893 2132 1942 pro

222 1972 394 2005 rerum
431 1955 767 2021 publicarum
795 1966 936 2006 statu
965 1958 1015 2006 in
1046 1958 1159 2007 dies
1187 1957 1430 2008 mutabili
1456 1958 1753 2008 secundum
1782 1957 2131 2024 frequentiam

221 2044 525 2104 emptorum
567 2038 649 2088 vel
690 2039 1030 2089 venditorum
1060 2038 1414 2106 (QVacllsrage
1452 2040 1566 2090 und
1587 2039 1849 2106 Angebat)
1893 2040 2136 2092 determi-

221 2129 387 2170 natur.
470 2120 625 2186 Quae
681 2122 748 2171 de
799 2122 1121 2188 syngraphis
1174 2122 1403 2189 publicis
1445 2123 1705 2183 diximus,
1759 2122 1939 2172 valent
1979 2139 2136 2189 gene-

222 2203 374 2252 ratim
426 2204 587 2252 etiam
640 2204 708 2253 de
760 2203 872 2253 aliis
923 2205 1247 2271 syngraphis
1299 2213 1504 2255 certum
1545 2204 1782 2255 valorem
1834 2221 2133 2271 repraesen-

220 2286 455 2335 tantibus
495 2294 547 2335 et
587 2285 802 2352 publice
842 2286 1133 2348 venalibus,
1176 2305 1223 2338 v.
1268 2304 1319 2353 g.
1364 2288 1433 2337 de
1474 2288 1788 2338 actionibus.

294 2367 350 2432 b)
390 2367 611 2418 Locatio
653 2377 705 2418 et
746 2369 1016 2419 conductio
1069 2377 1150 2420 est
1191 2377 1519 2431 contractus,
1576 2387 1684 2436 quo
1727 2370 1846 2436 quis
1887 2369 2132 2435 (locator)

218 2467 343 2499 suae
385 2450 458 2499 rei
504 2468 611 2500 non
664 2450 933 2516 fungibilis
986 2451 1374 2502 usumfructum
1418 2451 1566 2502 alteri
1618 2469 1716 2518 pro
1759 2459 1906 2502 certo
1959 2452 2132 2518 pretio

218 2532 287 2581 ad
328 2540 541 2598 tempus
581 2534 846 2584 concedit.
904 2533 1217 2584 Dominium
1247 2535 1509 2584 directum
1551 2535 1602 2583 in
1644 2533 1912 2584 locatione
1952 2542 2133 2583 manet

218 2614 361 2680 apud
414 2614 735 2678 locatorem;
792 2616 1088 2665 dominium
1140 2616 1267 2666 utile
1320 2617 1506 2666 transit
1546 2616 1614 2665 ad
1662 2625 1878 2683 tempus
1917 2617 1968 2665 in
2010 2633 2131 2666 con-

219 2697 499 2746 ductorem
541 2714 638 2762 pro
682 2704 828 2747 certo
871 2698 1058 2763 pretio.

294 2778 387 2828 Ad
417 2786 723 2829 contractus
763 2778 1042 2829 locationis
1070 2789 1123 2830 et
1152 2780 1523 2830 conductionis
1563 2780 1793 2847 pertinet
1821 2785 2129 2829 contractus

220 2861 361 2910 inter
412 2861 600 2911 lterum
653 2869 704 2910 et
753 2862 1081 2926 operarium.
1165 2860 1456 2928 Operarius
1508 2862 1652 2912 locat
1701 2877 1856 2911 suam
1908 2877 2128 2928 operam

219 2960 314 2992 seu
370 2944 548 3009 potius
602 2944 738 2993 vires
793 2944 844 2993 in
901 2945 1087 2994 ordine
1140 2945 1208 2994 ad
1261 2953 1437 2995 certos
1492 2944 1704 2995 labores
1760 2943 2128 3010 praestandos,

220 3025 377 3075 herus
417 3026 635 3075 easdem
676 3027 942 3077 conducit.
1012 3027 1194 3076 Habet
1236 3035 1414 3076 tamen
1455 3026 1541 3076 hic
1583 3034 1889 3076 contractus
1929 3024 2128 3091 aliquid

220 3107 320 3156 sibi
359 3109 631 3174 proprium
673 3125 742 3157 ex
781 3116 933 3174 parte
973 3109 1251 3169 materiae,
1295 3108 1386 3159 scl.
1430 3109 1645 3169 virium,
1689 3124 1827 3173 quae
1868 3107 2128 3173 insepara-

221 3189 395 3239 biliter
433 3207 694 3256 personae
736 3189 1000 3240 humanae
1040 3190 1329 3241 inhaerent.
1410 3190 1556 3251 Ideo,
1601 3198 1660 3239 ut
1699 3189 1784 3239 hic
1826 3196 2130 3239 contractus
2181 3205 2182 3213 ¹

222 3272 388 3321 iustus
427 3273 517 3333 sit,
562 3290 669 3322 non
710 3271 886 3321 solum
927 3272 1091 3322 debet
1133 3273 1375 3338 operario
1417 3273 1555 3322 iusta
1595 3288 1800 3321 merces
1840 3269 1990 3331 solvi,
2032 3269 2128 3320 sed

224 3353 393 3403 nullas
434 3363 709 3420 praeterea
750 3363 1055 3405 contractus
1084 3355 1429 3405 condiciones
1456 3354 1728 3404 continere
1771 3352 1949 3414 debet,
1993 3368 2131 3417 quae
