2182 3682
302 182 388 211 LIB.
425 182 451 211 1.
498 181 596 210 CAP.
633 181 680 210 II.
727 181 787 209 DE
821 180 1019 209 OFFICIIS
1055 180 1253 209 HOMINIS
1290 182 1414 209 ERGx
1449 182 1500 211 SE
1535 182 1686 211 [PSUM.
1840 182 1938 235 225

54 318 154 369 Dei
195 319 262 381 (n.
315 317 412 379 11).
493 316 656 381 Igitur
706 317 1015 382 praeprimis
1057 316 1220 365 homo
1262 324 1469 366 tenetur
1510 326 1770 378 mentem,
1825 319 1853 368 i.
1898 336 1942 367 e.

51 397 374 450 intellectum
414 405 467 446 et
505 397 848 459 voluntatem,
893 397 1161 463 perficere.

123 486 278 552 Quae
316 486 419 535 sint
458 487 734 551 speciatim
777 485 952 536 officia
1004 486 1231 535 hominis
1285 485 1446 536 relate
1500 487 1566 536 ad
1610 487 1943 549 z'ntelleclmn,

51 571 153 620 iam
193 585 263 618 ex
302 568 387 628 iis,
438 585 575 633 quae
616 568 685 617 de
725 567 912 617 officiis
953 585 1081 634 erga
1120 568 1295 617 Deum
1339 568 1584 628 diximus,
1628 568 1948 618 sufficienter

53 650 389 701 manifestum
418 658 511 698 est.
569 649 805 699 Tenetur
833 650 969 698 enim
1015 650 1179 699 homo
1220 648 1543 699 intellectum
1587 651 1658 699 ita
1686 650 1945 711 evolvere,

50 741 106 782 ut
156 732 316 781 finem
366 748 519 780 suum
572 730 813 780 ultimum
867 740 919 780 et
972 732 1149 781 omnia
1202 731 1379 781 officia
1431 739 1727 797 cognoscat
1766 740 1818 781 et
1869 732 1948 781 his

49 813 348 865 satisfacere
395 813 576 878 possit.
659 810 935 876 Quantum
977 813 1045 862 ad
1087 813 1409 863 volantatem
1451 813 1653 862 homini
1693 813 1949 878 obligatio

49 895 332 955 incumbit,
386 903 444 943 ut
497 912 613 963 eam
668 894 773 960 legi
814 895 1022 944 divinae
1064 894 1363 945 conformet
1404 903 1456 944 et
1509 912 1601 960 per
1642 912 1758 945 eam
1800 913 1856 945 se
1897 904 1949 944 et

51 978 226 1028 omnia
265 993 361 1026 sua
400 977 451 1025 in
492 976 653 1025 finem
695 975 937 1025 ultimum
980 984 1122 1026 recte
1164 977 1387 1026 ordinet.
1470 977 1772 1027 Praeterea:

732 1153 1000 1202 THESIS
1037 1155 1262 1202 XLVII.

53 1262 197 1316 280.
281 1273 530 1334 Quisque
568 1274 735 1321 debet
770 1273 845 1320 ita
881 1273 1180 1334 subiugare
1218 1273 1512 1334 passiones
1548 1273 1837 1329 voluntati,
1889 1280 1950 1320 ut

49 1347 217 1394 huius
253 1346 491 1408 imperio
530 1347 796 1395 oboedire
834 1354 1177 1395 assuescant.

122 1472 286 1520 Prob.
360 1471 560 1522 Rectus
601 1472 735 1522 ordo
778 1473 958 1538 exigit,
1003 1480 1062 1522 ut
1101 1471 1347 1522 voluntas
1387 1490 1444 1522 se
1485 1472 1794 1538 expeditam
1838 1472 1947 1522 red-

49 1553 140 1603 dat
190 1554 256 1603 ad
308 1554 637 1620 sequendam
691 1554 929 1619 regulam
982 1564 1158 1604 rectae
1211 1555 1438 1604 rationis.
1520 1554 1685 1605 Secus
1736 1555 1786 1603 in
1839 1572 1950 1620 per-

49 1644 212 1701 petuo
264 1644 317 1686 et
368 1637 616 1702 proximo
668 1635 905 1702 periculo
952 1644 1190 1686 versatur
1241 1654 1334 1685 sua
1386 1636 1563 1686 officia
1613 1637 1847 1686 violandi
1898 1643 1951 1686 et

49 1716 206 1767 finem
247 1717 490 1768 ultimum
530 1718 822 1769 amittendi.
900 1718 1072 1783 Atqui
1107 1719 1436 1784 experientia
1476 1726 1612 1768 teste
1652 1719 1726 1768 sic
1765 1735 1822 1768 se
1864 1736 1950 1767 ex-

47 1799 283 1866 peditam
337 1800 560 1850 reddere
612 1801 821 1866 nequit,
876 1801 973 1850 nisi
1014 1801 1184 1872 discat
1239 1802 1514 1866 passiones
1566 1800 1838 1850 inferiores
1879 1818 1950 1850 re-

53 1881 256 1932 frenare
297 1890 350 1932 et
389 1899 485 1932 suo
527 1883 749 1949 imperio
791 1882 1155 1932 subordinare.
1237 1882 1390 1947 Ergo
1423 1925 1429 1932 .
1467 1925 1474 1933 .

50 2040 196 2094 281.
257 2041 455 2094 Coroll.
514 2043 851 2106 Thomasius,
883 2044 1305 2111 Schopenhauer
1331 2044 1522 2111 aliique
1552 2043 1682 2094 falso
1711 2052 1952 2094 asserunt

48 2123 319 2175 hominem
374 2125 526 2175 nullis
578 2144 705 2192 erga
756 2144 813 2177 se
865 2128 1037 2194 ipsum
1090 2127 1277 2177 officiis
1329 2128 1601 2192 adstringi.
1695 2125 1950 2192 Quamvis

48 2207 187 2256 enim
215 2216 434 2274 propter
460 2209 793 2259 identitatem
821 2209 1047 2259 subiecti
1074 2227 1232 2259 nemo
1263 2210 1431 2275 possit
1459 2210 1696 2259 strictum
1727 2210 1950 2259 iustitiae

50 2288 291 2339 debitum
332 2307 457 2356 erga
496 2308 554 2340 se
594 2292 769 2357 ipsum
810 2291 1022 2352 habere,
1068 2291 1289 2357 quilibet
1329 2300 1506 2341 tamen
1549 2291 1712 2340 habet
1740 2307 1868 2357 erga
1895 2309 1951 2341 se

51 2371 288 2421 debitum
347 2371 566 2422 aliarum
626 2374 908 2435 virtutum,
972 2383 1029 2424 ut
1089 2375 1343 2434 caritatis,
1406 2374 1789 2439 temperantiae
1848 2382 1946 2424 etc.

51 2452 141 2502 Ad
189 2452 294 2503 hoc
345 2455 483 2504 enim
535 2455 755 2517 sufficit,
814 2465 870 2506 ut
921 2457 971 2505 in
1024 2455 1240 2505 homine
1287 2456 1525 2506 diversae
1566 2454 1842 2505 facultates
1882 2457 1950 2505 in-

51 2536 349 2597 veniantur,
407 2553 543 2602 quae
595 2538 884 2603 indegeant
936 2539 1157 2605 imperio
1211 2539 1427 2588 rationis
1478 2537 1547 2587 ad
1600 2539 1855 2588 unitatem
1899 2546 1951 2587 et

51 2617 290 2667 ordinem
344 2618 537 2685 redigi,
593 2627 646 2670 et
697 2629 753 2670 ut
807 2620 971 2670 homo
1024 2619 1161 2670 hanc
1210 2621 1601 2670 ordinationem
1650 2621 1805 2670 etiam
1848 2619 1956 2669 sibi

51 2698 159 2763 ipsi
194 2700 404 2751 debeat.

790 2807 1117 2847 ARTICULUs
1149 2808 1202 2846 Π.

576 2917 849 2964 OFFICIA
887 2918 1096 2965 CIRCA
1134 2918 1415 2965 CORPUS.

128 3036 418 3089 Ordinatus
467 3041 548 3090 sui
595 3057 745 3092 amor
795 3041 996 3091 homini
1044 3041 1219 3092 officia
1270 3048 1385 3090 tum
1432 3041 1678 3105 negativa
1730 3049 1840 3090 tum
1881 3038 1948 3089 af-

53 3116 309 3170 firmativa
349 3122 487 3171 circa
527 3139 720 3188 corpus
760 3124 1000 3189 imponit.
1058 3123 1144 3172 Ex
1185 3122 1363 3172 multis
1392 3122 1577 3172 officiis
1618 3122 1701 3171 hic
1742 3130 1948 3171 tantum

53 3216 223 3265 pauca
262 3203 651 3254 consideranda
690 3204 977 3270 seligimus.

144 3429 383 3471 Cathrein‚
412 3431 544 3464 Philos.
573 3433 729 3465 moralis.
773 3433 839 3465 Ed.
868 3444 898 3472 5.
1634 3438 1679 3480 15
