2182 3682
204 163 312 226 438
604 172 719 202 PARS
754 173 803 204 11.
856 174 1176 204 PHILOSOPHIA
1210 176 1415 206 MORALIS
1452 177 1702 207 SPECIALIS.

279 309 367 359 EX
407 309 596 377 triplici
638 311 770 362 falso
801 312 1150 363 fundamento
1179 315 1247 364 ad
1289 313 1427 365 hanc
1456 317 1775 367 sententiam
1802 326 2118 384 perventum

205 400 311 453 est,
370 399 427 442 ut
478 393 582 443 iam
635 412 795 461 supra
850 396 918 459 (n.
969 397 1093 461 509)
1136 397 1499 462 exposuimus.
1582 398 1795 450 Praeter
1835 417 1924 462 ea,
1980 418 2119 467 quae

204 474 404 524 ibidem
457 485 643 526 contra
692 477 829 528 hanc
870 479 1189 528 sententiam
1231 480 1373 530 dicta
1412 489 1560 543 sunt,
1618 483 1900 548 provocari
1939 493 2120 549 potest

203 557 273 606 ad
315 559 724 624 experientiam,
769 577 908 626 quae
949 561 1060 610 eius
1101 561 1384 612 falsitatem
1425 563 1494 613 ad
1537 563 1726 614 oculos
1767 565 2114 618 demonstrat.

202 639 417 689 Nemini
468 642 608 691 enim
661 643 886 692 cordato
941 643 1163 693 dubium
1216 662 1332 695 esse
1384 652 1566 711 potest
1605 655 1804 697 statum
1843 649 2117 700 societatis

202 721 522 773 hodiernum
572 724 761 774 saltem
815 743 884 775 ex
936 735 1087 792 parte
1138 727 1325 777 deberi
1365 727 1656 779 illimitatae
1697 732 2113 794 concurrentiae,

200 804 252 854 in
294 823 399 871 qua
441 806 726 858 debiliores
767 809 1068 859 necessario
1111 809 1367 876 paulatim
1407 811 1780 863 succumbunt.
1850 812 1990 864 Hinc
2017 814 2119 881 ipsi

200 888 434 938 asseclae
490 888 795 941 liberalismi
850 891 951 941 iam
1011 893 1209 958 passim
1261 894 1430 944 varias
1479 893 1820 946 limitationes
1861 895 2117 948 libertatis

197 969 534 1022 individualis
574 973 626 1022 in
668 991 722 1024 re
763 976 1114 1026 oeconomica
1154 985 1480 1043 proponunt.

275 1064 321 1117 7.
367 1052 574 1105 Omnes
617 1057 738 1118 fere,
784 1075 923 1123 quos
963 1058 1243 1124 hucusque
1278 1060 1834 1121 commemoravimus,
1876 1062 1929 1111 in
1958 1079 2114 1128 quae-

197 1135 369 1186 stione
405 1138 586 1188 sociali
626 1139 887 1190 solvenda
927 1141 995 1190 ab
1036 1141 1236 1190 auxilio
1278 1141 1554 1193 Ecclesiae
1595 1151 1647 1192 et
1688 1143 1958 1210 religionis
1998 1145 2114 1195 abs-

196 1218 413 1269 trahunt
459 1220 542 1271 vel
599 1221 727 1272 illud
785 1224 1003 1273 omnino
1062 1225 1297 1274 reiciunt.
1380 1225 1445 1274 Iis
1503 1233 1853 1291 opponuntur
1893 1227 2112 1293 quidam

198 1301 471 1364 catholici,
517 1305 637 1370 quia
686 1306 913 1355 eandem
956 1307 1326 1372 quaestionem
1367 1309 1522 1358 unice
1564 1307 1672 1357 fere
1714 1307 1891 1358 libera
1932 1309 2115 1360 activi-

199 1391 308 1434 tate
347 1385 626 1436 Ecclesiae
657 1387 865 1437 solvere
909 1389 1142 1454 cupiunt.
1214 1387 1523 1439 Secundum
1564 1390 1664 1440 hos
1692 1399 1940 1441 auctores
1967 1400 2114 1458 pote-

195 1468 344 1517 statis
400 1468 649 1534 politicae
707 1488 898 1520 munus
954 1470 1286 1521 exclusivum
1347 1481 1453 1522 est:
1516 1474 1648 1523 tueri
1699 1473 1811 1523 iura
1853 1475 2108 1535 omnium,

196 1550 354 1599 etiarn
397 1550 693 1614 Ecclesiae;
750 1552 991 1603 Ecclesia
1044 1554 1166 1603 dein
1222 1572 1316 1604 sua
1369 1555 1533 1605 libera
1585 1556 1855 1606 activitate
1897 1556 2109 1621 (educa-

195 1632 363 1694 tione,
408 1635 659 1700 operibus
701 1636 954 1697 caritatis,
998 1637 1438 1687 associationibus
1480 1638 1738 1704 religiosis
1779 1639 1903 1703 etc.)
1945 1639 2109 1689 socie-

195 1723 357 1765 tatem
411 1717 462 1766 in
516 1717 788 1767 meliorem
841 1728 1039 1768 statum
1089 1720 1323 1770 reducet.
1407 1720 1558 1770 Haec
1601 1721 1782 1787 opinio
1823 1721 1875 1770 in
1915 1720 2104 1788 Belgio

197 1806 250 1848 et
292 1797 463 1848 Gallia
503 1817 609 1849 non
651 1817 855 1867 paucos
896 1801 1060 1851 habet
1103 1802 1350 1852 fautores.

270 1879 379 1931 Sed
439 1883 484 1946 Ι)
536 1882 725 1932 falsum
778 1893 858 1934 est
910 1885 1239 1935 auctoritatis
1295 1885 1545 1952 politicae
1597 1886 1812 1936 unicum
1867 1885 2105 1936 officium

194 1980 310 2014 esse
362 1966 495 2014 tueri
548 1966 791 2016 ordinem
838 1967 1115 2017 iuridicum
1158 1969 1225 2031 (n.
1277 1969 1416 2033 510).
1501 1969 1552 2033 2)
1596 1966 1984 2033 Quaestionem
2025 1986 2105 2019 so-

196 2045 382 2096 cialem
424 2048 491 2097 ab
521 2048 762 2098 Ecclesia
802 2049 916 2099 sola
956 2049 1089 2099 solvi
1118 2068 1225 2100 non
1255 2068 1414 2116 posse
1442 2050 1524 2100 vel
1555 2068 1624 2100 ex
1653 2067 1717 2099 eo
1748 2058 1910 2116 patet,
1955 2052 2104 2117 quod

193 2129 245 2178 in
274 2129 449 2180 multis
478 2131 785 2196 regionibus
814 2149 922 2181 non
951 2132 1124 2182 solum
1154 2132 1477 2194 acatholicis,
1516 2133 1613 2183 sed
1642 2133 1801 2182 etiam
1830 2132 2106 2184 catholicis

198 2211 408 2278 plurimi
450 2213 694 2263 homines
734 2214 876 2280 iique
917 2214 1235 2282 plerumque
1278 2217 1519 2266 ditissimi
1560 2224 1613 2266 et
1655 2215 2010 2282 potentissimi
2050 2233 2108 2265 se

193 2295 302 2344 eius
343 2296 594 2347 activitati
637 2306 935 2363 opponunt,
981 2314 1098 2348 eam
1134 2299 1434 2364 impediunt
1461 2298 1545 2348 vel
1573 2297 1763 2348 saltem
1791 2297 2100 2364 neglegunt.

193 2377 361 2443 Igitur
402 2396 588 2428 omnes
631 2388 853 2430 conatus
882 2380 1155 2431 Ecclesiae
1194 2382 1246 2430 in
1287 2381 1626 2431 reformanda
1666 2381 1923 2431 societate
1952 2389 2105 2430 erunt

193 2477 389 2526 magna
428 2479 497 2510 ex
532 2471 681 2527 parte
709 2463 906 2524 inanes,
951 2463 1047 2512 nisi
1076 2464 1143 2513 ab
1173 2465 1490 2514 auctoritate
1518 2463 1732 2530 publica
1759 2463 1867 2513 suis
1894 2462 2105 2529 legibus

193 2542 473 2593 foveantur
525 2553 578 2594 et
629 2555 1061 2610 promoveantur.
1146 2546 1206 2595 Id
1259 2545 1417 2612 plane
1470 2546 1688 2596 evidens
1740 2545 1823 2607 fit,
1881 2546 1925 2594 si
1975 2562 2103 2611 prae

194 2625 360 2675 oculis
384 2626 643 2677 habeatur
665 2629 1036 2694 quaestionem
1058 2629 1310 2678 socialem
1334 2629 1534 2678 directe
1557 2645 1673 2678 esse
1696 2628 2103 2677 oeconomicam

192 2716 245 2758 et
284 2710 479 2758 versari
533 2710 670 2759 circa
723 2711 1174 2776 organisationem
1222 2711 1385 2761 totius
1425 2711 1694 2760 societatis
1737 2711 1804 2774 (n.
1854 2719 1984 2773 595,
2040 2709 2099 2774 Ι).

194 2790 245 2854 3)
289 2790 441 2841 Η300
482 2792 661 2858 opinio
703 2802 829 2858 post
869 2793 1072 2858 encycl.
1118 2793 1315 2842 Leonis
1356 2793 1483 2842 XIII
1526 2793 1593 2842 de
1635 2792 1952 2842 condicione
1994 2791 2102 2856 opi-

192 2872 353 2922 ficum
394 2890 423 2923 a
464 2875 575 2924 viro
627 2874 893 2925 catholico
935 2884 1052 2926 tuto
1095 2876 1312 2925 defendi
1352 2876 1441 2924 vix
1482 2883 1676 2941 potest.
1758 2873 1809 2924 S.
1854 2872 2102 2922 Pontifex

192 2954 333 3004 enim
385 2965 494 3006 tam
546 2957 839 3023 perspicuis
879 2959 1054 3008 verbis
1109 2958 1270 3008 docet
1322 2958 1390 3006 ad
1432 2956 1571 3007 mala
1611 2955 1828 3006 socialia
1869 2954 2103 3005 curanda

191 3038 384 3102 requiri
435 3040 594 3088 etiam
647 3040 973 3090 activitatem
1022 3040 1351 3090 auctoritatis
1393 3039 1580 3100 civilis,
1637 3047 1691 3088 et
1731 3038 1950 3104 quidem
1993 3053 2100 3086 non

191 3139 335 3172 mere
388 3122 576 3171 iurium
629 3123 1032 3188 protectricem,
1088 3131 1145 3172 ut
1197 3123 1390 3172 mirum
1439 3122 1503 3171 sit
1544 3120 1753 3187 aliquos
1793 3119 2098 3170 etiamnunc

192 3204 260 3253 de
299 3204 400 3254 hac
442 3222 496 3254 re
538 3204 782 3254 dubitare
825 3204 909 3269 (cf.
954 3223 1001 3254 n.
1052 3207 1189 3269 511).

268 3288 314 3336 8.
359 3285 550 3336 Restat
591 3287 820 3352 denique
860 3287 1138 3347 sententia,
1183 3304 1319 3352 quae
1359 3287 1495 3336 inter
1529 3283 1823 3335 catholicos
1864 3282 2100 3332 omnium

192 3369 463 3418 nationum
494 3368 654 3435 longe
683 3370 1032 3431 communior,
1076 3370 1239 3418 immo
1269 3368 1376 3419 fere
1405 3367 1703 3418 communis
1731 3374 1825 3428 est,
1857 3381 2099 3432 quaeque
