2182 3682
196 174 348 203 CAPUT
380 172 461 202 VII.
512 172 574 199 DE
609 170 849 199 PROPRIET.
885 168 1156 197 BONITATEM
1192 168 1249 196 ET
1284 168 1523 196 MALITIAM
1558 167 1749 203 CONSEQ.
1840 158 1934 220 183

48 309 225 376 plicite
265 306 346 357 vel
398 304 650 371 implicite
701 320 793 353 seu
843 302 1000 352 tacite
1042 317 1361 351 consensum
1402 318 1495 350 seu
1537 302 1941 366 promissionem

50 389 270 440 dederit
349 387 489 437 Nam
536 385 623 451 illa
663 383 922 453 obligatio
962 383 1189 439 iustitiae
1229 382 1611 448 praesupponit
1650 384 1943 448 praemium

51 469 484 546 (161611111113111111;
529 449 646 517 talis
686 475 865 515 autem
908 464 1279 514 determinatio
1320 481 1427 531 non
1469 463 1622 513 adest
1662 481 1730 530 ex
1759 474 1945 514 natura

48 553 146 613 rei,
169 540 284 601 56(1
318 541 489 599 debet
528 535 645 621 fieri
650 565 790 620 per
809 547 1211 621 praemiantem.
1294 521 1448 594 Hanc
1489 552 1666 594 autem
1707 555 1944 611 accepta

47 614 301 684 110116111
302 619 409 680 non
462 630 651 696 requiri
701 629 768 678 ad
825 629 1071 678 meritum
1130 620 1197 676 de
1251 643 1490 690 congruo
1544 643 1612 675 ex
1664 643 1728 675 eo
1780 635 1943 692 patet,

50 715 171 781 quia
221 713 341 762 huic
382 729 475 778 per
513 729 571 761 se
612 729 680 760 ex
720 718 870 776 parte
911 709 1250 775 praemiantis
1291 725 1397 757 non
1439 708 1730 773 respondet
1768 709 1947 758 stricte

51 797 191 846 dicta
246 793 532 860 obligatio,
592 799 644 842 et
700 793 824 858 quia
878 791 965 840 illa
1021 791 1264 840 decentia
1315 807 1408 839 5611
1461 790 1829 839 convenientia
1880 791 1947 840 ad

51 876 400 927 obtinendum
450 875 742 941 praemium
794 873 941 939 operi
975 873 1159 922 1116556
1201 880 1380 937 potest
1419 871 1841 938 independenter
1881 872 1949 922 ab

51 957 436 1024 acceptatione.

719 1059 987 1108 THESIS
1023 1059 1277 1106 XXXVI.

55 1177 126 1218 21
144 1164 199 1216 6.
279 1172 547 1220 Meritum
575 1172 725 1232 apud
753 1185 850 1218 605
876 1171 1029 1218 50105
1054 1169 1371 1231 acquiritur,
1400 1169 1602 1230 quibus
1628 1168 1770 1215 actio
1798 1182 1950 1215 emo-

51 1250 372 1296 lumentum
425 1246 610 1302 affert,
676 1247 825 1307 quod
879 1259 992 1292 non
1046 1245 1213 1291 debet
1266 1243 1607 1291 considerari
1658 1249 1951 1304 tamquam

52 1322 327 1370 restitutio
365 1321 444 1368 rei
481 1320 639 1368 alteri
674 1320 868 1367 stricto
906 1319 1027 1366 iure
1078 1333 1143 1366 ex
1192 1324 1484 1366 contractu
1535 1317 1755 1365 debitae
1808 1328 1952 1364 mer-

53 1399 190 1445 cede
226 1397 339 1444 iam
377 1402 623 1456 accepta.

129 1504 218 1557 St.
278 1503 353 1571 Q.
435 1505 531 1555 Per
588 1504 751 1554 verba
817 1505 994 1570 «quod
1053 1521 1158 1553 non
1212 1503 1375 1552 debet
1427 1511 1559 1553 etc.»
1619 1500 1955 1551 excludimus

53 1605 239 1639 omnes
280 1588 531 1647 actiones,
576 1587 766 1653 quibus
806 1586 992 1651 aliquis
1033 1603 1139 1634 non
1182 1586 1249 1635 de
1291 1602 1388 1634 suo
1432 1584 1577 1634 alteri
1618 1583 1815 1644 tribuit,
1859 1583 1954 1632 sed

53 1670 427 1721 tantummodo
481 1669 705 1718 alienum
761 1668 1011 1727 restituit,
1066 1686 1112 1717 v.
1170 1685 1218 1733 g.
1278 1667 1504 1717 redditio
1557 1666 1751 1726 mutui,
1806 1664 1957 1714 labor

54 1753 337 1820 praestitus
388 1769 484 1818 pro
535 1751 784 1801 mercede
836 1751 938 1800 iam
982 1759 1218 1816 accepta.
1301 1749 1456 1799 Aliae
1497 1757 1675 1798 autem
1717 1747 1956 1797 actiones

56 1853 125 1886 eX
164 1835 357 1885 iustitia
398 1833 610 1884 debitae
652 1833 896 1883 meritum
936 1849 1042 1882 non
1084 1832 1394 1898 impediunt.

58 1978 204 2032 217.
286 1969 450 2016 Prob.
529 1967 692 2017 Actio
735 1966 901 2016 habet
949 1965 1239 2015 «rationem
1279 1963 1449 2014 meriti
1489 1962 1571 2012 vel
1615 1962 1855 2012 demeriti
1883 1978 1956 2011 se-

54 2050 290 2101 cundum
331 2050 729 2099 retributionem
771 2049 1026 2098 iustitiae»
1068 2046 1141 2111 (S
1183 2047 1366 2096 fldem.
1413 2060 1452 2107 Ι,
1499 2059 1546 2105 2,
1590 2062 1639 2110 q.
1675 2058 1758 2104 21,
1803 2061 1850 2093 a.
1884 2044 1951 2107 3),

57 2132 138 2183 vel
182 2132 293 2182 aliis
320 2132 519 2182 verbis:
563 2131 664 2192 ille,
707 2131 852 2206 apud
895 2147 1052 2205 (1116111
1093 2130 1335 2200 meritum
1373 2087 1614 2188 habetur,
1659 2144 1728 2176 ex
1756 2126 1953 2175 iustitia

58 2213 268 2281 (saltem
319 2213 423 2263 late
475 2199 665 2276 dicta)
691 2213 759 2262 ad
813 2198 1221 2262 retributionem
1254 2197 1550 2276 obligatur.
1631 2208 1801 2274 qum
1844 2207 1961 2257 talis

59 2295 319 2369 obligatio
362 2296 480 2346 oriri
522 2313 629 2345 non
671 2284 850 2363 potest
892 2284 988 2344 nisi
1029 2295 1078 2343 in
1120 2293 1227 2354 illo,
1272 2294 1353 2343 cui
1394 2293 1510 2358 quis
1539 2291 1620 2365 de
1635 2308 1733 2359 suo
1759 2276 1963 2362 61110111-

59 2386 298 2441 111611111111
338 2377 556 2444 aliquod
597 2377 786 2427 attulit.
867 2377 952 2425 Ε]
948 2392 1022 2441 go
1060 2418 1068 2426 ,
1103 2418 1110 2425 .
1147 2418 1154 2426 .

132 2459 404 2510 Addimus
455 2468 634 2509 autem
686 2459 790 2510 hoc
843 2475 951 2508 non
989 2456 1164 2508 valere
1217 2458 1285 2507 de
1335 2457 1565 2517 actibus,
1622 2455 1709 2521 qui
1750 2454 1960 2521 proprie

60 2541 332 2608 loquendo
374 2559 483 2592 rem
526 2540 749 2591 alienam
790 2559 857 2591 ex
899 2549 1174 2591 contractu
1215 2540 1453 2590 debitam
1495 2538 1793 2598 restituunt,
1837 2553 1960 2585 nam

60 2624 111 2673 hi
152 2625 393 2675 ordinem
440 2623 796 2690 aequalitatis,
851 2641 1012 2689 quem
1066 2622 1280 2688 respicit
1332 2621 1549 2681 iustitia,
1605 2637 1712 2669 non
1764 2625 1960 2685 pertur-

60 2706 216 2768 bant,
270 2707 365 2757 sed
407 2707 584 2773 potius
625 2707 929 2767 restituunt;
986 2711 1270 2771 propterea
1323 2721 1497 2770 neque
1551 2702 1775 2768 exigunt
1823 2700 1960 2750 retri-

62 2788 352 2850 butionem,
396 2789 492 2839 nisi
531 2787 829 2854 specialiter
869 2787 1119 2837 meritorii
1160 2787 1288 2837 fiant
1329 2803 1396 2836 ex
1437 2785 1627 2846 modO,
1670 2801 1777 2850 quo
1817 2798 1962 2850 prae-

61 2878 279 2921 stantur.

69 3000 213 3054 218.
275 3001 474 3052 Cm‘oll.
503 3019 551 3053 J.
599 3002 774 3091 Actus
803 3002 1033 3065 directus
1062 3002 1112 3051 in
1143 3001 1347 3051 bonum
1374 2998 1679 3066 singularis
1695 3006 1967 3063 personae

65 3083 229 3134 habet
255 3094 498 3135 meritum
509 3094 740 3150 premar
743 3102 793 3134 κο
822 3084 966 3150 apud
996 3101 1113 3133 eam
1141 3099 1443 3150 personam,
1473 3079 1763 3130 secundm
1741 3097 1791 3128 ιο
1821 3077 1962 3144 apud

69 3173 236 3236 totam
278 3154 608 3228 506161316111,
652 3165 720 3216 ad
762 3183 925 3232 quam
969 3166 1213 3232 pertinet.
1258 3163 1506 3214 Similiter
1549 3170 1698 3212 actus
1740 3160 1966 3210 tendens

67 3248 118 3297 in
162 3232 398 3299 bonum
423 3248 638 3299 3116111115
688 3248 957 3299 5061613115
1011 3247 1176 3297 habet
1229 3247 1473 3296 meritum
1522 3243 1767 3310 primario
1821 3242 1964 3307 apud

68 3331 392 3392 societatem,
434 3330 749 3381 secundario
791 3330 933 3397 apud
979 3328 1188 3394 singula
1215 3329 1326 3379 eius
1355 3326 1609 3376 membra.
1677 3324 1837 3373 Ratio
1867 3330 1962 3384 est,
