2182 3682
549 167 697 196 CAPUT
730 167 757 195 Ι.
809 166 870 194 DE
906 165 1015 194 FINE
1049 165 1228 193 ULTIMO
1262 165 1478 195 HOMINIS.
1896 164 1958 217 35

70 302 238 352 tentio
278 301 607 365 habitualis);
650 331 722 336 —-
762 301 817 364 d)
860 300 1285 373 ζ’ζζζξςζβνζςίαζζιίς,
1327 318 1445 349 cum
1488 302 1604 366 quis
1645 301 1803 350 finem
1846 309 1965 350 actu

70 401 177 434 non
217 384 444 433 intendit
484 400 583 432 nec
624 391 781 432 antea
819 368 1153 443 intendebat]
1191 383 1284 431 sed
1316 381 1533 447 aliquod
1564 382 1836 431 obiectum
1868 382 1968 431 sibi

69 465 330 531 proponit
370 473 424 515 et
461 464 600 524 vult,
655 465 799 529 quod
842 472 1028 513 natura
1067 480 1161 512 sua
1202 464 1472 512 ordinatur
1512 463 1579 512 ad
1621 462 1766 512 illum
1807 464 1965 512 finem

74 547 317 611 (intentio
371 546 804 612 interpretativa).
849 575 920 580 ——
961 545 1094 594 Tres
1158 545 1358 610 priores
1414 544 1562 593 modi
1612 544 1866 593 tendendi
1917 546 1967 593 in

71 628 232 678 finem
291 635 516 694 possunt
570 628 750 677 vocari
807 627 1082 677 tendentia
1119 626 1427 691 formalis,
1487 626 1608 691 quia
1658 635 1969 690 supponunt

69 710 429 775 cognitionem
473 709 590 759 finis
630 710 681 758 in
721 709 838 775 ipso
868 717 1186 774 appetente;
1230 708 1362 757 haec
1403 715 1583 757 autem
1625 707 1859 772 cognitio
1901 708 1968 756 ad

66 792 395 841 tendentiam
435 792 888 858 interpretativam
942 792 1222 855 <quatenus
1278 796 1358 839 est
1408 789 1821 854 interpretativa)
1863 805 1970 837 non

66 874 356 939 requiritur.

69 1004 170 1055 31.
252 993 351 1043 His
392 993 693 1059 praemissis
732 994 821 1042 sit:

138 1082 385 1153 Agserlz‘o
427 1097 474 1132 J.
569 1082 752 1131 Homo
811 1082 863 1130 in
919 1081 1166 1131 omnibus
1225 1080 1331 1130 suis
1382 1079 1592 1129 actibus
1647 1086 1757 1128 tam
1813 1078 1968 1128 bonis

64 1153 226 1230 quam
285 1163 435 1214 malis
500 1163 689 1214 saltem
757 1163 1153 1229 interpretative
1213 1170 1464 1228 operatur
1530 1169 1750 1227 propter
1809 1160 1969 1210 finem

70 1245 314 1296 ultimum
341 1246 749 1295 indeterminate
772 1253 1044 1310 sumptum
1067 1262 1160 1294 seu
1187 1244 1575 1294 beatitudinem
1599 1243 1651 1291 in
1681 1242 1967 1292 communi.

128 1327 295 1390 Egob.
364 1326 630 1377 Voluntas
670 1327 927 1393 quidquid
969 1328 1191 1393 appetit,
1232 1326 1436 1392 appetit
1462 1325 1562 1375 sub
1592 1325 1794 1374 ratione
1822 1325 1966 1386 boni,

65 1409 187 1475 quia
226 1408 415 1459 saltem
456 1427 524 1459 ex
563 1418 714 1476 parte
756 1426 850 1475 per
889 1408 1018 1458 illud
1060 1410 1358 1474 appetitum
1399 1408 1526 1457 boni
1567 1405 1769 1472 expleri
1809 1423 1969 1472 posse

62 1500 255 1557 sperat,
297 1508 391 1541 seu
434 1492 557 1557 quia
597 1500 676 1541 est
716 1491 986 1540 incohatio
1029 1499 1082 1540 et
1122 1508 1244 1556 pars
1284 1491 1412 1540 boni
1452 1489 1686 1556 perfecte
1726 1489 1966 1549 satiativi,

66 1573 119 1622 in
161 1573 309 1638 quod
350 1573 574 1623 naturali
616 1574 975 1639 propensione
1018 1573 1191 1622 fertur.
1271 1572 1426 1637 Ergo
1471 1613 1478 1622 .

143 1676 245 1716 Obi.
279 1689 312 1716 1.
372 1669 422 1716 Si
457 1671 608 1716 homo
647 1670 814 1716 omnia
849 1671 984 1716 bona
1020 1669 1331 1730 particularia
1357 1676 1613 1730 appeteret
1636 1675 1841 1730 propter
1866 1682 1972 1729 per-

62 1743 241 1790 fectam
287 1744 671 1801 beatitudinem,
721 1759 822 1790 non
863 1752 1031 1805 posset
1070 1745 1275 1791 tendere
1313 1743 1363 1789 in
1401 1758 1483 1801 ea,
1535 1758 1661 1804 quae
1699 1743 1970 1803 perfectam

60 1817 414 1865 beatitudinem
452 1819 708 1866 evidenter
744 1819 1098 1880 impossibilem
1135 1818 1374 1876 reddunt,
1412 1835 1455 1864 v.
1495 1833 1539 1878 g.
1579 1817 1629 1863 in
1665 1816 1970 1863 annihilatio-

59 1907 188 1940 nem.
259 1893 413 1954 Atquz'
458 1901 620 1955 potest
670 1893 721 1939 in
772 1894 897 1940 haec
943 1893 1163 1940 tendere.
1235 1894 1373 1952 Erga
1420 1907 1522 1939 non
1571 1891 1737 1938 omnia
1785 1891 1973 1954 appetit

61 1975 266 2028 propter
300 1969 573 2029 perfectam
611 1968 982 2015 beatitudinem.

137 2065 288 2114 Resp.
344 2057 475 2103 Dz’st.
515 2058 656 2104 mai.:
704 2057 754 2104 Si
789 2058 939 2104 homo
989 2057 1155 2104 onmia
1191 2058 1326 2104 bona
1362 2055 1676 2117 particularia
1713 2063 1971 2116 appeteret

50 2130 335 2190 formaliter
380 2140 430 2178 et
475 2147 533 2178 ex
578 2134 630 2179 vi
661 2134 860 2194 proprii
904 2139 1032 2178 actus
1078 2147 1162 2179 seu
1211 2140 1452 2192 quatenus
1498 2131 1685 2177 habent
1728 2130 1971 2176 rationem

58 2206 199 2251 medii
219 2205 283 2252 ad
308 2205 680 2264 beatitudinem,
719 2223 823 2253 non
848 2215 1015 2269 posset
1040 2208 1246 2254 tendere
1273 2207 1321 2253 in
1350 2222 1422 2263 ea,
1463 2221 1589 2267 quae
1615 2204 1971 2252 beatitudinem

58 2278 412 2340 impossibilem
449 2280 678 2339 reddunt,
724 2297 857 2337 conc„
908 2281 947 2328 si
983 2282 1117 2328 bona
1152 2280 1466 2343 particularia
1502 2281 1659 2326 solum
1695 2281 1970 2341 iuterpreta-

58 2354 149 2400 tive
195 2354 382 2416 appetit
428 2365 634 2417 propter
681 2356 1062 2414 beatitudinem,
1113 2365 1354 2417 quatenus
1402 2356 1485 2402 scl.
1525 2355 1606 2401 illa
1653 2354 1840 2416 appetit
1881 2355 1968 2401 sub

58 2428 249 2476 ratione
285 2429 486 2476 alicuius
523 2431 657 2488 boni,
697 2431 833 2492 quod
868 2439 1043 2477 natura
1076 2446 1160 2477 sua
1186 2439 1234 2477 et
1258 2431 1304 2476 vi
1329 2430 1484 2485 innati
1509 2429 1746 2490 ponderis
1770 2438 1969 2476 nostrae

57 2503 321 2550 voluntatis
358 2505 422 2552 ad
450 2505 724 2566 perfectam
761 2505 1069 2552 satiationem
1108 2505 1352 2567 appetitus
1390 2504 1657 2561 ordinatur,
1701 2512 1968 2565 «quatenus

58 2591 254 2639 semper
301 2579 553 2626 incohatio
602 2580 804 2627 alicuius
852 2581 1107 2627 ordinatur
1154 2580 1218 2627 ad
1266 2578 1744 2626 consummationem
1786 2578 1964 2639 ipsius»

59 2646 122 2712 (1,
164 2669 212 2710 2,
265 2668 311 2713 q.
356 2670 374 2699 1
396 2692 406 2711 ,
456 2671 497 2701 a.
538 2649 601 2714 6),
640 2671 767 2714 aega.
847 2655 1134 2702 Com‘radist.
1173 2656 1283 2701 min.
1323 2663 1371 2701 et
1406 2669 1523 2701 cons.
1596 2654 1755 2700 Recte
1791 2653 1970 2699 Suarez

59 2720 106 2786 (1.
144 2742 185 2774 e.
224 2735 340 2774 sect.
380 2730 423 2785 6,
469 2744 516 2776 n.
560 2724 630 2790 2):
686 2729 1021 2790 «Intellegitur
1057 2729 1188 2777 hanc
1224 2727 1564 2776 habitudinem
1600 2727 1966 2788 particularium

21 2841 24 2845 .
56 2800 226 2848 finium
265 2817 351 2849 seu
386 2802 695 2850 obiectorum
732 2804 796 2851 ad
832 2805 980 2851 finem
1017 2804 1239 2850 ultimum
1277 2804 1536 2851 formalem
1575 2798 1965 2863 (beatitudinem)

56 2890 150 2921 non
185 2882 282 2922 tam
318 2891 410 2924 esse
444 2878 585 2924 medii
612 2878 681 2924 ad
695 2880 847 2940 finem
874 2880 1072 2941 proprie
1097 2879 1320 2940 loquendo
1358 2894 1505 2939 quam
1533 2879 1696 2939 partis
1730 2877 1799 2923 ad
1824 2883 1967 2922 totum

57 2950 327 2997 secundum
363 2951 620 2999 veritatem
667 2960 749 2999 aut
796 2953 967 3000 saltem
1015 2954 1286 3000 secundum
1335 2951 1676 3014 apparentiam
1725 2960 1773 2998 et
1808 2950 1967 2997 simili-

55 3024 324 3072 tudinem.»
400 3021 494 3087 (Cf.
533 3026 680 3073 etiam
715 3027 943 3084 Lamiam,
983 3028 1060 3075 De
1098 3042 1288 3074 summo
1325 3028 1461 3074 bono
1499 3028 1535 3083 Ι,
1578 3042 1619 3083 2,
1657 3042 1704 3073 n.
1746 3021 1807 3086 8.)

45 3121 83 3173 A,
138 3120 240 3161 Obi.
275 3133 318 3160 2.
374 3115 444 3161 Ut
479 3115 629 3162 homo
665 3116 820 3177 possit
855 3115 1077 3178 appetitu
1113 3115 1277 3163 elicito
1304 3116 1509 3163 tendere
1535 3115 1585 3161 in
1610 3112 1965 3160 beatitudinem

56 3187 342 3248 perfectam,
382 3188 532 3236 debet
567 3205 678 3237 eam
714 3190 847 3252 prius
884 3205 1205 3251 cognoscere.
1259 3191 1398 3250 Ergo
1434 3189 1473 3236 si
1502 3187 1636 3235 omni
1663 3195 1774 3234 actu
1800 3187 1964 3234 elicito

56 3261 213 3309 tendit
247 3261 297 3308 in
332 3262 690 3311 beatitudinem
725 3265 1024 3326 perfectam,
1069 3263 1166 3311 iam
1205 3275 1318 3312 ante
1354 3264 1564 3325 primum
1601 3270 1764 3308 actum
1799 3262 1966 3308 volun·

56 3334 166 3381 tatis
213 3351 324 3382 eam
372 3350 678 3398 cognoscere
726 3338 901 3397 debet,
950 3338 1002 3386 id
1039 3340 1175 3399 quod
1210 3354 1313 3386 non
1352 3338 1540 3385 videtur
1576 3335 1766 3383 admitti
1802 3350 1962 3397 posse.

1639 3415 1703 3466 32
