2182 3682
98 134 197 162 CAP.
223 134 290 162 111.
333 133 396 161 DE
431 132 670 160 BONITATE
703 131 762 158 ET
797 129 998 159 MALITIA
1024 130 1207 158 MORALI
1233 131 1431 160 ACTUUM
1456 133 1783 166 HUMANORUM.
1849 135 1945 185 103

52 276 100 315 et
135 266 444 314 essentialem
493 281 553 312 ex
588 266 811 324 obiecto,
861 282 1006 322 conc„
1057 265 1223 325 quoad
1258 266 1565 313 honestatem
1602 269 1680 314 vel
1717 268 1951 314 malitiam

52 341 374 388 extrinsecam
424 336 532 400 (per
577 341 732 387 solam
769 340 1225 387 denominationem
1266 355 1293 384 a
1330 341 1425 386 fine
1463 337 1772 401 extrinseco),
1822 358 1948 401 nego.

53 417 204 462 Actus
240 414 509 461 secundum
547 429 680 460 suam
719 414 1036 461 substantiam
1074 421 1241 460 causat
1270 413 1504 470 habitum,
1542 430 1645 460 non
1682 416 1952 462 secundum

53 487 497 545 denominationes,
539 503 663 548 quae
702 489 746 534 ei
782 488 1083 535 extrinsecus
1121 487 1436 534 conveniunt.

133 584 234 624 Obi.
271 586 308 623 6.
367 576 606 623 Omittere
644 592 766 637 opus
803 577 989 623 bonum
1026 591 1128 622 non
1164 584 1485 637 praeceptum
1522 577 1599 622 vel
1638 576 1783 622 etiam
1821 578 1953 624 idem

54 651 259 713 positive
295 651 428 696 nolle
458 665 622 710 neque
648 651 835 697 bonum
861 660 933 698 est
956 665 1121 711 neque
1147 651 1343 697 malum.
1393 650 1531 709 Ergo
1556 659 1626 697 est
1651 650 1952 699 indifferens.

131 748 280 796 Resp.
337 739 467 785 Dist.
496 744 670 785 antea:
705 739 881 799 Neque
913 734 1209 785 bonum‘est
1244 754 1409 798 neque
1446 739 1626 784 malum
1664 754 1723 785 ex
1759 739 1955 786 obiecto

31 829 139 860 -seu
174 813 224 859 in
260 829 345 860 sua
381 813 572 873 specie,
622 828 767 869 cena,
818 828 877 859 ex
915 815 1011 859 fine
1060 813 1360 870 extrinseco,
1412 828 1471 859 ex
1507 828 1605 873 quo
1641 813 1723 859 illa
1759 813 1957 860 omissio

52 889 129 935 vel
165 887 337 933 nolitio
374 886 614 948 procedit,
653 903 778 946 flego.
853 887 990 945 AVego
1028 903 1144 933 cons.

136 983 237 1023 Obi.
273 993 311 1034 7.
379 977 652 1037 Praecepta
698 975 987 1022 affirmativa
1031 991 1133 1022 non
1172 976 1394 1036 obligant
1430 975 1492 1022 ad
1531 991 1739 1036 semper.
1811 975 1963 1036 Atqui

53 1059 374 1112 praeceptum
420 1050 668 1097 referendi
717 1059 878 1097 actum
922 1050 972 1096 in
1008 1051 1158 1097 finem
1194 1051 1455 1097 honestum
1493 1060 1564 1097 est
1601 1050 1955 1096 affirmativum.

55 1125 193 1185 Ergo
227 1141 330 1171 non
368 1125 553 1185 obligat
589 1126 652 1171 ad
690 1141 899 1186 semper.

133 1223 283 1271 Resp.
358 1214 491 1261 Cone.
529 1215 637 1260 mai.
710 1215 840 1260 Dz'st.
879 1215 1021 1260 mita:
1068 1214 1154 1259 Est
1190 1213 1557 1270 affirmativum,
1601 1213 1639 1259 si
1676 1214 1779 1259 sola
1816 1215 1961 1274 respi—

56 1289 179 1336 citur
214 1289 395 1346 forma,
437 1305 533 1350 qua
569 1289 869 1346 enuntiatur,
909 1304 1053 1342 calla,
1100 1289 1138 1334 si
1176 1303 1344 1334 sensus
1381 1288 1482 1334 eius
1520 1290 1666 1349 plene
1705 1288 1959 1345 evolvitur,

57 1379 182 1423 nego.
248 1365 570 1424 Praeceptum
608 1378 804 1424 semper
839 1363 1020 1423 agendi
1057 1378 1116 1409 ex
1152 1365 1248 1408 fine
1285 1362 1493 1409 honesto
1531 1363 1765 1423 explicari
1802 1372 1964 1423 potest

55 1438 151 1485 hoc
199 1446 471 1499 praecepto
520 1437 870 1484 condicionato
919 1446 966 1484 et
1014 1437 1269 1498 negativo:
1320 1436 1357 1484 si
1406 1437 1676 1484 deliberate
1722 1437 1849 1498 agis,
1899 1452 1961 1484 ne

56 1529 172 1574 agas
209 1512 365 1560 otiose
402 1513 478 1558 vel
515 1511 930 1559 irrationabiliter.

248 1662 275 1717 ξ
308 1677 347 1714 4.
398 1667 477 1705 DE
511 1666 810 1705 BONITATE
843 1666 917 1704 ET
951 1667 1198 1704 MALITIA
1232 1666 1497 1703 FORMALI
1531 1666 1771 1704 ACTL’UM

811 1733 1214 1772 EXTERIORUM.

796 1843 1064 1892 THESIS
1101 1845 1220 1891 XX.

72 1953 94 1990 1
117 1952 212 2004 17·
306 1950 484 1996 Actus
549 1949 786 1996 exterior
848 1949 1159 1997 bonitatem
1219 1955 1274 1995 et
1334 1948 1604 1996 malitiam
1666 1948 1965 1995 formalem

63 2024 250 2071 solum
289 2024 459 2070 habet
494 2038 598 2084 per
633 2023 1157 2071 denominationem
1197 2023 1568 2070 extrinsecam
1608 2024 1675 2069 ab
1715 2028 1841 2069 actu
1887 2021 1966 2068 in-

62 2098 293 2154 teriore;
333 2105 677 2159 quapropter
713 2105 872 2145 actus
910 2098 1147 2146 exterior
1179 2111 1367 2172 ἓξὲξ-ξε
1395 2097 1532 2144 nihil
1558 2099 1628 2144 ad
1654 2096 1966 2144 bonitatem

63 2173 154 2219 vel
192 2172 464 2219 malitiam
503 2179 663 2220 actus
699 2173 980 2220 interioris
1017 2173 1186 2220 addit.

364 2267 426 2321 (S.
469 2270 609 2309 Tsmm.
649 2280 682 2317 1,
720 2280 756 2317 2,
793 2284 830 2321 q.
869 2280 947 2315 203
983 2270 1029 2307 In
1066 2280 1102 2317 2,
1140 2269 1233 2308 dist.
1268 2280 1337 2317 40,
1375 2284 1414 2320 q.
1456 2280 1488 2316 1,
1524 2282 1559 2307 a.
1597 2266 1658 2319 3.)

142 2368 231 2421 St.
288 2369 364 2437 Q.
447 2371 591 2438 Quid
644 2373 707 2421 sit
759 2381 910 2421 actus
962 2371 1218 2432 exterior,
1275 2372 1402 2436 quid
1456 2372 1666 2421 bonitas
1720 2369 1967 2430 formalis,

64 2470 223 2518 supra
263 2470 311 2503 n.
356 2454 426 2517 96
468 2463 519 2503 et
560 2471 607 2503 n.
654 2454 740 2514 66,
786 2467 813 2502 2
860 2452 1189 2519 explicatum
1230 2462 1324 2502 est.

142 2551 306 2598 Prob.
348 2565 388 2598 1.
476 2549 568 2600 Ille
622 2548 766 2600 solus
817 2558 968 2600 actus
1010 2548 1300 2599 formaliter
1341 2557 1394 2599 et
1435 2550 1638 2599 ratione
1678 2549 1757 2598 sui
1797 2549 1971 2598 bonus

69 2639 163 2692 est,
208 2632 296 2696 Qui
337 2621 625 2681 formaliter
666 2640 718 2681 et
757 2632 1038 2681 intrinsece
1081 2632 1251 2681 tendit
1290 2632 1342 2680 in
1383 2632 1655 2681 obiectum
1685 2630 1972 2680 honestum

67 2713 166 2762 sub
208 2714 411 2763 ratione
452 2713 688 2776 honesti;
732 2713 836 2763 hoc
878 2723 957 2763 est
986 2714 1140 2775 enim,
1186 2714 1331 2779 quod
1362 2715 1564 2763 ratione
1592 2713 1670 2762 sui
1700 2713 1972 2762 hominem

68 2795 269 2844 bonum
321 2805 374 2846 et
426 2803 630 2845 rectum
682 2796 820 2845 facit.
901 2796 1073 2861 Alqus'
1121 2796 1226 2846 hoc
1267 2795 1407 2845 valet
1461 2796 1528 2844 de
1579 2794 1695 2844 solo
1737 2804 1859 2844 actu
1901 2795 1973 2843 in-

69 2877 285 2939 teriore;
342 2877 410 2927 de
461 2879 724 2927 exteriore
774 2895 901 2927 vero
954 2886 1162 2927 tantum
1215 2895 1309 2943 per
1362 2877 1852 2926 denominationem
1904 2877 1972 2925 ab

69 2967 192 3008 actu
250 2959 498 3009 interiore
552 2959 855 3009 voluntatis.
938 2959 1091 3024 Ergo
1137 3002 1142 3008 .
1192 3002 1198 3008 .
1248 3003 1253 3008 .
1337 2959 1476 3009 Hinc
1531 2967 1682 3008 actus
1738 2958 1971 3007 exterior

69 3056 163 3104 per
211 3057 269 3090 se
319 3040 518 3091 nullam
558 3059 753 3090 novam
795 3042 1094 3091 bonitatem
1136 3040 1413 3091 formalem
1454 3036 1632 3101 addit;
1690 3056 1813 3088 nam
1862 3057 1971 3088 non
2018 3049 2022 3052 ’

70 3121 232 3171 habet
297 3121 453 3172 aliam
518 3123 817 3172 bonitatem
879 3132 931 3172 et
990 3123 1273 3184 malitiam,
1344 3140 1504 3188 quarn
1545 3138 1699 3187 quae
1759 3122 1863 3170 iam
1921 3122 1972 3170 in

70 3211 190 3252 actu
244 3204 532 3254 voluntatis
586 3205 753 3255 adest.
844 3205 991 3254 Idem
1051 3212 1428 3270 argumentum
1477 3203 1736 3283 applicari
1791 3211 1973 3268 potest

75 3284 142 3333 ad
183 3293 362 3340 actum
402 3286 616 3337 malum.
