2182 3682
553 167 704 196 CAPUT
738 168 765 196 1.
817 168 878 196 DE
913 168 1024 196 FINE
1058 168 1239 197 ULTIMO
1274 169 1490 199 HOMINIS.
1905 175 1970 225 23

77 305 128 354 in
181 311 376 354 statum
431 304 670 352 miseriae
722 312 774 352 et
815 305 1025 366 mortis;
1080 322 1186 353 non
1230 312 1329 364 2⁰⁰³,
1385 321 1507 354 nam
1549 323 1743 372 corpus
1784 317 1973 375 utpote

78 404 147 435 ex
198 385 471 435 elementis
524 385 884 449 compositum
935 392 1122 434 natura
1160 403 1256 435 sua
1298 394 1377 435 est
1418 389 1784 453 corruptibile,
1843 408 1972 457 ergo

76 485 183 517 non
225 467 449 516 debetur
488 467 535 515 ei
574 466 900 530 incorruptio
941 476 1150 516 servato
1193 468 1378 517 ordine
1420 485 1562 517 mere
1603 471 1838 521 naturali.

153 548 400 615 Ceterum
452 549 550 597 etsi
601 548 888 597 necessitas
941 550 1336 598 resurrectionis
1378 566 1662 615 corporum
1705 552 1772 600 ad
1814 553 1973 603 beati-

75 631 313 680 tudinem
362 616 476 679 sol‘a
528 622 730 679 ratione
784 637 929 679 certo
982 630 1197 695 probari
1249 648 1356 680 non
1397 632 1591 697 possit,
1647 650 1755 682 non
1796 643 1975 684 tamen

75 728 334 776 negamus
389 729 506 760 eam
558 711 717 760 etiam
768 711 819 760 in
877 712 1061 761 ordine
1113 711 1336 761 naturali
1386 711 1542 762 valde
1595 722 1705 763 tum
1759 725 1974 766 naturae

74 793 337 842 humanae
364 802 478 842 tum
507 793 714 842 divinae
742 793 967 842 bonitati
995 810 1111 842 esse
1140 802 1574 852 consentaneam,
1605 796 1770 846 immo
1798 797 1974 847 multis

74 876 363 924 rationibus
393 876 639 941 congruis
679 875 889 924 suaderi
929 873 1002 938 (S.
1059 875 1270 937 Tllom„
1315 875 1370 926 C.
1416 884 1560 941 gent.
1605 876 1634 926 l.
1678 892 1728 940 4,
1774 896 1817 928 c.
1865 881 1969 943 79).

158 986 258 1026 Obi.
293 1000 326 1026 ι.
387 980 646 1041 Beatitudo
684 989 755 1026 est
792 989 939 1026 status
978 979 1153 1040 quietis
1191 980 1239 1026 in
1266 980 1577 1041 possessione
1611 982 1730 1028 boni
1754 984 1976 1044 perfecti.

72 1053 224 1114 Atqui
256 1053 363 1100 talis
400 1063 548 1101 status
586 1054 760 1113 quietis
797 1054 848 1099 in
885 1054 1195 1115 possessione
1233 1055 1328 1101 Dei
1364 1055 1680 1117 impossibilis
1717 1066 1814 1117 est3
1860 1074 1977 1104 narn

72 1143 383 1188 quocumque
421 1129 576 1189 gradu
613 1128 935 1189 possessionis
966 1129 1059 1175 Dei
1099 1129 1281 1189 adepto
1319 1129 1592 1177 intellectus
1630 1131 1792 1178 adhuc
1828 1133 1978 1180 habet

71 1202 394 1264 capacitatem
430 1203 645 1250 melioris
670 1202 1007 1264 possessionis,
1048 1203 1161 1264 quia
1188 1203 1236 1250 in
1262 1203 1570 1251 indefinitum
1597 1221 1793 1267 semper
1818 1208 1974 1268 magis

74 1277 392 1338 perfectibilis
429 1286 513 1324 est.
585 1278 757 1337 Erga.
792 1315 798 1322 .
831 1315 838 1323 .

148 1383 298 1431 Resp.
362 1374 494 1421 Cone.
544 1376 652 1421 mai.
713 1374 852 1433 sVego
899 1376 1007 1420 min.
1069 1375 1155 1421 Ad
1194 1376 1423 1422 fusionem
1471 1377 1616 1423 addit.
1660 1378 1762 1423 dist.
1783 1396 1797 1424 .·
1847 1379 1980 1438 Quo-

71 1463 282 1509 cumque
334 1448 489 1508 gradu
541 1448 864 1509 possessionis
916 1449 1011 1495 Dei
1064 1449 1246 1510 adepto
1298 1443 1585 1497 intellectus*
1628 1452 1777 1498 habet
1837 1469 1979 1514 capa-

70 1522 264 1586 citatem
292 1530 556 1568 ·remotam
608 1523 823 1568 melioris
874 1524 1223 1583 possessionis,
1284 1540 1430 1580 coma,
1491 1525 1792 1586 proximam,
1847 1542 1975 1587 nego.

69 1583 311 1658 Aia-posite
347 1596 527 1642 Suarcz
568 1592 664 1656 (De
713 1597 882 1643 ultimo
930 1598 1027 1644 fine
1074 1598 1206 1644 hom.
1247 1598 1370 1659 disp.
1417 1616 1500 1657 10,
1552 1609 1667 1647 sect.
1708 1616 1763 1659 3,
1814 1617 1861 1648 n.
1903 1597 1975 1662 4):

75 1672 289 1729 «Licet»,
338 1670 519 1731 inquit,
576 1671 873 1717 «secundum
923 1681 1164 1718 remotam
1203 1672 1528 1734 capacitatem
1568 1675 1772 1734 quilibet
1808 1676 1979 1722 beatus

69 1746 128 1793 sit
175 1762 331 1806 capax
379 1744 578 1791 maioris
618 1745 963 1806 perfectionis,
1015 1755 1181 1793 tamen
1219 1748 1492 1794 secundum
1529 1749 1804 1810 proximam
1840 1766 1981 1797 unus-

71 1819 276 1881 quisque
324 1820 498 1876 habet,
549 1829 784 1880 quantum
832 1821 1016 1868 habere
1056 1830 1215 1882 potest
1254 1831 1590 1884 quantumque
1629 1824 1719 1870 sibi
1757 1824 1978 1882 debetur,

69 1904 116 1942 et
150 1895 265 1941 ideo
302 1894 421 1940 nihil
459 1894 666 1956 amplius
704 1895 964 1951 desiderat,
1005 1897 1293 1957 praesertim
1333 1913 1445 1943 cum
1473 1897 1653 1944 habeat
1678 1900 1980 1946 voluntatem

67 1984 202 2016 suam
256 1968 459 2015 omnino
513 1970 824 2016 conformem
876 1969 1072 2017 divinae
1119 1971 1355 2017 voluntati
1405 1981 1451 2018 et
1498 1971 1663 2019 videat
1710 1974 1980 2020 secundum

68 2043 287 2090 divinam
346 2043 711 2091 ordinationem
765 2052 813 2091 et
872 2043 1067 2091 divinae
1127 2046 1470 2106 providentiae
1530 2047 1773 2095 rationem
1832 2050 1980 2095 talem

66 2117 381 2165 beatitudinis
429 2118 635 2179 gradum
685 2118 775 2166 sibi
824 2133 929 2166 esse
978 2120 1319 2167 destinatum.»
1361 2147 1424 2151 —
1463 2121 1705 2168 Nimirum
1747 2122 1893 2169 etiam
1931 2123 1980 2170 in

67 2193 242 2240 ordine
279 2193 488 2239 naturali
524 2194 587 2239 ad
624 2193 979 2254 acquirendam
1007 2195 1102 2241 Dei
1128 2195 1464 2256 cognitionem
1493 2197 1839 2244 abstractivam
1865 2213 1980 2245 vere

67 2269 298 2315 beantem
349 2264 710 2329 (clarissimam,
765 2269 1111 2327 certissimam,
1167 2271 1300 2317 nullo
1351 2286 1516 2318 errore
1566 2272 1860 2329 admixtam,
1913 2273 1981 2319 in-

67 2342 403 2390 defectibilem
446 2338 557 2403 etc.)
607 2343 758 2389 homo
807 2343 1053 2405 indigeret
1099 2346 1290 2406 speciali
1334 2347 1492 2406 aliquo
1539 2362 1759 2393 concursu
1806 2349 1978 2403 divino,

66 2417 150 2478 qui
197 2427 390 2475 tamen,
439 2425 609 2478 utpote
658 2434 686 2464 a
731 2427 906 2465 natura
947 2420 1239 2479 postulatus,
1289 2420 1520 2466 naturalis
1558 2420 1798 2468 dicendus
1836 2431 1977 2469 esset.

67 2491 166 2538 Hic
214 2507 480 2539 concursus
530 2492 748 2539 diversus
797 2502 924 2540 esset
959 2520 1023 2523 --
1061 2493 1110 2539 id
1158 2495 1290 2541 enim
1331 2495 1520 2541 sanctio
1559 2496 1745 2543 ordinis
1782 2497 1979 2544 moralis

68 2566 286 2627 exigeret
332 2582 360 2612 a
400 2566 566 2613 divina
603 2567 938 2628 providentia,
988 2577 1040 2615 ut
1076 2568 1202 2615 infra
1239 2577 1513 2629 exponetur
1549 2595 1610 2600 -
1648 2586 1740 2632 pro
1777 2571 1979 2618 diversi-

66 2648 163 2687 tate
212 2641 499 2687 meritorum
548 2651 595 2688 et
643 2642 876 2702 cuiusque
924 2643 1201 2704 proximam
1242 2645 1570 2705 capacitatem
1611 2645 1976 2692 determinaret.

67 2715 180 2761 Hac
229 2716 423 2776 expleta
470 2716 678 2777 quilibet
725 2718 946 2777 perfecte
995 2717 1166 2764 beatus
1207 2727 1357 2776 esset,
1410 2735 1521 2765 cum
1559 2719 1705 2767 sciret
1740 2721 1979 2767 maiorem

67 2789 422 2836 beatitudinem
459 2790 552 2837 sibi
588 2806 683 2838 nec
721 2791 936 2838 debitam
975 2807 1070 2839 nec
1107 2794 1392 2854 possibilem
1430 2809 1550 2852 esse,
1595 2803 1641 2841 et
1678 2797 1978 2841 voluntatem

68 2864 276 2910 haberet
311 2865 549 2912 voluntati
586 2865 786 2913 divinae
824 2867 1106 2914 necessario
1143 2868 1290 2929 plane
1329 2869 1654 2916 conformem.

147 2967 249 3007 Obi.
284 2980 327 3008 2.
412 2962 460 3019 Si
508 2963 643 3009 Deus
692 2971 819 3010 esset
867 2963 1116 3010 obiectum
1164 2963 1480 3012 beatitudinis
1527 2966 1799 3021 humanae,
1851 2973 1978 3011 esset

67 3034 309 3093 medium,
361 3051 458 3096 quo
507 3037 657 3083 homo
705 3046 921 3085 uteretur
969 3038 1032 3084 ad
1069 3053 1120 3084 se
1157 3039 1421 3086 beandum.
1494 3039 1647 3100 Atqui
1679 3040 1774 3084 hoc
1812 3048 1976 3086 rectae

66 3107 244 3155 rationi
290 3119 547 3172 repugnat.
619 3112 757 3171 Ergo
794 3114 928 3159 Deus
977 3128 1078 3159 non
1127 3121 1199 3159 est
1247 3113 1495 3160 obiectum
1544 3112 1859 3160 beatitudinis
1895 3113 1976 3159 hu-

69 3199 261 3234 manae.

145 3273 295 3323 Resp.
364 3265 503 3326 Nego
539 3269 646 3313 mai.
665 3284 679 3313 .·
725 3267 947 3315 Medium
997 3276 1092 3323 est,
1143 3268 1279 3329 quod
1314 3284 1419 3315 non
1456 3276 1659 3330 propter
1695 3283 1832 3315 suam
1867 3284 1977 3329 pro-

66 3337 226 3399 priam
261 3339 533 3387 bonitatem
571 3342 844 3401 quaeritur,
888 3342 976 3388 sed
1013 3343 1169 3389 solum
1209 3352 1446 3403 quatenus
1484 3342 1599 3389 utile
1637 3351 1707 3389 est
1744 3342 1808 3389 ad
1844 3342 1975 3389 aliud
