2182 3682
210 159 275 208 32
614 154 728 183 PARS
763 155 792 184 1.
842 154 1159 184 PHILOSOPHIA
1193 154 1398 183 MORALIS
1433 154 1716 184 GENERALIS.

208 290 373 340 malas
412 290 728 340 affectiones
769 299 824 340 et
851 291 1199 357 cupiditates;
1245 291 1293 356 c)
1335 307 1404 340 ex
1432 300 1583 357 parte
1613 291 1852 356 corporis
1893 298 2115 357 propter

207 371 527 438 multiplices
567 372 914 433 infirmitateS,
958 373 1319 433 necessitateS‚
1363 371 1614 438 pericula,
1657 372 1878 422 morbos
1919 381 2018 422 ete.

281 455 350 504 ad
393 468 439 505 2.
521 454 647 504 Non
698 472 858 504 omne
911 455 1234 507 desiderium
1285 453 1491 520 impleri
1544 463 1751 520 potest:
1805 455 1856 520 a)
1897 462 2118 521 propter

204 536 696 603 imperfectionem,
753 553 860 602 qua
912 537 1294 602 cognoscimus
1335 536 1514 586 Deum
1558 546 1612 586 et
1665 554 1747 587 res
1786 536 2114 603 spirituales3

177 681 189 683 «
206 619 281 686 b>
288 628 526 686 propter
564 618 966 668 instabilitatem
1007 620 1275 669 bonorum
1317 618 1457 668 vitae
1509 620 1816 684 praesentis,
1897 618 2118 671 Natura—

206 700 324 751 liter
365 702 504 750 enim
547 700 915 751 desideramus
955 701 1382 767 permanentiam
1425 701 1719 762 bonorum,
1776 718 1915 768 quae
1955 702 2119 767 possi—

208 783 410 833 demus.
491 783 643 833 Bona
698 791 877 834 autem
933 783 1090 833 huius
1143 783 1284 833 vitae
1336 789 1462 832 sunt
1513 783 1780 833 instabilia
1820 792 1874 833 et
1926 782 2118 834 saltem

212 883 310 932 per
351 874 583 915 mortem
624 866 781 916 nobis
821 865 1146 916 auferuntur.

213 1001 314 1055 26.
437 1003 637 1055 Coroll.
707 1005 854 1071 Ergo
884 1006 1050 1056 homo
1079 1007 1467 1056 beatitudinem
1497 1015 1645 1056 certo
1674 1006 1774 1056 sibi
1802 1007 2121 1074 promissam

210 1086 431 1137 debebit
472 1088 714 1138 obtinere
743 1076 1014 1154 possein
1034 1089 1143 1139 vita
1171 1096 1296 1155 post
1324 1097 1553 1139 mortem
1579 1090 1782 1154 futura
1824 1107 1989 1156 eaque
2029 1090 2122 1139 2'712-

211 1169 463 1231 mortali,
519 1171 640 1236 quia
695 1188 850 1221 secus
898 1172 1084 1221 iterum
1127 1188 1158 1221 a
1199 1171 1517 1221 condicione
1569 1189 1727 1221 verae
1779 1172 2124 1222 beatitudinis

211 1251 479 1302 deficeret.
567 1251 777 1303 «Omne
830 1254 971 1303 enim
1023 1253 1227 1303 habens
1278 1253 1608 1303 intellectum
1648 1253 1953 1303 naturaliter
1993 1254 2124 1304 desi-

212 1334 363 1384 derat
403 1351 519 1384 esse
571 1352 784 1401 semper
840 1336 915 1400 (et
956 1336 1173 1401 quidem
1229 1335 1482 1400 beatum).
1564 1336 1904 1386 Desiderium
1948 1344 2125 1386 autem

211 1416 450 1466 naturale
491 1434 599 1466 non
640 1425 822 1483 potest
864 1435 979 1467 esse
1020 1418 1207 1467 inane»
1255 1417 1329 1481 (S.
1383 1417 1568 1467 Tllom.
1622 1433 1676 1479 Ι,
1721 1436 1771 1484 q.
1818 1429 1918 1483 75,
1962 1435 2006 1469 a.
2051 1419 2123 1482 6).

213 1499 373 1549 Unde
422 1499 711 1549 «stabilitas
738 1501 1061 1567 sempiterna
1089 1508 1170 1550 est
1211 1501 1279 1550 de
1308 1500 1510 1550 ratione
1546 1518 1702 1550 verae
1745 1501 2118 1551 beatitudinis»

214 1583 283 1645 (Ι,
328 1598 377 1647 q.
424 1581 520 1643 64,
576 1599 620 1632 a.
668 1583 734 1647 2).
817 1583 979 1633 Porro
1033 1582 1312 1633 beatitudo
1369 1600 1477 1632 non
1519 1583 1692 1632 solum
1733 1584 1998 1634 obiective
2039 1584 2127 1633 de-

213 1664 362 1713 bebit
403 1681 519 1713 esse
560 1673 836 1731 perpetua,
880 1666 975 1715 sed
1018 1666 1177 1715 etiam
1218 1665 1527 1727 subiectis-e,
1570 1666 1599 1716 i.
1645 1683 1688 1716 e.
1733 1667 1972 1716 eiusdem
2014 1683 2125 1732 per-

214 1746 445 1812 petuitas
487 1756 634 1796 certo
678 1747 898 1797 debebit
940 1749 1223 1813 cognosci,
1279 1747 1511 1814 alioquin
1564 1765 1671 1798 non
1725 1765 1886 1798 omne
1926 1747 2126 1798 malum

215 1837 356 1878 esset
407 1828 699 1880 exclusum.
781 1830 1025 1880 Maneret
1076 1831 1215 1880 enim
1269 1831 1426 1880 timor
1476 1829 1559 1879 vel
1612 1831 1934 1881 incertitudo
1987 1832 2126 1881 circa

215 1911 638 1976 permanentiam
679 1913 1023 1962 beatitudinis
1066 1915 1146 1975 (1,
1193 1927 1254 1974 2,
1299 1931 1349 1979 q.
1399 1923 1454 1977 5,
1499 1930 1542 1963 a.
1585 1927 1652 1975 43
1708 1911 1763 1962 C.
1809 1922 1952 1980 gent.
1997 1913 2028 1964 l.
2075 1927 2124 1977 3,

217 2010 260 2043 c,
305 1994 412 2059 62).

218 2130 320 2184 27·
434 2137 602 2177 PARS
633 2137 687 2175 ΙΙ.
756 2136 1064 2188 Quapropter
1095 2167 1102 2176 .
1139 2138 1470 2187 ...disponat

292 2231 396 2280 Hic
438 2231 547 2281 duo
588 2232 897 2298 probanda:
961 2247 1001 2286 1
1042 2232 1200 2282 huius
1255 2233 1395 2283 xitae
1448 2232 1607 2283 finem
1649 2249 1958 2298 supiemum
2011 2249 2127 2282 esse

217 2313 630 2379 dispositionem
671 2324 723 2364 et
763 2315 1226 2381 praeparationem
1269 2316 1337 2365 ad
1379 2315 1767 2365 beatitudinem
1818 2315 1868 2364 in
1909 2314 2016 2364 vita
2056 2315 2127 2364 fu-

220 2403 362 2458 tura3
429 2409 474 2445 2.
521 2396 657 2446 hanc
716 2398 1123 2463 dispositionem
1177 2399 1466 2448 consistere
1518 2398 1569 2447 in
1623 2406 1765 2447 recte
1818 2397 2129 2447 ordinandis

216 2465 515 2528 actionibus
556 2478 822 2542 humanis3
869 2480 1038 2546 qualis
1078 2489 1257 2530 autem
1298 2479 1431 2530 haec
1461 2480 1726 2529 ordinatio
1755 2496 1871 2529 esse
1913 2478 2124 2541 debeat,

217 2561 458 2610 nondum
500 2562 553 2610 in
593 2563 771 2627 specie
813 2562 1245 2612 determinamus.

293 2659 458 2705 Prob.
501 2665 607 2706 1⁸³¹.
672 2660 720 2724 a)
772 2659 916 2722 Finis
957 2659 1110 2708 huius
1161 2659 1300 2708 vitae
1351 2675 1409 2708 se
1460 2657 1625 2707 habet
1677 2658 1746 2707 ad
1802 2656 1964 2707 finem
2016 2655 2128 2707 ulti-

218 2757 364 2789 mum
417 2739 647 2790 hominis
699 2742 835 2791 sicut
876 2740 992 2790 finis
1043 2740 1230 2806 aliquis
1270 2741 1614 2790 intermedius
1661 2740 1730 2789 acl
1771 2739 1933 2789 finem
1971 2756 2128 2789 suum

217 2820 475 2872 ultimum.
526 2822 696 2889 Atqui
734 2824 906 2873 omnis
947 2823 1063 2873 finis
1102 2823 1447 2873 intermedius
1475 2840 1580 2889 qua
1619 2821 1737 2871 talis
1765 2830 1935 2871 totam
1975 2838 2127 2871 suam

217 2904 516 2954 bonitatem
556 2921 665 2966 seu,
711 2907 858 2971 quod
898 2906 1044 2955 idem
1073 2914 1168 2967 est,
1213 2906 1471 2956 rationem
1500 2905 1617 2954 finis
1643 2904 1926 2970 participat
1966 2921 1996 2953 a
2023 2903 2127 2953 fine

219 2985 422 3047 ultimo,
466 2987 495 3036 i.
528 3004 571 3036 e.
604 2987 716 3037 eius
756 2988 967 3038 bonitas
1009 2988 1250 3038 consistit
1289 2989 1340 3037 in
1382 2988 1502 3048 hoc,
1547 2985 1697 3052 quod
1725 2985 1794 3035 ad
1835 2985 1977 3035 hunc
2007 3002 2128 3035 con-

220 3068 397 3118 ducat.
478 3068 632 3134 Ergo
688 3069 805 3119 finis
862 3070 1016 3119 huius
1054 3070 1194 3119 vitae
1234 3087 1328 3119 seu
1369 3070 1480 3119 eius
1520 3067 1734 3135 propria
1775 3066 2035 3134 perfectio
2075 3068 2127 3117 in

220 3151 330 3200 eius
371 3150 440 3200 ad
482 3150 643 3200 finem
686 3151 930 3201 ultimum
973 3152 1265 3202 directione
1307 3150 1563 3202 consistit.

294 3247 452 3297 Prob.
497 3248 627 3298 mai.
707 3248 963 3298 Praesens
1013 3249 1121 3298 vita
1162 3265 1285 3298 cum
1324 3248 1432 3297 vita
1483 3247 1656 3296 futura
1694 3244 1746 3294 in
1789 3245 1977 3295 ordine
2018 3253 2127 3295 ten-

222 3329 433 3379 dentiae
474 3329 740 3380 humanae
780 3330 848 3380 ad
890 3330 1051 3380 finem
1080 3329 1322 3379 ultimum
1352 3328 1651 3379 necessario
1679 3327 1937 3377 unitatem
1965 3343 2125 3393 quan-
