2182 3682
588 189 739 219 CAPUT
772 191 814 218 V.
866 189 927 218 DE
961 188 1082 217 LEGE
1116 189 1373 218 NATURALI.
1827 187 1921 241 153

108 323 202 375 Ad
242 334 462 379 teu‘zam
511 324 734 380 classem
786 331 1195 390 praeceptorum
1246 323 1511 388 pertinent
1563 321 1929 372 conclusiones

36 408 346 471 remotiores
399 415 451 457 et
501 407 671 472 magis
724 404 1066 472 particulares
1118 421 1186 454 ex
1228 403 1423 470 duplici
1474 403 1641 453 classe
1681 421 1929 470 praecep-

37 478 217 539 torum
256 489 651 555 praedictorum
692 488 761 552 (1,
806 501 853 548 2,
898 504 947 552 q.
993 501 1079 551 94,
1123 503 1167 536 a.
1212 486 1245 535 6
1287 493 1340 535 et
1381 503 1430 551 q.
1483 499 1598 546 100,
1642 502 1686 535 a.
1734 486 1800 550 3).

111 571 343 641 Nomine
382 569 771 636 generaliorum
813 577 1223 635 praeceptorum
1263 566 1618 633 intellegimus
1646 574 1932 632 praecepta

43 659 111 748 1ξιθ
148 660 201 702 et
242 657 312 701 2ae
354 651 549 702 classis.

44 793 185 847 179.
303 785 468 832 Prob.
509 798 549 831 1.
617 782 703 831 Ex
741 782 1000 848 sapientia
1041 781 1231 830 divina.
1287 780 1385 853 Ρ61
1424 778 1600 844 legem
1640 777 1933 828 naturalem

38 865 188 916 Deus
238 852 463 916 intendit
519 881 705 914 omnes
756 864 1000 913 homines
1055 863 1124 913 ad
1181 854 1309 911 recti
1365 844 1562 911 ordinis
1612 860 1739 926 ipsis
1790 877 1933 926 prae-

37 947 202 997 stituti
243 947 633 997 observantiam
674 946 956 996 adducere.
1014 944 1182 1010 Alqm
1205 943 1309 1014 hoc
1349 944 1608 993 intentum
1638 959 1731 1008 per
1758 941 1934 1007 legem

39 1028 330 1079 naturalem
373 1029 599 1079 obtineri
638 1044 747 1078 non
788 1035 985 1094 posset,
1029 1027 1126 1075 nisi
1153 1025 1342 1075 eadem
1372 1024 1591 1090 singulis
1631 1023 1936 1074 hominibus

39 1112 254 1161 rationis
309 1128 404 1161 usu
467 1111 720 1177 praeditis
775 1109 965 1179 saltem
1025 1108 1204 1175 quoad
1262 1106 1588 1173 generaliora
1647 1113 1936 1172 praecepta

40 1199 180 1244 esset
219 1201 360 1244 nota.
441 1193 594 1258 Ergo
653 1192 785 1242 haec
846 1190 1173 1258 generaliora
1232 1189 1488 1256 principia
1543 1196 1816 1255 nequeunt
1866 1187 1935 1237 in-

38 1272 352 1326 vincibiliter
391 1275 633 1342 ignorari.

114 1357 778 1429 &ddiinusjgexpeditum
834 1373 987 1405 usum
1028 1355 1242 1404 rationis
1298 1353 1594 1413 habente»,
1653 1361 1709 1401 ut
1763 1351 1937 1402 exclu-

42 1429 230 1490 damus
270 1439 568 1500 hominem,
628 1440 716 1505 qui
772 1439 1030 1488 rationem
1082 1454 1187 1486 non
1242 1436 1618 1486 convenienter
1669 1433 1937 1484 evolutam

42 1523 263 1583 habeat,
322 1523 431 1572 sive
472 1522 556 1571 hic
599 1521 841 1571 desectus
894 1521 1090 1570 oriatur
1130 1536 1199 1569 ex
1250 1517 1646 1584 impedimentis
1686 1516 1936 1582 physicis,

41 1606 150 1656 sive
191 1622 259 1654 ex
301 1604 514 1655 defectu
556 1603 917 1654 convenientis
970 1601 1298 1651 educationis
1338 1599 1572 1660 socialis,
1618 1600 1741 1665 quia
1781 1600 1954 1648 etiam.

43 1687 174 1737 haec
216 1687 464 1737 educatio
506 1687 574 1736 ad
615 1685 972 1751 integritatem
1014 1692 1232 1734 naturae
1273 1683 1514 1749 pertinet.
1559 1712 1628 1716 —
1671 1680 1835 1747 Quod
1873 1680 1939 1730 de

44 1770 258 1820 homine
298 1768 597 1836 particulari
638 1769 882 1828 diximus,
927 1768 994 1817 de
1035 1768 1241 1831 integra
1271 1773 1430 1830 gente
1469 1760 1683 1822 valeret,
1726 1764 1767 1812 si
1808 1763 1940 1813 haec

46 1853 335 1903 inveterata
355 1851 770 1918 degeneratione
792 1850 859 1899 ad
882 1857 1080 1899 statum
1104 1849 1382 1898 brutorum
1406 1846 1627 1896 similem
1648 1846 1942 1896 accederet.

47 1935 106 1984 In
135 1933 224 1985 tali
253 1934 569 1985 condicione
598 1934 754 1983 etiam
785 1950 815 1982 3
843 1941 957 1982 1013
985 1940 1145 1996 gente
1175 1936 1461 1997 praecepta
1484 1928 1660 1994 aliqua
1681 1927 1946 1977 secundae

48 2016 228 2068 classis
267 2016 388 2083 plus
426 2016 665 2066 minusve
694 2014 1062 2065 invincibiliter
1089 2013 1319 2078 ignorari
1347 2029 1506 2078 posse
1535 2028 1642 2060 non
1671 2027 1944 2076 negamus.

123 2108 289 2155 Prob.
328 2121 371 2154 2.
446 2105 533 2155 EX
573 2104 833 2171 analogia.
917 2103 1122 2153 Omnes
1179 2119 1260 2152 res
1303 2110 1410 2167 per
1463 2100 1637 2165 {psam
1692 2107 1946 2148 naturam

49 2189 227 2255 aliquo
269 2188 434 2238 modo
476 2175 1012 2254 ffirtic‘ipant‘legem
1042 2193 1328 2244 aeternam,
1372 2184 1423 2233 in
1453 2190 1710 2249 quantum
1743 2198 1811 2230 ex
1839 2181 1950 2230 eius

49 2272 395 2338 impressione
451 2270 651 2320 habent
701 2269 1097 2319 inclinationem
1138 2269 1189 2317 in
1231 2266 1476 2333 proprios
1516 2272 1667 2315 actus
1708 2270 1760 2313 et
1801 2263 1947 2312 fines.

51 2353 204 2420 Ergo
246 2354 405 2403 etiam
445 2352 610 2403 homo
641 2352 803 2402 debet
832 2369 926 2418 per
965 2352 1134 2416 ipsam
1164 2358 1403 2399 naturam
1433 2347 1746 2414 participare
1774 2344 1951 2411 legem

50 2445 347 2497 aeternam,
406 2445 459 2486 et
511 2435 728 2502 quidem
783 2441 1140 2498 congruenter
1191 2433 1259 2482 ad
1317 2448 1464 2481 suam
1506 2437 1775 2489 naturam,
1830 2429 1858 2478 i.
1904 2445 1948 2476 e.

52 2517 384 2569 rationaliter.
467 2518 590 2568 Hoc
646 2524 823 2567 autem
876 2516 1024 2566 aliter
1080 2516 1189 2565 fieri
1245 2532 1350 2564 non
1412 2521 1620 2579 potest,
1680 2528 1841 2577 quam
1897 2516 1953 2559 ut

52 2599 357 2652 naturaliter
409 2602 455 2650 ei
506 2600 672 2650 indita
731 2600 798 2649 sit
854 2599 1090 2664 cognitio
1148 2605 1291 2648 recte
1347 2595 1695 2662 agendorum.
1788 2593 1951 2642 Porro

53 2683 184 2734 ratio
225 2683 459 2750 practica
500 2682 743 2749 procedit
772 2699 800 2731 a
830 2681 1097 2747 principiis
1138 2678 1537 2740 communibus3
1583 2676 1783 2726 debent
1823 2691 1952 2738 ergo

54 2767 101 2816 ei
153 2783 248 2832 per
296 2783 354 2815 se
410 2774 537 2815 nota
589 2782 704 2815 esse
758 2764 1014 2830 principia
1071 2761 1528 2821 universalissima,
1589 2758 1832 2808 ordinata
1887 2755 1954 2805 ad

57 2848 409 2916 operationes.

129 2946 293 2993 Prob.
332 2960 376 3006 3.
470 2944 573 3016 E}
595 2944 710 3009 ipsa
751 2951 936 2992 natura
976 2941 1167 2991 horum
1208 2945 1635 3006 praeceptorum.

138 3048 177 3083 Ι.
231 3032 1016 3102 Praeceptacommunissima,
1075 3038 1133 3080 ut
1171 3047 1218 3079 v.
1262 3047 1312 3096 g.
1358 3028 1598 3078 ordinate
1651 3024 1951 3083 vivendum,

57 3115 251 3165 malum
291 3101 571 3165 vitandum
610 3106 731 3174 etc.,
773 3115 845 3163 ita
885 3120 1007 3164 sunt
1047 3130 1108 3162 61
1114 3112 1337 3173 identia,
1393 3118 1449 3160 ut
1490 3110 1557 3159 de
1599 3108 1740 3158 facto
1782 3121 1956 3171 neque

57 3196 365 3263 ignorentur
408 3214 611 3273 neque
669 3196 898 3261 ignorari
965 3196 1185 3262 possint.
1291 3193 1382 3243 «In
1443 3191 1624 3258 primis
1690 3187 1955 3254 principiis

57 3259 405 3329 nffliter
382 3280 537 3341 110115,
561 3278 670 3329 sive
698 3287 821 3329 sunt
843 3277 1172 3345 speculativa
1193 3277 1303 3326 sive
1331 3281 1454 3325 sunt
1472 3272 1758 3339 operativa,
1783 3267 1957 3318 nullus

59 3367 229 3412 errare
269 3369 475 3429 potest,
517 3362 653 3414 sicut
690 3362 745 3412 in
785 3361 930 3412 hoc:-
959 3377 1133 3411 omne
1148 3368 1321 3411 totum
1349 3365 1430 3409 est
1457 3355 1646 3407 maius
1653 3368 1771 3403 5113
1788 3359 1953 3417 parte,
