2182 3682
1842 202 1869 214 H

259 180 344 209 LII-³..
381 180 409 209 Ι.
457 179 557 208 CAP.
592 178 657 208 ΙΙΙ.
703 178 764 205 DE
796 177 994 206 OFFICIIS
1028 176 1266 205 HOMINUM
1304 176 1478 204 MUTUIS
1515 177 1658 205 INTER
1694 177 1757 206 SE.
1843 178 1946 229 039

53 326 126 365 est
159 316 326 376 aliqua
362 312 688 371 deordinatio,
729 312 844 374 quia
880 312 1137 358 adhibetur
1165 326 1258 357 vox
1295 311 1357 356 ad
1387 311 1775 371 significandum,
1816 311 1950 372 quod

52 388 369 451 significabile
406 403 507 434 non
534 396 632 435 est»
664 383 739 447 (In
766 403 809 447 3,
849 385 955 432 dist.
983 388 1060 445 38,
1101 401 1147 445 q.
1181 402 1219 442 1,
1259 401 1300 430 a.
1329 381 1390 444 3).
1444 385 1584 431 Idem
1610 395 1949 445 argumentum

51 463 227 526 repetit
262 462 311 509 in
353 479 393 520 2,
436 479 476 519 2,
517 477 563 521 q.
607 478 712 519 110,
752 477 793 506 a.
833 476 876 519 3.

128 560 244 597 Inst.
277 570 311 597 ι.
377 550 530 610 Atqui
573 548 679 596 finis
725 547 988 595 locutionis
1035 562 1125 608 per
1172 546 1482 594 mendacium
1532 562 1634 592 non
1670 547 1946 608 impeditur.

51 625 187 684 Ergo
215 662 222 670 .
253 663 260 670 .
292 663 298 670 .
352 623 493 670 Proh.
521 628 664 670 antec.
717 622 850 669 Finis
876 621 1136 668 locutionis
1174 628 1245 668 est
1269 621 1454 667 bonum
1492 620 1751 667 societatis.
1805 621 1956 681 Atqui

50 699 154 745 fieri
189 706 364 759 potest,
409 706 460 744 ut
496 697 809 744 mendacium
847 690 1070 743 societati
1106 694 1164 742 sit
1199 695 1328 753 utile,
1367 711 1409 741 v.
1449 710 1492 755 g.
1532 695 1594 741 ad
1631 695 1951 741 avertendum

50 774 247 820 bellum.
315 772 453 831 Ergo
490 771 539 817 in
577 787 637 818 eo
675 787 789 818 casu
827 770 917 818 erit
952 770 1150 817 licitum.

127 870 278 918 Resp.
348 860 488 920 Nego
523 862 632 907 min.
671 861 789 906 subs.
861 859 947 904 Ad
966 859 1102 920 prob.
1142 873 1257 905 conc.
1296 860 1404 904 mai.
1476 858 1607 904 Dist.
1646 859 1756 904 min.
1776 875 1788 903 .·
1823 858 1952 904 Fieri

49 943 234 997 potest,
272 944 323 981 ut
358 950 448 996 per
484 934 800 981 mendacium
838 932 1038 994 aliquod
1075 933 1256 978 malum
1294 933 1632 993 gravissimum
1658 933 1955 993 particulare

11 1044 14 1046 -
49 1009 201 1056 averti
248 1009 424 1070 possit,
475 1008 610 1070 quod
647 1017 813 1055 tamen
849 1008 1002 1054 multo
1038 1007 1199 1054 minus
1236 1016 1363 1054 esset
1398 1006 1537 1053 malis
1574 1006 1869 1067 gravissimis
1907 1014 1954 1052 et

49 1083 322 1145 perpetuis,
365 1098 493 1144 quae
531 1098 589 1130 ex
625 1082 838 1129 liceitate
875 1082 1124 1128 mendacii
1162 1089 1432 1139 orerentur,
1472 1096 1605 1137 conc„
1645 1095 1797 1137 secus,
1840 1096 1954 1141 nego

49 1164 94 1204 et
140 1173 253 1217 nego
299 1173 415 1204 cons.
492 1156 842 1204 «Mendacium
890 1157 1135 1218 prolatum
1183 1156 1221 1202 si
1268 1155 1551 1203 aestimetur
1599 1170 1704 1202 esse
1751 1154 1950 1211 licitum,

48 1234 150 1294 ipSa
196 1233 455 1278 aestimatio
502 1233 552 1278 in
598 1232 937 1279 subversionem
974 1231 1095 1290 fidei
1137 1238 1335 1290 verget3
1386 1245 1488 1276 non
1537 1238 1704 1276 tamen
1742 1237 1950 1290 oportet,

50 1305 184 1367 quod
218 1321 365 1353 omne
391 1306 705 1353 mendacium
732 1305 794 1352 ad
821 1304 1191 1352 subversionem
1216 1305 1331 1352 fidei
1358 1304 1638 1351 ordinetur»
1671 1300 1735 1364 (S.
1772 1304 1951 1359 leom„

51 1383 107 1427 In
145 1396 188 1441 3,
227 1380 334 1428 dist.
374 1383 451 1440 38,
493 1397 538 1442 q.
584 1398 623 1439 1,
662 1397 703 1427 a.
745 1383 771 1426 6
810 1380 873 1426 ad
913 1375 973 1439 2).

126 1480 243 1518 Inst.
278 1491 320 1519 2.
391 1472 575 1518 Saltem
610 1472 790 1518 fiducia
825 1480 990 1517 mutua
1027 1470 1147 1516 nihil
1184 1479 1452 1532 pateretur,
1499 1469 1537 1517 si
1574 1485 1632 1516 ex
1668 1469 1950 1531 gravissima

49 1554 236 1592 tantum
273 1561 420 1593 causa
457 1545 671 1606 ideoque
709 1545 952 1592 rarissime
989 1545 1184 1592 mentiri
1221 1546 1405 1592 liceret.

127 1637 277 1686 Resp.
344 1628 484 1688 Nego
531 1635 692 1675 ossert.
765 1628 891 1674 Nam
932 1643 1058 1688 quae
1096 1637 1205 1674 sunt
1242 1643 1417 1674 causae
1454 1627 1565 1674 illae
1603 1627 1950 1688 gravissimae?

50 1703 150 1750 Hic
184 1704 343 1750 nullus
380 1704 518 1750 adest
552 1703 693 1750 limes
730 1717 787 1750 ex
824 1703 929 1764 ipsa
966 1711 1139 1749 natura
1176 1702 1244 1749 rei
1282 1701 1646 1749 determinatus.
1709 1701 1873 1760 Quod,
1912 1702 1950 1748 si

49 1777 99 1823 in
137 1792 235 1824 uno
274 1794 388 1825 casu
423 1778 550 1835 licet,
589 1777 640 1824 in
677 1777 905 1824 omnibus
943 1776 1134 1823 casibus
1171 1776 1406 1823 similibus
1442 1776 1627 1822 licitum
1654 1791 1757 1823 esse
1785 1776 1947 1824 debet.

51 1851 181 1899 Dein
218 1851 325 1913 quis
360 1851 610 1910 iudicabit,
648 1868 765 1899 num
803 1867 950 1899 causa
987 1852 1233 1898 sufficiens
1271 1851 1541 1898 mentiendi
1579 1851 1735 1897 adsit?
1785 1851 1948 1898 Nemo

49 1941 167 1973 sane
204 1925 297 1973 nisi
333 1927 414 1973 ille
451 1926 571 1987 ipse,
611 1926 673 1973 de
711 1925 846 1973 cuius
874 1942 1020 1972 causa
1056 1927 1349 1987 plerumque
1377 1925 1547 1986 agitur.
1608 1926 1791 1972 Nonne
1829 1940 1947 1986 ergo

51 2000 154 2048 iure
190 2000 445 2048 audientes
481 2010 722 2062 perpetuo
760 2000 932 2048 timere
969 2009 1185 2062 possent,
1226 2016 1287 2047 ne
1326 2000 1449 2047 forte
1488 2016 1619 2046 nunc
1656 2000 1949 2046 mentiamur

50 2084 255 2136 propter
292 2075 508 2136 aliquam
559 2076 804 2122 occultam
855 2091 1053 2122 causam
1091 2075 1453 2135 gravissimam,
1505 2076 1605 2121 sive
1642 2089 1808 2121 veram
1847 2075 1947 2121 sive

51 2149 414 2196 existimatam?
474 2151 626 2197 Unde
664 2159 797 2197 recte
824 2150 870 2197 S.
901 2150 1194 2209 Augustinus
1221 2145 1316 2209 (De
1344 2150 1571 2196 mendac.
1612 2166 1653 2196 c.
1684 2151 1726 2207 8,
1764 2166 1810 2196 n.
1846 2146 1948 2209 11):

54 2224 354 2283 «Quomodo
393 2224 698 2272 credendum
737 2234 809 2271 est
846 2225 919 2281 ei,
973 2225 1055 2285 qui
1092 2234 1229 2285 putat
1266 2225 1535 2285 aliquando
1574 2239 1679 2271 esse
1716 2224 1952 2271 mentien-

50 2299 192 2357 dum,
246 2314 309 2346 ne
361 2300 486 2346 forte
540 2309 587 2346 et
622 2308 738 2346 tunc
790 2299 1078 2356 mentiatur,
1134 2315 1244 2346 cum
1283 2300 1538 2361 praecipit,
1577 2309 1626 2346 ut
1664 2298 1952 2346 credamus?

50 2374 200 2421 Unde
238 2374 368 2420 enim
407 2373 519 2421 sciri
557 2383 745 2434 potest,
801 2382 958 2420 utrum
1008 2383 1056 2421 et
1091 2383 1206 2421 tunc
1256 2375 1436 2422 habeat
1473 2374 1687 2435 aliquam
1736 2390 1948 2431 causam,

17 2447 174 2495 'sicut
219 2448 325 2510 ipse
373 2456 534 2508 putat,
589 2448 797 2495 officiosi
844 2449 1124 2496 mendacii?
1167 2488 1174 2495 .
1216 2488 1223 2496 .
1267 2488 1274 2496 .
1337 2451 1451 2508 Quo
1501 2465 1685 2510 genere
1737 2449 1950 2496 admisso

51 2531 197 2583 atque
235 2523 528 2584 approbato,
567 2523 727 2570 omnis
755 2523 960 2570 omnino
989 2523 1101 2571 fidei
1128 2524 1391 2585 disciplina
1428 2524 1773 2580 subvertitur»,
1815 2532 1862 2570 et
1898 2525 1952 2569 de

51 2596 186 2656 Lago
223 2592 318 2657 (De
354 2598 452 2644 fide
490 2597 613 2658 disp.
654 2613 709 2655 4,
759 2614 807 2644 n.
849 2593 954 2659 57):
1006 2598 1260 2658 Quasdam
1299 2598 1528 2645 materias
1571 2598 1815 2659 «oportuit
1842 2605 1951 2658 pro-

51 2670 202 2718 hiberi
233 2673 566 2719 mziversaliter
615 2672 784 2732 absque
819 2673 919 2718 nlla
967 2674 1251 2734 exceptione,
1304 2673 1443 2733 quia,
1495 2687 1838 2734 quaecumque
1877 2687 1950 2718 ex-

53 2746 217 2807 ceptio
255 2754 605 2807 apponeretur‚
646 2762 749 2792 non
777 2755 1029 2794 cessarent
1055 2747 1473 2805 inconvenientia,
1513 2756 1658 2809 prout
1695 2746 1792 2793 dici
1829 2747 1951 2793 solet

53 2819 115 2866 de
166 2820 441 2882 pollutione
494 2829 759 2882 procurata
799 2859 806 2867 .
851 2860 856 2867 .
901 2860 907 2867 .
947 2822 1026 2868 vel
1080 2822 1143 2868 de
1196 2822 1499 2869 revelatione
1562 2821 1704 2883 sigilli
1764 2821 1949 2867 confes-

53 2893 201 2941 sionis
240 2933 249 2942 .
291 2932 299 2941 .
341 2932 366 2952 .‚
405 2894 535 2955 quia,
575 2894 613 2942 si
650 2895 700 2941 in
737 2897 980 2956 aliquibus
1018 2896 1395 2944 circumstantiis
1423 2906 1550 2944 esset
1590 2897 1721 2943 licita
1748 2903 1942 2957 propte1

53 2968 313 3015 maximam
350 2969 566 3030 aliquam
603 2984 800 3016 causam
838 2971 915 3016 vel
952 2971 1325 3027 necessitatem,
1370 2972 1467 3019 hoc
1513 2972 1671 3018 solum
1707 2971 1950 3017 sufficeret

53 3042 116 3088 ad
167 3043 474 3090 reddendam
529 3058 726 3105 semper
786 3044 1039 3092 difficilem
1099 3046 1466 3093 confessionem
1526 3045 1946 3102 sacramentalem,

53 3117 335 3165 timentibus
383 3117 778 3179 poenitentibus,
828 3134 891 3166 ne
942 3128 1237 3166 occurrente
1286 3122 1363 3168 vel
1412 3121 1725 3181 apprehenso
1772 3135 1800 3164 a
1837 3134 1950 3165 con-

54 3190 255 3238 fessario
292 3207 408 3239 casu
443 3192 526 3239 illo
564 3193 900 3239 revelarentur
949 3208 1118 3240 eorum
1168 3203 1399 3256 peccata:
1451 3209 1602 3254 quare
1650 3193 1714 3240 ad
1751 3193 1950 3239 obvian-

53 3264 169 3311 dum
206 3265 318 3312 huic
354 3268 486 3313 malo
532 3281 739 3314 necesse
789 3277 894 3314 erat
940 3268 1110 3328 absque
1155 3269 1257 3314 ulla
1301 3276 1497 3330 prorsus
1542 3268 1802 3329 exceptione
1839 3274 1950 3328 pro-

53 3338 205 3385 lciber'i
225 3340 578 3387 revelationem
605 3341 958 3403 confessionis3
995 3357 1089 3389 nec
1115 3342 1393 3403 aequivalet
1417 3343 1600 3388 malum
1625 3341 1743 3387 illud
1769 3356 1946 3400 rarum,
