2182 3682
219 172 290 220 66
618 180 732 208 PARS
767 181 794 210 1.
846 180 1163 208 PHILOSOPHIA
1198 179 1402 208 MORALIS
1439 180 1719 209 GENERALIS.

215 316 388 379 utile);
434 330 480 366 2.
525 324 746 383 propter
783 333 842 366 se
881 317 1085 382 ipsum,
1129 333 1223 365 seu
1263 316 1315 364 in
1356 324 1616 381 quantum
1647 315 1821 365 habet
1861 318 2125 368 rationem

199 398 361 465 finis,
405 406 458 447 et
499 398 604 448 hoc
634 397 940 465 dupliciter:
984 398 1034 463 a)
1064 399 1116 447 in
1145 405 1408 463 quantum
1449 398 1652 463 quietat
1693 398 1991 464 appetitum
2033 416 2126 449 seu

213 481 367 530 affert
407 480 821 532 delectationem
863 481 1085 544 (bonurn
1128 479 1496 543 delectabile);
1553 479 1608 543 b)
1649 480 1701 529 in
1743 488 2004 546 quantum
2045 490 2127 531 est

215 562 417 613 homini
471 563 762 630 appetibile
819 580 913 629 per
969 580 1027 612 se
1083 571 1137 612 et
1191 562 1622 628 praescindendo
1679 579 1710 611 a
1766 561 2126 614 delectatione

215 662 374 711 quam
417 646 569 696 affert
609 647 830 710 (bonurn
875 645 1196 708 honestum).
1263 644 1433 710 Atqui
1459 644 1567 693 duo
1608 644 1810 711 priores
1851 654 2127 711 respectus

213 746 321 778 non
361 728 631 778 sufficiunt
670 729 738 778 ad
780 728 986 777 bonum
1027 727 1259 789 morale3
1303 726 1500 776 sufficit
1538 744 1666 776 vero
1707 713 1908 778 tertius.
1970 728 2126 793 Ergo

214 810 416 861 bonum
458 810 659 860 morale
701 819 781 860 est
823 809 1105 876 quodlibet
1145 810 1367 868 bonum,
1412 809 1562 874 quod
1592 826 1687 874 per
1725 826 1784 859 se
1827 818 1881 859 et
1923 810 2127 860 ratione

212 895 290 943 sui
330 894 531 944 homini
573 902 653 943 est
693 892 998 959 appetibile.
1068 892 1247 954 Porro,
1294 892 1420 958 quid
1463 892 1665 941 homini
1706 892 1810 942 hoc
1851 893 2017 943 modo
2061 893 2128 943 sit

211 976 502 1043 appetibile
558 994 627 1026 ex
686 985 871 1026 natura
931 974 1201 1037 rationali,
1264 992 1367 1041 qua
1423 973 1513 1024 tali
1570 974 1970 1024 diiudicandum
2029 984 2124 1025 est.

211 1059 359 1124 Ergo
401 1058 534 1109 haec
575 1066 655 1108 θεῖ
695 1076 883 1109 norma
922 1058 1169 1125 proxima
1210 1057 1519 1107 honestatis.
1590 1057 1666 1107 Ut
1707 1057 1848 1107 enim
1875 1058 2123 1119 sciamus,

213 1142 342 1208 quid
383 1151 602 1192 naturae
644 1141 908 1191 humanae
950 1141 1232 1192 conveniat
1258 1138 1342 1189 vel
1385 1139 1769 1200 disconveniat,
1813 1138 1941 1188 nihil
1982 1139 2127 1189 aliud

212 1224 504 1290 requiritur,
549 1241 710 1290 quam
751 1232 808 1273 ut
850 1224 1123 1273 obiectum
1177 1221 1395 1287 aliquod
1438 1222 1567 1285 (sive
1608 1222 1674 1270 sit
1714 1222 1854 1271 actio
1896 1222 2005 1271 sive
2046 1239 2128 1271 res

212 1305 312 1356 alia
352 1307 745 1373 quaecumque)
777 1324 899 1356 cum
929 1315 1115 1355 natura
1143 1305 1375 1354 humana
1405 1303 1744 1353 conferamus
1771 1312 1825 1353 et
1851 1304 2130 1354 videamus

213 1397 390 1438 utrum
431 1390 604 1438 eidem
648 1397 834 1455 aptum
875 1389 940 1438 sit
980 1405 1075 1438 seu
1117 1394 1377 1453 congruat
1416 1403 1585 1436 necne
1627 1385 1695 1450 (n.
1739 1386 1848 1450 46).

285 1471 442 1520 Prob.
490 1471 615 1521 min.
698 1472 749 1534 a)
792 1469 991 1535 Quoad
1045 1470 1248 1520 bonum
1291 1469 1422 1518 utile
1472 1469 1526 1518 id
1567 1476 1716 1534 patet
1757 1486 1827 1518 ex
1866 1486 1934 1518 eo
1976 1469 2126 1535 quod

211 1554 417 1603 bonum
458 1553 660 1603 morale
700 1554 770 1603 ab
813 1553 1064 1602 omnibus
1116 1552 1351 1601 maxime
1392 1559 1614 1617 propter
1652 1567 1710 1600 se
1750 1551 1924 1617 ipsum
1967 1568 2128 1617 appe-

210 1635 357 1686 tibile
424 1644 698 1698 censetur;
769 1636 891 1685 dein
958 1645 1136 1685 utrum
1202 1634 1327 1684 utile
1393 1650 1500 1699 qua
1564 1632 1669 1682 tale
1734 1634 1800 1682 sit
1859 1632 2130 1683 moraliter

211 1718 415 1768 bonum
455 1735 639 1778 necne,
685 1718 959 1784 dependet
1001 1736 1030 1766 a
1071 1717 1190 1777 fine,
1235 1717 1304 1766 ad
1333 1733 1494 1782 quem
1524 1715 1774 1776 refertur;
1817 1715 1939 1765 hinc
1982 1733 2127 1765 com-

210 1801 440 1850 muniter
495 1801 712 1850 dicitur:
775 1800 930 1849 «utile
988 1800 1055 1849 de
1107 1816 1164 1849 se
1217 1816 1325 1848 non
1366 1797 1692 1864 specificat».
1777 1796 2025 1847 Ceterum
2067 1797 2122 1847 id

210 1884 381 1949 magis
423 1883 628 1948 patebit
668 1900 737 1932 ex
778 1882 908 1931 infra
951 1881 1193 1931 dicendis
1234 1890 1420 1930 contra
1461 1879 1878 1940 utilitarismum;
1933 1880 1990 1944 b)
2031 1880 2122 1929 bo-

209 1983 336 2014 num
374 1965 729 2026 «cz'c'lectabz'le‚
773 1965 919 2030 quod
950 1973 1136 2013 contra
1164 1964 1448 2012 honestum
1480 1961 1743 2022 dividitur,
1782 1970 1862 2010 est
1891 1961 2123 2012 delecta-

209 2048 315 2098 bile
355 2049 653 2098 secundum
681 2064 925 2097 sensum»
958 2045 1033 2110 (S.
1067 2046 1273 2107 Tllom„
1304 2045 1363 2093 In
1401 2059 1417 2093 Ι
1456 2044 1628 2093 Ethic.
1661 2043 1779 2093 lect.
1812 2045 1860 2108 5)
1889 2044 2124 2110 ideoque

209 2130 412 2180 homini
441 2148 563 2180 cum
592 2131 759 2180 brutis
788 2146 1087 2189 commune,
1132 2145 1261 2193 ergo
1305 2128 1372 2176 de
1413 2143 1468 2175 se
1510 2143 1617 2175 non
1659 2134 1839 2191 potest
1878 2125 2123 2175 sufficere

209 2213 277 2262 ad
318 2214 522 2263 bonum
564 2212 764 2262 morale
806 2211 953 2277 quod
995 2220 1075 2260 est
1115 2209 1344 2260 hominis
1385 2208 1680 2274 proprium3
1739 2216 2015 2273 praeterea
2054 2226 2124 2258 ex

210 2297 480 2345 communi
520 2295 797 2344 hominum
824 2311 982 2343 sensu
1013 2300 1224 2343 constat
1254 2290 1589 2341 delectabilia
1616 2306 1778 2355 saepe
1806 2307 1922 2340 esse
1950 2291 2124 2356 turpia

209 2388 262 2428 et
302 2379 518 2437 nociva3
575 2379 622 2442 c)
664 2376 860 2427 sufficit
901 2375 1182 2442 quodlibet
1223 2375 1428 2424 bonum
1470 2373 1744 2422 honestum
1783 2389 1879 2421 seu
1919 2389 2015 2438 per
2065 2390 2123 2423 se

209 2461 412 2510 homini
451 2459 742 2526 appetibile
783 2460 850 2508 ad
891 2459 1097 2508 bonum
1137 2456 1354 2506 morale.
1436 2455 1577 2504 Nam
1619 2452 1889 2520 quaelibet
1935 2462 2122 2504 natura

209 2542 375 2593 habet
413 2542 808 2592 inclinationem
848 2541 1085 2590 innatam
1125 2540 1175 2588 in
1217 2555 1368 2588 suum
1409 2537 1610 2586 bonum
1641 2553 1839 2585 verum.
1896 2534 2120 2587 Sedna-

208 2632 325 2675 tura
365 2624 597 2674 humana
638 2633 717 2673 est
757 2640 860 2673 una
901 2640 1069 2688 eaque
1110 2619 1379 2671 rationalis
1418 2637 1513 2669 seu
1553 2618 1787 2684 speciem
1818 2618 2023 2668 habens
2051 2618 2119 2668 ab

209 2708 384 2756 anima
424 2705 679 2755 rationali.
735 2705 882 2771 Ergo
913 2704 1174 2771 quidquid
1204 2703 1407 2752 homini
1433 2717 1557 2750 vere
1585 2717 1679 2765 per
1705 2717 1762 2749 se
1790 2699 1994 2749 bonum
2022 2708 2116 2761 est,

210 2798 475 2855 quatenus
527 2789 894 2838 consideratur
944 2794 1002 2836 ut
1052 2803 1215 2835 unum
1272 2784 1607 2850 suppositum
1664 2781 1944 2843 rationale,
2011 2799 2119 2832 non

209 2880 390 2938 potest
430 2887 539 2920 non
579 2887 696 2920 esse
729 2869 998 2919 moraliter
1025 2869 1244 2918 bonum.
1303 2866 1358 2917 Si
1386 2866 1526 2915 enim
1553 2880 1886 2931 prosequens
1913 2864 2118 2914 bonum

209 2971 417 3014 verum,
461 2954 513 3002 in
554 2952 702 3018 quod
742 2950 1047 3002 naturaliter
1085 2949 1389 3008 inclinatur,
1434 2945 1701 2997 moraliter
1739 2945 1878 2995 male
1919 2944 2123 3011 ageret,

210 3035 453 3085 defectus
493 3034 860 3083 refunderetur
899 3034 949 3082 in
991 3033 1163 3098 ipsum
1205 3040 1479 3081 auctorem
1520 3037 1753 3078 naturae.
2147 3095 2152 3101 ἱ

286 3119 451 3165 Prob.
491 3131 534 3164 2.
618 3116 865 3181 «Propria
917 3115 1158 3180 operatio
1200 3113 1613 3177 uniuscuiusque
1665 3117 1909 3159 naturam
1955 3109 2117 3174 ipsius
2162 3106 2170 3114 ’

210 3200 478 3265 sequitur»
540 3196 619 3262 (C.
664 3206 808 3263 gent.
852 3195 883 3246 l.
931 3210 989 3260 3,
1049 3213 1091 3246 c.
1145 3196 1280 3259 129).
1383 3193 1625 3242 «Bonum
1680 3192 1731 3240 in
1787 3207 2117 3256 unoquoque

212 3281 577 3331 consideratur
634 3279 931 3328 secundum
992 3277 1367 3326 condicionem
1422 3291 1550 3324 suae
1606 3281 1854 3323 naturae»
1921 3272 2003 3335 (Ι,
2066 3284 2113 3332 2,

211 3380 261 3428 q.
311 3373 391 3426 59,
436 3378 479 3411 a.
531 3372 552 3425 5
599 3361 669 3410 ad
713 3361 795 3424 3);
853 3358 936 3408 vel
992 3358 1105 3408 aliis
1160 3358 1362 3407 verbis:
1420 3373 1518 3421 pro
1575 3355 1823 3404 omnibus
1863 3353 2116 3403 creaturis
