2182 3682
207 152 314 201 204
611 149 725 178 PARS
760 149 788 178 Ι.
841 148 1156 178 PHILOSOPHIA
1189 149 1393 179 MORALIS
1428 149 1708 180 GENERALIS.

287 294 389 334 Obi.
420 306 463 344 3·
533 285 767 334 Officium
816 286 1075 334 iuridicum
1123 295 1286 348 potest
1321 286 1368 333 vi
1408 286 1704 348 extorqueri.
1775 287 1928 350 Atqui
1958 305 2116 337 mora-

202 362 307 408 litas
345 361 595 408 actionum
632 362 912 423 extorqueri
947 377 1050 409 non
1075 370 1250 423 potest.
1311 361 1450 420 Ergo
1486 361 1702 409 officium
1727 361 1986 411 iuridicum
2010 380 2114 412 non

202 445 273 484 est
309 436 510 484 morale.
1928 502 1931 503 7

279 543 430 592 Resp.
465 553 499 581 ι.
572 533 889 595 Syllogismus
925 549 1028 579 non
1067 532 1343 591 concludit,
1395 533 1509 594 quia
1546 533 1724 582 adsunt
1760 542 1988 596 quattuor
2023 543 2115 583 ter·

200 608 334 655 mini.
408 608 675 655 Conclusio
723 608 930 655 deberet
966 621 1098 655 esse:
1146 607 1285 667 Ergo
1321 607 1536 654 officium
1575 608 1834 656 iuridicum
1869 624 1972 656 non
2008 625 2113 672 per·
2179 614 2182 615 ’

198 682 320 730 tinet
356 683 420 729 ad
457 683 783 729 moralitatem
821 683 1085 740 actionum,
1129 683 1265 743 quod
1302 691 1435 729 certe
1471 682 1775 730 verissimum
1814 692 1900 742 est,
1938 683 1978 731 si
2012 700 2114 732 mo-

198 757 361 805 ralitas
409 772 554 804 sensu
600 757 805 818 proprio
846 753 909 818 (n.
952 752 1030 819 55)
1069 756 1294 813 sumitur,
1345 758 1433 804 sed
1469 758 1599 804 valet
1634 758 1697 805 de
1733 759 1868 805 omni
1905 758 2111 807 omnino

198 832 362 880 officio
401 841 448 879 et
483 831 603 878 nihil
639 833 819 894 probat
856 840 1028 879 contra
1064 831 1223 879 thesin
1260 841 1493 879 nostram.
1549 828 1605 879 ¹Si
1642 840 1805 880 autem
1841 832 1893 880 in
1916 833 2110 882 minore

197 907 465 970 syllogismi
501 907 750 954 moralitas
788 907 990 954 sumitur
1026 923 1118 969 pro
1156 907 1321 954 officio
1358 906 1558 955 morali:

278 1014 429 1063 Resp.
464 1024 507 1051 2.
585 1004 718 1051 Cane.
757 1006 866 1051 mai.
938 1005 1069 1051 Dist.
1109 1005 1251 1050 mim:
1299 1003 1529 1051 Officium
1568 1005 1782 1063 morale,
1833 1005 1970 1066 quod
2005 1022 2110 1054 non

198 1088 269 1127 est
316 1079 599 1137 iuridicum‚
651 1079 932 1140 extorqueri
981 1094 1082 1126 non
1134 1088 1320 1140 potest,
1359 1094 1504 1135 conc„
1555 1079 1690 1140 quod
1727 1088 1799 1127 est
1834 1080 2107 1140 iuridicum,
2179 1077 2182 1080 ⁴

195 1156 415 1202 subdz'stu·
461 1154 490 1202 i.
531 1170 570 1201 e.
610 1169 713 1200 non
760 1163 922 1216 potest
971 1154 1253 1214 extorqueri
1300 1153 1499 1200 libertas
1543 1153 1750 1202 actionis
1787 1164 1836 1202 et
1870 1164 2006 1203 recta
2041 1156 2111 1203 in·

195 1230 364 1287 tentio,
405 1245 538 1285 conc„
577 1244 678 1276 non
716 1236 879 1291 potest
914 1238 1116 1276 externa
1152 1229 1373 1290 impletio
1411 1229 1706 1290 extorqueri,
1745 1245 1872 1290 nego.
1943 1230 1993 1278 Si
2029 1231 2111 1278 ad-

195 1303 396 1352 versarii
432 1304 603 1352 dicunt
639 1304 802 1351 officia
839 1304 1046 1351 moralia
1080 1319 1182 1350 non
1209 1318 1314 1351 esse
1341 1304 1577 1361 coactiva,
1618 1304 1667 1351 id
1693 1304 1863 1352 dicunt
1888 1321 1947 1352 ex
1971 1321 2110 1368 prae-

196 1379 378 1426 iudicio
416 1379 614 1427 scholae
641 1379 923 1426 Kantianae
961 1387 1009 1426 et
1045 1378 1280 1439 implicite
1318 1386 1654 1441 supponentes
1687 1380 1913 1428 ordinem
1949 1380 2111 1428 iuridi-

195 1470 306 1502 cum
342 1470 445 1502 non
482 1454 729 1516 pertinere
767 1454 830 1501 ad
867 1454 1093 1501 ordinem
1130 1454 1383 1501 moralem.

938 1622 1268 1663 ARTICULUS
1301 1623 1351 1661 V.

583 1729 675 1774 DE
714 1727 1066 1775 DIVISIONE
1104 1727 1288 1775 IURIS
1325 1728 1414 1773 ET
1452 1726 1716 1774 OFFICH.

551 1859 578 1914 g·
618 1872 650 1900 1.
702 1862 781 1900 DE
814 1861 1120 1901 DIVISIONE
1153 1861 1304 1901 IURIS
1339 1861 1734 1900 PRAECEPTIVI.

435 1966 610 2022 (Alleyer,
646 1969 825 2008 Institut.
863 1968 960 2007 iuris
994 1977 1078 2008 nat.
1113 1969 1144 2016 I,
1181 1983 1220 2008 n.
1259 1969 1365 2020 569;
1402 1967 1643 2020 Moralphil.
1678 1968 1697 2006 I
1733 1965 1853 2019 534.)

196 2091 342 2142 244.
423 2080 511 2130 Ius
541 2080 964 2145 praecesstz‘vmll,
1006 2088 1165 2146 prout
1205 2077 1295 2128 scl.
1327 2077 1592 2144 significat
1620 2076 1812 2144 legem,
1856 2077 2105 2127 dividitur

193 2163 385 2212 eodem
439 2162 606 2212 modo
659 2170 715 2212 ut
768 2158 977 2227 lex⁷(n.
1043 2162 1179 2225 151).
1271 2161 1549 2210 Praeterea
1605 2159 1689 2210 hic
1741 2159 1979 2210 notanda
2030 2160 2101 2209 di-

191 2244 322 2294 visio
364 2245 512 2295 iuris:

275 2348 315 2383 Ι.
370 2334 421 2384 in
480 2334 559 2383 ius
607 2333 880 2400 publicum
941 2341 993 2382 et
1042 2331 1341 2397 privatum.
1439 2332 1671 2381 Nomine
1727 2331 1851 2381 iuris
1894 2330 2106 2397 publici

192 2415 576 2482 intelleguntur
627 2416 801 2482 leges,
861 2415 1054 2482 quibus
1107 2414 1291 2464 relatio
1343 2415 1478 2464 inter
1529 2414 1776 2464 subditos
1827 2421 1879 2463 et
1931 2421 2101 2464 totam

189 2499 503 2549 societatem
558 2498 850 2566 perfectam
904 2496 988 2547 vel
1048 2497 1422 2547 auctoritatem
1476 2495 1749 2562 publicam
1806 2496 2094 2556 ordinatur,

191 2589 244 2631 et
295 2598 433 2647 quae
486 2598 582 2648 pro
636 2580 739 2630 fine
793 2579 1104 2630 immediato
1160 2578 1362 2628 habent
1416 2578 1621 2628 bonum
1671 2578 1941 2628 societatis
1992 2595 2099 2644 qua

189 2663 323 2714 talis.
404 2664 488 2713 Ius
528 2664 816 2728 privatum
858 2660 1269 2727 comprehendit
1320 2660 1493 2726 leges,
1550 2676 1689 2726 quae
1737 2659 1985 2710 ordinant
2024 2676 2098 2728 re-

190 2744 414 2796 lationes
454 2746 646 2795 civium
687 2745 821 2794 inter
870 2762 927 2794 se
978 2752 1031 2793 et
1081 2743 1389 2793 immediate
1441 2743 1645 2793 bonum
1700 2742 2095 2802 individuorum

189 2821 450 2894 spectant.
520 2827 604 2876 Ius
632 2826 909 2893 publicum
937 2825 1293 2876 subdividitur
1319 2825 1371 2874 in
1401 2823 1818 2875 ecclesiasticum
1847 2832 1900 2874 et
1928 2824 2093 2874 civile.

190 2910 277 2959 Ius
315 2908 720 2959 internationale
760 2909 951 2975 partim
991 2907 1267 2975 publicum
1311 2915 1405 2969 est,
1450 2907 1641 2973 partim
1680 2907 1970 2973 privatum;

267 3013 311 3048 2.
372 2998 422 3047 in
478 2998 561 3048 ius
613 2998 857 3048 striclam
914 3005 968 3047 et
1022 2998 1104 3047 ius
1158 3014 1385 3062 aequum
1441 2996 1690 3062 (aequum
1747 3004 1800 3046 et
1850 2996 2091 3060 bonum).

189 3070 492 3146 Legislator
531 3079 796 3129 humanus
837 3079 1013 3145 legem
1053 3080 1105 3128 in
1145 3077 1423 3128 universali
1465 3077 1564 3127 fert
1601 3095 1698 3128 nec
1728 3094 1915 3128 omnes
1942 3093 2095 3128 casus

189 3161 533 3229 particulares
574 3161 863 3227 praevidet.
946 3161 1086 3211 Hinc
1128 3161 1439 3226 contingere
1479 3167 1681 3226 potest,
1724 3164 1784 3210 ut
1821 3160 1873 3209 in
1912 3159 2092 3225 aliquo

190 3261 314 3293 casu
366 3242 667 3309 particulari
718 3251 939 3309 propter
988 3242 1247 3309 speciales
1296 3242 1718 3292 circumstantias
1770 3241 1858 3291 lex
1897 3242 2094 3307 scripta
2132 3253 2136 3256 '

191 3326 487 3375 secundum
540 3326 769 3391 rigorem
821 3325 1107 3375 verborum
1163 3332 1385 3390 accepta
1436 3340 1534 3374 nec
1589 3323 1815 3374 iustitiae
1870 3321 2093 3372 naturali
