2182 3682
505 162 592 191 LIB.
626 161 675 192 ΙΙ.
722 161 821 192 CAP.
856 161 917 190 IV.
965 161 1027 189 DE
1061 161 1173 189 IURE
1207 160 1630 192 INTERNATIONALI.
1913 156 2015 216 485

122 307 175 348 et
229 297 496 347 inclinatio
552 294 856 346 naturaliter
911 297 1143 346 diversas
1199 305 1388 362 gentes
1443 298 1510 347 ad
1565 299 1733 348 varias
1783 300 1916 349 inter
1965 318 2021 350 se

122 378 402 429 relationes
441 377 664 428 sociales
704 377 960 427 ineundas
1001 377 1216 438 inducit,
1262 379 1583 428 recentiores
1623 380 1862 430 nonnulli
1902 399 2022 432 con-

122 461 344 512 cludunt
382 477 553 526 genus
593 459 886 508 humanum
927 459 978 508 in
1020 460 1275 509 maiorem
1316 477 1484 525 usque
1525 461 1744 511 tendere
1771 463 2020 513 socialem

122 543 388 602 unionem,
432 541 607 591 donec
647 541 866 591 tandem
907 558 1067 590 unam
1110 541 1379 591 cz'vz'talem
1407 542 1497 591 vel
1536 543 1914 607 rempublicam
1956 546 2023 594 ad

122 623 421 689 analogiam
462 622 734 673 Ecclesiae
775 624 1077 673 constituat.

197 726 243 763 2.
289 712 500 778 Quodsi
539 711 672 762 haec
713 710 923 761 socialis
964 712 1204 776 gentium
1245 713 1368 761 unio
1410 711 1748 779 intellegatur
1779 714 1844 763 de
1870 715 2023 764 socie-

119 803 226 845 tate
265 793 419 844 civili
454 811 609 843 sensu
647 793 847 855 stricte,
890 793 1163 858 praedicta
1201 793 1472 844 conclusio
1515 794 1644 844 falsa
1673 804 1767 846 est.
1824 796 2024 846 Divisio

119 877 258 926 enim
310 876 518 942 generis
570 875 786 925 humani
838 875 890 924 in
944 875 1176 925 diversas
1224 877 1508 926 societates
1549 876 1726 926 civiles
1778 878 1828 927 in
1882 896 2026 944 prae-

120 959 255 1009 senti
306 975 478 1008 rerum
518 965 659 1007 statu
713 958 1009 1007 necessaria
1049 964 1143 1007 est.
1225 958 1285 1007 Id
1326 958 1409 1007 vel
1462 959 1587 1008 inde
1634 961 2024 1024 cognoscimus,

121 1040 268 1107 quod
311 1040 573 1090 eiusmodi
614 1047 760 1090 arcta
799 1038 1008 1090 socialis
1049 1040 1190 1101 unio,
1236 1040 1448 1106 qualem
1489 1058 1686 1090 nomen
1726 1050 1895 1092 status
1934 1060 2027 1092 seu

123 1123 346 1173 civitatis
385 1123 662 1188 importat,
717 1122 853 1172 inter
894 1138 1081 1171 omnes
1132 1130 1321 1187 gentes
1372 1122 1641 1173 moraliter
1691 1124 2029 1190 impossibilis

123 1213 216 1256 est.
299 1204 592 1271 Quomodo
634 1205 772 1253 enim
816 1213 1035 1270 possent
1077 1223 1122 1255 v,
1168 1222 1217 1271 g.
1263 1205 1486 1256 eaedem
1526 1205 1673 1271 leges
1714 1205 1891 1256 civiles
1932 1225 2028 1273 pro

125 1287 371 1337 omnibus
427 1286 610 1336 mundi
665 1286 904 1352 partibus
959 1286 1096 1336 adeo
1153 1287 1286 1337 inter
1340 1304 1398 1337 se
1454 1288 1673 1337 diversis
1729 1297 1781 1338 et
1838 1289 2030 1338 dissitis

125 1369 274 1419 ferri?
350 1369 420 1418 Et
471 1369 748 1435 quomodo
801 1377 1021 1434 possent
1073 1369 1318 1419 homines
1358 1369 1495 1418 adeo
1549 1370 1740 1420 diversi
1781 1379 1833 1420 et
1884 1380 2030 1420 tanta

124 1450 365 1501 locorum
437 1451 684 1501 distantia
752 1451 981 1517 separati
1052 1452 1120 1500 ad
1193 1452 1605 1517 conspirandum
1679 1453 1730 1502 in
1801 1454 2031 1503 eundem

129 1533 290 1583 finem
330 1532 506 1599 adigi?

133 1680 278 1732 660.
362 1695 407 1745 3.
463 1680 519 1732 Si
571 1689 748 1730 autem
801 1680 886 1731 illa
938 1682 1060 1731 unio
1112 1681 1452 1747 intellegatur
1503 1683 1570 1732 de
1626 1683 1806 1733 sociali
1856 1683 2032 1749 aliqua

128 1764 323 1814 unione
365 1781 507 1813 mere
531 1763 920 1828 foederaliva,
971 1781 1108 1830 quae
1147 1764 1368 1829 singulis
1420 1765 1669 1831 gentibus
1710 1765 1923 1831 plenam
1963 1766 2032 1815 in-

128 1845 544 1912 dependentiam
585 1846 763 1911 quoad
807 1863 888 1895 res
928 1847 1158 1896 internas
1200 1846 1485 1913 relinquat,
1542 1848 1731 1898 eadem
1773 1849 2034 1898 sententia

127 1928 335 1978 admitti
393 1935 587 1994 potest.
689 1927 902 1978 Etenim
963 1928 1203 1994 quamvis
1263 1930 1420 1979 etiam
1481 1931 1592 1979 sine
1653 1931 1795 1981 dicta
1853 1930 2034 1981 sociali

126 2011 320 2061 unione
361 2017 548 2076 gentes
588 2027 645 2060 se
686 2019 870 2060 mutuo
913 2011 1090 2060 iuvare
1131 2012 1351 2077 possint,
1395 2021 1573 2062 tamen
1603 2013 1862 2063 eiusmodi
1893 2030 2034 2062 mera

127 2093 473 2159 iuxtapositio
516 2091 690 2142 multis
732 2092 923 2154 litibus,
968 2093 1134 2155 bellis,
1179 2095 1505 2144 diversarum
1538 2096 1673 2145 inter
1700 2113 1757 2145 se
1798 2097 2035 2161 gentium

132 2176 267 2226 odiis
325 2193 509 2225 ansam
573 2175 822 2241 praebet,
889 2193 1062 2241 neque
1122 2194 1335 2243 semper
1396 2178 1473 2226 ius
1535 2177 1851 2227 debiliorum
1910 2179 2036 2227 satis

129 2257 414 2308 efficaciter
468 2265 658 2307 tuetur.
752 2258 882 2308 Ideo
938 2259 1206 2324 quaedam
1261 2259 1469 2309 socialis
1526 2261 1647 2311 unio
1703 2260 1803 2309 sub
1860 2259 2035 2326 aliqua

129 2341 402 2390 communi
443 2340 772 2401 auctoritate,
817 2358 955 2406 quae
997 2340 1279 2391 relationes
1320 2342 1769 2393 intemmlc'onales
1809 2343 2033 2404 ordinet,

129 2439 318 2488 pacem
360 2431 411 2472 et
463 2423 712 2472 iustitiam
763 2423 898 2472 inter
939 2423 1173 2473 diversas
1226 2433 1414 2490 gentes
1455 2426 1746 2485 custodiat,
1803 2434 1945 2475 recte
1985 2426 2036 2474 in

129 2505 422 2556 intentione
463 2513 680 2555 naturae
719 2506 818 2555 sita
861 2523 976 2555 esse
1012 2507 1214 2557 dicitur.
1273 2507 1396 2557 Hoc
1425 2508 1590 2557 modo
1633 2506 1858 2574 plurima
1898 2507 2038 2557 bella

127 2588 418 2638 vitarentur
458 2596 510 2638 et
564 2596 738 2637 totum
789 2588 1083 2638 humanum
1136 2607 1306 2655 genus
1358 2590 1409 2639 in
1451 2607 1611 2640 unam
1664 2606 1916 2655 magnam
1970 2589 2036 2639 fa-

131 2669 326 2719 miliam
368 2669 705 2721 coalesceret.
789 2671 1027 2721 Dubium
1069 2689 1175 2721 non
1218 2680 1324 2733 est,
1369 2673 1497 2738 quin
1540 2672 1864 2723 commercio
1907 2672 2039 2721 inter

131 2761 320 2819 gentes
371 2753 422 2802 in
478 2754 591 2803 dies
645 2762 919 2803 crescente
979 2755 1136 2804 etiam
1195 2755 1459 2804 eiusmodi
1514 2754 1724 2805 socialis
1778 2762 2039 2805 structura

131 2834 474 2885 universalior
514 2836 683 2902 magis
725 2836 1005 2902 magisque
1046 2837 1341 2886 necessaria
1382 2837 1487 2888 fiat.

203 2938 254 2986 4.
298 2923 610 2974 Auctoritas
650 2942 898 2991 suprema
949 2925 1367 2976 internationalis
1418 2925 1620 2993 pollere
1674 2926 1895 2976 deberet
1946 2943 2037 2992 po-

131 3013 322 3056 testate
363 3005 671 3073 legislativa,
715 3009 1036 3070 exsecutiva‚
1080 3009 1349 3058 iudiciaria
1377 3010 1558 3075 quoad
1588 3007 1870 3058 relationes
1906 3009 2040 3058 inter

130 3089 298 3138 varias
350 3096 554 3155 gentes.
635 3087 802 3139 Secus
855 3091 994 3140 enim
1048 3090 1207 3140 finem
1259 3109 1414 3141 suum
1456 3091 1742 3141 efficaciter
1783 3091 2038 3156 consequi

131 3187 259 3219 non-
292 3180 489 3236 posset.
571 3171 810 3222 Deberet
862 3190 1079 3239 quoque
1131 3173 1329 3223 habere
1377 3174 1456 3223 ius
1508 3172 1816 3239 postulandi
1857 3173 2040 3239 copias

132 3252 199 3301 ad
240 3253 604 3319 reprimendos
645 3262 992 3305 contumaces
1031 3256 1367 3305 necessarias.
1428 3254 1718 3305 Obiectum
1758 3254 2040 3304 activitatis

133 3333 287 3384 huius
346 3336 672 3386 auctoritatis
731 3344 870 3386 esset
933 3337 1175 3386 dirimere
1236 3337 1624 3387 controversias
1682 3338 1816 3386 inter
1874 3337 2039 3386 varias
