2182 3682
200 183 299 219 120
596 178 710 207 PARS
744 178 773 208 Ι.
823 177 1140 206 PHILOSOPHIA
1174 175 1379 205 MORALIS
1415 175 1697 205 GENERALIS.

193 314 357 380 Quod
413 332 521 364 non
576 315 650 365 sic
713 312 1135 380 intellegendum
1199 320 1304 372 est,
1372 311 1522 377 quasi
1577 310 1808 377 reliquae
1861 311 2098 372 virtutes,

191 415 238 448 V.
282 414 332 463 g.
377 398 743 463 temperantia,
789 414 897 446 non
937 402 1211 445 versentur
1247 395 1386 444 circa
1413 392 1645 459 aliquam
1686 410 1798 443 rem
1837 393 1890 443 in
1930 410 2101 459 eaque

193 480 431 529 medium
456 488 708 541 'servent3
763 479 859 528 sed
913 477 1148 543 reliquae
1199 477 1422 526 virtutes
1473 475 1782 525 immediate
1823 483 2099 542 quaerunt,

193 578 331 628 quae
372 579 455 612 res
494 562 560 611 sit
612 561 721 626 ipsi
771 560 957 626 agenti
994 559 1290 608 secundum
1331 566 1641 624 praesentes
1682 557 2104 607 circumstantias

192 645 600 710 proportionata
640 651 694 693 et
735 642 1087 704 conveniens3
1130 641 1328 691 iustitia
1366 657 1493 690 vero
1534 640 1841 690 immediate
1881 639 2100 706 quaerit,

194 744 331 792 quae
387 743 470 776 res
524 726 590 775 sit
648 724 1056 791 proportionata
1114 723 1230 773 jari
1282 722 1525 772 alterius
1609 721 1765 772 Hanc
1825 739 1936 771 rem
1989 720 2104 771 vult

193 807 343 858 alteri
383 808 448 858 ad
491 807 866 873 aequalitatem
908 806 1146 856 reddere.
1228 805 1359 855 Inde
1414 805 1653 870 sequitur
1692 804 1927 854 medium
1966 803 2104 854 iusti-

193 891 297 941 tiae
348 908 444 956 per
489 907 546 940 se
597 907 713 939 esse
765 889 908 939 idem
949 889 1000 938 in
1042 888 1317 950 omnibus;
1374 887 1613 936 medium
1665 894 1844 936 autem
1885 884 2107 936 aliarum

192 973 446 1022 virtutum
497 973 697 1022 variare
754 978 935 1038 potest
989 971 1285 1021 secundum
1348 977 1629 1020 concretas
1685 968 2106 1019 circumstantias

194 1055 489 1121 operantis,
548 1063 601 1105 et
648 1061 934 1121 propterea
986 1062 1065 1103 est
1118 1053 1288 1119 magis
1329 1051 1599 1102 occultum
1641 1060 1693 1101 et
1744 1051 1944 1100 maiore
1984 1067 2106 1101 con-

192 1138 514 1189 sideratione
570 1138 785 1187 rationis
836 1137 1057 1201 indiget.
1138 1136 1279 1186 Hinc
1320 1135 1557 1184 medium
1610 1133 1827 1184 rationis
1866 1141 2102 1184 vocatur.

271 1251 446 1297 Dices:
491 1251 630 1310 Ergo
666 1249 843 1296 iustitia
879 1264 982 1295 non
1019 1249 1169 1295 habet
1205 1263 1295 1309 pro
1333 1263 1507 1294 norma
1543 1255 1770 1294 naturam
1818 1247 2109 1293 rationalem

185 1323 344 1386 'ipsius
382 1325 646 1387 operantis.
698 1326 834 1385 Κεφ.
856 1342 869 1369 .·
904 1323 1044 1383 AVego
1080 1324 1198 1369 illat.
1262 1323 1390 1369 Nam
1429 1322 1652 1382 quamvis
1682 1321 1904 1384 proxime
1930 1321 2109 1368 iustitia

194 1402 351 1447 solum
390 1408 609 1461 quaerat,
649 1414 775 1460 quae
813 1398 871 1445 sit
908 1413 985 1444 res
1023 1405 1421 1444 commensurata
1457 1396 1549 1443 iuri
1585 1396 1800 1452 alterius,
1840 1405 2030 1455 tamen,
2069 1395 2108 1443 si

194 1476 392 1522 ulterius
430 1490 631 1536 quaero,
672 1490 757 1520 cur
789 1475 1051 1521 honestum
1078 1472 1136 1519 sit
1162 1472 1266 1519 aliis
1292 1471 1513 1519 debitum
1539 1472 1603 1519 ad
1628 1471 1975 1532 aequalitatem
2003 1471 2111 1517 red·

195 1550 328 1608 dere,
368 1550 774 1611 respondendum
811 1557 896 1606 est,
936 1547 1051 1609 quia
1087 1548 1184 1594 hoc
1221 1546 1526 1594 conveniens
1553 1556 1625 1594 est
1649 1546 1862 1593 hominis
1887 1555 2108 1593 naturae.

200 1628 315 1673 «Est
353 1625 484 1672 enim
522 1624 711 1672 homini
747 1624 984 1681 naturale,
1025 1622 1161 1684 quod
1198 1622 1257 1669 sit
1293 1622 1475 1669 animal
1512 1621 1708 1678 sociale,
1749 1660 1757 1669 .
1788 1660 1796 1669 .
1827 1660 1835 1669 .
1864 1637 1923 1668 ea
1947 1620 2107 1682 igitur,

194 1700 300 1748 sine
338 1700 513 1761 quibus
551 1699 760 1747 societas
796 1699 1012 1745 humana
1049 1697 1332 1744 conservari
1380 1713 1484 1743 non
1533 1705 1719 1758 potest,
1768 1704 1880 1743 sunt
1918 1695 2109 1743 homini

193 1775 480 1822 naturaliter
517 1774 879 1822 convenientia.
943 1773 1241 1820 Huiusmodi
1279 1780 1441 1818 autem
1479 1781 1613 1819 sunt:
1653 1771 1932 1832 unicuique,
1972 1771 2108 1832 quod

197 1866 333 1897 suum
372 1858 457 1908 est,
498 1864 794 1897 conservare
832 1857 879 1895 et
905 1848 966 1894 ab
993 1847 1178 1894 iniuriis
1204 1846 1479 1894 abstineret>
1512 1842 1586 1907 (C.
1613 1854 1746 1907 gent.
1774 1847 1803 1892 l.
1831 1862 1875 1905 3,
1904 1862 1945 1893 c,
1979 1841 2105 1907 129).

206 1972 346 2024 141.
427 1960 629 2010 Iustitia
665 1959 915 2008 dividitur
947 1959 998 2008 in
1025 1958 1343 2024 generalem
1375 1964 1428 2007 et
1445 1957 1862 2022 particularem.
1907 1956 2109 2007 Iustitia

197 2043 339 2093 enim
380 2043 653 2092 hominem
683 2041 894 2091 ordinat
922 2041 972 2090 in
1003 2041 1405 2106 comparatione
1447 2040 1515 2088 ad
1545 2038 1718 2100 alium,
1763 2039 1914 2105 quod
1943 2037 2108 2105 dupli-

143 2117 147 2119 *
196 2126 325 2176 citer
364 2125 475 2175 fieri
527 2133 720 2191 potest.
803 2123 984 2173 Debet
1024 2123 1164 2172 enim
1206 2122 1370 2172 homo
1414 2130 1465 2171 et
1508 2122 1904 2182 communitati,
1963 2121 2109 2171 cuius

196 2208 497 2258 membrum
538 2216 643 2268 est,
703 2215 755 2256 et
796 2206 1082 2272 unicuique
1132 2204 1383 2271 singulari
1434 2221 1697 2270 personae
1745 2204 1899 2264 dare,
1958 2203 2107 2269 quod

195 2308 350 2341 suum
393 2300 487 2341 est.
569 2289 786 2350 Iustitia,
830 2305 968 2354 quae
1009 2288 1280 2338 hominem
1318 2287 1535 2338 inclinat
1576 2287 1645 2336 ad
1687 2287 1924 2336 dandum
1967 2302 2107 2336 com-

196 2374 455 2433 munitati,
499 2373 646 2439 quod
674 2388 827 2421 suum
857 2379 950 2431 est,
984 2381 1206 2420 vocatur
1233 2370 1429 2420 iustitia
1450 2370 1737 2436 generalis
1763 2368 1848 2420 vel
1877 2368 2108 2434 legalis,-

195 2456 391 2507 iustitia
429 2473 573 2516 vem,
617 2471 755 2521 quae
795 2472 918 2504 eum
958 2452 1174 2503 inclinat
1214 2453 1283 2503 ad
1325 2452 1436 2502 aliis
1476 2451 1829 2518 singularibus
1867 2451 2110 2518 personis

198 2539 434 2589 dandum
492 2537 790 2588 secundum
846 2535 1250 2603 aequalitatem,
1310 2535 1457 2601 quod
1515 2551 1696 2584 earum
1749 2542 1856 2594 est,
1919 2533 2110 2583 dicitur

186 2621 569 2687 particularis.

272 2704 502 2764 Iustitia,
558 2721 694 2769 quae
734 2702 1008 2751 hominem
1062 2700 1273 2750 ordinat
1311 2701 1363 2750 in
1416 2699 1818 2765 comparatione
1859 2697 1927 2748 ad
1969 2713 2109 2748 com-

200 2787 545 2846 munitatem,
595 2793 817 2835 vocatur
849 2783 1161 2849 gencralzssr,
1214 2799 1323 2832 non
1364 2790 1650 2848 propterea
1706 2780 1854 2846 quod
1895 2796 2005 2830 non
2043 2778 2111 2828 sit

197 2869 361 2918 virtus
415 2867 660 2934 specialis
716 2867 783 2917 ab
841 2865 954 2915 aliis
993 2865 1276 2915 virtutibus
1317 2864 1594 2923 distincta,
1655 2862 1751 2912 sed
1804 2870 2106 2928 propterea,

200 2951 324 3016 quia
364 2959 444 2999 est
484 2948 745 3016 generalis
786 2949 838 2997 in
880 2948 1179 3007 causand0‚
1239 2954 1503 3013 quatenus
1543 2954 1694 2994 actus
1735 2944 1974 2994 omnium
2014 2942 2109 2991 vir-

199 3041 374 3082 tutum
415 3033 464 3081 in
507 3033 710 3082 bonum
753 3047 1039 3080 commune
1093 3030 1316 3079 ordinat.
1397 3028 1537 3077 Nam
1578 3026 1779 3076 bonum
1830 3024 2109 3092 quodlibet

200 3114 479 3164 cuiuslibet
530 3114 693 3180 partis
745 3121 825 3162 est
876 3111 1171 3161 ordinabile
1225 3112 1275 3160 in
1329 3111 1534 3160 bonum
1585 3109 1749 3158 totius
1791 3108 1863 3172 (S.
1920 3107 2106 3157 Tlmm.

202 3210 249 3257 2,
295 3210 342 3257 2,
386 3214 435 3262 q.
485 3198 566 3259 58,
609 3212 654 3245 a.
704 3196 768 3259 5).
825 3194 1031 3244 Dicitur
1071 3194 1229 3243 etiam
1273 3192 1490 3258 legalis,
1532 3191 1656 3256 quia
1684 3190 1955 3240 hominem
1986 3204 2107 3238 con-

201 3278 396 3328 format
434 3277 556 3344 legi,
600 3293 737 3343 quae
772 3283 925 3326 actus
951 3276 1206 3325 virtutum
1235 3275 1302 3324 ad
1333 3275 1533 3324 bonum
1564 3289 1851 3322 commune
1880 3271 2104 3321 ordinat.

201 3359 271 3408 Et
327 3360 450 3426 quia
504 3359 756 3426 principis
812 3366 892 3408 est
946 3356 1244 3407 condendis
1298 3356 1507 3422 legibus
1561 3355 1764 3404 bonum
1823 3367 2108 3404 commune
