2182 3682
278 173 430 201 CAPUT
463 173 510 201 11.
560 173 623 200 DE
656 172 852 200 ACTIBUS
887 172 1104 201 HUMANIS
1140 172 1341 201 PHYS1CE
1376 174 1730 204 CONSIDERATIS.
1879 175 1946 227 47

603 312 630 366 ξ
666 325 703 355 2.
753 315 832 353 DE
867 315 1387 356 CONCUPISCENTIA.

55 408 217 462 (Arzsl.,
251 410 346 449 Eth.
380 411 405 448 1.
441 420 479 460 3,
515 423 549 449 c.
586 421 623 449 2.
689 410 729 448 S.
772 411 911 449 Tlmm.
951 421 984 459 Ι,
1022 421 1058 459 2,
1094 425 1132 463 q.
1168 412 1206 459 6,
1241 427 1276 451 a.
1314 422 1350 461 7.
1416 414 1581 459 Smw‘ez,
1615 413 1681 452 De
1713 413 1947 452 voluntario

718 477 824 529 disp.
860 488 898 527 3,
934 485 1033 516 sect.
1070 489 1107 528 3,
1143 491 1183 516 n.
1221 476 1282 529 5.)

54 588 155 642 45.
234 577 398 628 Notio
439 585 490 627 et
525 577 738 627 divisio.

134 689 173 724 Ι.
219 673 663 741 Concupiscentia
715 683 796 724 est
846 682 1024 724 motus
1072 675 1341 741 appetitus
1381 674 1612 724 sensitivi
1651 676 1703 724 in
1743 675 1945 724 bonum

51 748 649 823 delectaffilefabsenss
697 753 851 820 Quae
893 757 960 805 de
1001 742 1433 822 concupiscentia
1473 757 1729 816 dicentur,
1771 756 1948 806 valent

32 823 117 897 ,de
145 839 392 888 omnibus
420 838 770 904 passionibus,
803 856 938 904 quae
966 847 1357 904 prosequuntur
1384 838 1587 888 bonum
1612 837 1943 888 delectabile.

125 941 152 967 0
225 927 582 994 Distinguitur
634 927 683 976 in
742 927 1129 977 antecedentem
1186 935 1239 976 et
1293 935 1699 992 consequenlem.
1781 926 1946 986 Ante-

125 966 171 978 A·

49 1010 245 1060 cedens
311 1018 420 1071 est,
490 1027 627 1076 quae
694 1009 879 1058 ordine
946 1008 1268 1059 causalitatis
1328 1009 1601 1074 praecedit
1658 1008 1947 1058 voluntatis

48 1082 544 1142 determinationem
594 1109 689 1141 seu
742 1108 1060 1141 consensum
1112 1107 1339 1156 eamque
1392 1091 1459 1140 ad
1502 1091 1944 1140 consentiendum

47 1173 221 1224 allicit.

122 1261 470 1329 Consequens
497 1279 622 1312 vero
665 1269 758 1322 est,
803 1279 938 1328 quae
981 1262 1166 1311 ordine
1208 1260 1528 1311 causalitatis
1556 1270 1733 1311 actum
1762 1260 1943 1310 volun-

46 1345 168 1394 tatis
207 1345 457 1411 sequitur,
500 1345 610 1394 sive
651 1344 774 1410 quia
800 1343 1045 1393 voluntas
1085 1343 1384 1393 inferiorem
1418 1343 1715 1408 appetitum
1746 1343 1944 1392 directe

46 1436 98 1476 et
139 1444 207 1476 ex
246 1427 502 1476 industria
542 1426 740 1476 excitat
778 1425 861 1476 vel
902 1425 1091 1475 saltem
1133 1425 1299 1486 fovet,
1342 1426 1452 1474 sive
1494 1426 1615 1491 quia
1655 1424 1944 1474 vehemens

45 1516 222 1557 motus
260 1506 548 1557 voluntatis
598 1508 650 1557 in
702 1507 933 1557 eundem
974 1507 1271 1573 appetitum
1310 1506 1619 1556 sensitivum
1661 1506 1939 1556 redundat.

122 1610 165 1659 3.
211 1595 659 1662 Concupiscentia
714 1614 1028 1661 consequens
1082 1614 1272 1663 Περι-ξς*
1308 1604 1472 1662 auget
1528 1613 1703 1661 neque
1734 1595 1942 1659 „mfflUit

42 1676 393 1745 votharium
433 1687 485 1727 et
525 1677 746 1742 liberum
787 1687 951 1740 actus,
996 1696 1025 1727 a
1066 1696 1173 1744 quo
1215 1686 1272 1727 ut
1312 1695 1341 1726 a
1382 1694 1541 1727 causa
1582 1678 1840 1743 procedit,
1884 1686 1941 1726 ut

41 1767 202 1825 patet.
283 1760 468 1825 Itaque
521 1760 587 1809 de
638 1759 756 1809 solo
809 1759 1011 1809 influxu
1064 1760 1527 1825 concupiscentiae
1575 1760 1940 1809 antecedentis

40 1841 92 1891 in
131 1840 484 1891 voluntarium
533 1850 586 1892 et
625 1841 850 1891 liberum
892 1843 1162 1908 agendum
1203 1850 1460 1907 superest.
1542 1841 1725 1891 Potest
1765 1849 1942 1891 autem

42 1924 503 1989 concupiscentia,
566 1941 703 1989 quae
760 1933 839 1974 est
895 1941 1232 1990 consequens
1288 1932 1531 1989 respectu
1589 1924 1738 1972 unius
1793 1931 1942 1972 actus

38 2004 339 2067 voluntatis,
383 2023 498 2055 esse
540 2007 864 2056 antecedens
905 2015 1148 2072 respectu
1194 2005 1421 2055 alterius.

771 2184 1039 2232 THESIS
1078 2185 1198 2231 VII.

39 2275 142 2340 46-
260 2288 730 2349 Concupiscentia
788 2289 1131 2336 antecedens
1190 2294 1384 2335 causat
1441 2285 1824 2334 voluntarium
1886 2292 1941 2333 et

37 2368 202 2422 auget
239 2362 496 2410 eiusdem
522 2362 923 2420 intensitatem‚
963 2364 1064 2410 sed
1091 2362 1295 2409 minuit
1321 2362 1578 2409 eiusdem
1604 2360 1936 2407 libertatem.

112 2467 202 2521 St.
247 2469 323 2538 Q.
383 2472 744 2539 Supponimus
785 2472 1270 2539 concupiscentiam
1311 2488 1419 2521 non
1461 2488 1575 2520 esse
1616 2476 1834 2531 tantam,
1880 2477 1937 2518 ut

36 2552 269 2603 totaliter
309 2554 512 2604 auferat
554 2572 706 2604 usum
747 2555 976 2604 rationis.

110 2649 276 2697 Prob.
356 2650 501 2700 Pars
553 2651 595 2700 l.
682 2649 886 2719 qucsat
929 2650 1312 2700 volzmz‘arz'mn.
1394 2649 1475 2716 Id⁴
1516 2655 1699 2713 causat
1713 2712 1731 2714 fi
1749 2646 1935 2715 Xoiun-

34 2731 250 2793 tarium,
307 2734 455 2797 quod
495 2732 826 2783 voluntatem
879 2741 1061 2782 movet
1112 2733 1180 2782 ad
1220 2731 1527 2781 volendum.
1607 2730 1777 2795 Atqui
1815 2746 1935 2778 con-

34 2813 360 2878 cupiscentia
387 2815 712 2865 antecedens
740 2823 922 2864 movet
949 2814 1281 2864 voluntatem
1310 2813 1378 2863 ad
1406 2811 1711 2863 volendum.
1779 2810 1933 2875 Ergo

34 2895 465 2961 concupiscentia
506 2905 690 2946 causat
728 2895 1100 2947 voluntarium.

106 2990 261 3042 Proh.
306 2993 433 3042 mai.
516 2992 693 3043 Actus
731 2992 1019 3043 voluntatis
1059 3001 1139 3042 est
1178 2993 1458 3042 intrinsece
1498 2989 1838 3040 voluntarius.

104 3086 262 3138 Proh.
306 3090 431 3138 min.
521 3090 612 3140 «Id
666 3090 813 3156 quod
867 3089 1283 3156 apprehenditur
1328 3088 1426 3138 sub
1468 3088 1670 3137 ratione
1710 3085 1837 3135 boni
1878 3091 1931 3133 et

31 3169 409 3232 convenientis,
452 3180 634 3221 movet
673 3171 1006 3222 voluntatem
1047 3189 1142 3237 per
1181 3170 1404 3220 modum
1448 3168 1693 3218 obiecti.»
1763 3165 1935 3230 Atqui

30 3252 462 3318 concupiscentia
489 3253 665 3314 efficit,
709 3260 767 3303 ut
806 3255 1079 3303 obiectum
1106 3253 1349 3302 videatur
1389 3250 1724 3301 conveniens.
1787 3247 1928 3296 Nam

37 3334 214 3397 «quod
254 3334 452 3400 aliquid
492 3335 734 3385 videatur
772 3337 975 3385 bonum
1004 3343 1056 3385 et
1084 3334 1421 3393 convenienS,
1465 3349 1534 3380 ex
1562 3329 1776 3380 duobus
1804 3345 1926 3378 con—
