2182 3682
592 198 744 226 CAPUT
778 197 820 227 V.
870 197 931 225 DE
965 197 1083 225 LEGE
1119 197 1374 226 NATURALL
1835 202 1933 252 139

42 333 308 383 actionum
358 331 538 397 sequi?
615 330 802 381 Solum
854 331 1163 397 responderi
1203 338 1408 395 potest,
1463 333 1583 397 quia
1623 334 1732 383 eius
1772 333 1933 384 laesio

40 420 181 464 esset
221 422 405 463 contra
446 421 648 462 rectum
689 412 947 473 ordinem,
990 419 1043 461 et
1069 419 1256 461 teneor
1282 412 1445 461 vitare
1474 414 1932 466 inordinationem.

40 494 148 545 Sed
190 512 386 560 quaero
428 494 670 544 ulterius:
716 492 821 543 Cur
848 502 1032 543 teneor
1069 493 1234 542 vitare
1274 494 1749 546 inordinationem?
1824 497 1936 546 Nisi

41 577 352 626 admittatur
392 576 569 626 divina
609 575 758 640 origo
803 575 1158 641 obligationiS,
1203 576 1637 640 respondendum
1678 586 1772 637 est,
1817 579 1938 643 quia

40 667 225 708 natura
277 658 344 708 ab
387 674 449 708 ea
489 657 768 718 abhorret,
827 664 880 707 et
919 657 993 707 sic
1034 657 1166 707 haec
1207 657 1469 706 sententia
1510 658 1694 707 recidit
1734 659 1784 708 in
1825 676 1935 708 sen-

39 740 257 790 tentiam
297 739 595 806 Vasquesii.

49 880 188 944 163.
301 892 466 930 PARS
497 892 572 929 IV.
643 892 765 929 Vera
799 890 1045 929 sententia
1080 890 1346 939 exponitur.

115 987 279 1034 Proh
339 979 504 1040 Deus,
548 979 758 1048 sapiens
799 978 982 1027 mundi
1023 986 1229 1027 creator
1269 995 1329 1028 ac
1371 978 1710 1043 gubernator,
1755 996 1940 1028 omnes

42 1077 122 1125 res
139 1046 468 1119 efficaciter
508 1078 600 1111 seu
653 1077 773 1110 cum
829 1061 1145 1127 necessitate
1198 1060 1428 1126 quadam
1484 1060 1707 1110 naturali
1762 1079 1886 1111 mov
1890 1069 1941 1110 et

40 1141 90 1191 in
133 1142 275 1207 recti
291 1143 498 1209 ordinis
539 1115 948 1215 custodiamsin
990 1159 1096 1208 qua
1136 1142 1305 1207 gloria
1337 1143 1438 1192 Dei
1481 1143 1733 1193 consistit
1791 1143 1941 1208 Haec

40 1232 217 1274 autern
257 1226 546 1276 necessitas
585 1226 637 1275 in
667 1208 896 1274 diversis
937 1226 1189 1274 creaturis
1232 1225 1319 1274 div
1324 1242 1440 1297 ersa
1478 1234 1558 1274 est
1598 1243 1694 1291 pro
1737 1226 1943 1275 (1116153

42 1323 220 1356 63111111
262 1287 477 1384 1161111161.Ἴ
545 1307 604 1356 Ι11
646 1294 895 1357 creaturis
936 1294 1321 1357 irrationalibus
1355 1293 1444 1356 est
1468 1307 1700 1373 phisica
1742 1318 1793 1358 et
1832 1308 1941 1357 Aul?

43 1397 184 1438 ῑιείῑῑ
191 1407 251 1451 a,
295 1390 418 1455 quia
446 1390 668 1440 naturali
696 1390 1012 1439 necessitate
1040 1390 1108 1439 ab
1138 1390 1421 1439 intrinseco
1450 1390 1518 1439 ad
1548 1390 1740 1440 0135611
1744 1377 1943 1439 andum

43 1471 284 1520 ordinem
331 1472 456 1537 ipsis
509 1471 804 1538 praefixum
856 1472 1256 1537 adstringuntur
1307 1470 1534 1537 (legibus
1587 1472 1820 1538 physicis
1860 1472 1942 1522 161

42 1553 326 1617 instinctu).
396 1554 579 1603 Homo
621 1571 748 1603 vero
790 1563 980 1620 utpote
1021 1553 1262 1603 libertate
1304 1554 1576 1620 praeditus
1616 1572 1723 1603 non
1764 1563 1943 1620 potest

44 1634 144 1698 hac
185 1636 570 1702 rationeadigi
610 1636 679 1686 ad
721 1637 851 1686 recti
892 1636 1089 1686 ordinis
1131 1636 1456 1697 custodiam,
1510 1637 1605 1686 sed
1646 1636 1816 1686 solum
1859 1654 1943 1686 ne-

46 1718 297 1784 cessitate?
319 1718 576 1783 Obiectii'a
605 1735 696 1768 seu
726 1736 793 1768 ezr
818 1718 1175 1783 supposifionc
1198 1718 1354 1784 finis,
1396 1727 1654 1784 quatenus
1682 1706 1948 1783 cognosci?

45 1800 172 1850 recti
213 1801 411 1850 ordinis
452 1801 751 1851 custodiam
802 1801 901 1850 sibi
942 1817 1056 1850 esse
1098 1801 1476 1861 necessariam,
1532 1801 1573 1850 si
1616 1810 1818 1850 certum
1861 1801 1944 1851 ali-

49 1899 210 1948 quem
251 1883 411 1933 finem
453 1885 710 1949 consequi
749 1883 875 1933 velit
904 1882 978 1947 (S.
1019 1882 1225 1943 sltem„
1270 1882 1353 1932 De
1394 1884 1539 1932 verit.
1584 1901 1633 1949 q.
1675 1895 1752 1947 17,
1796 1901 1839 1934 a.
1876 1885 1941 1948 3).

43 1964 320 2015 Praeterea
374 1982 493 2016 cum
547 1966 803 2032 obligatio
857 1965 1071 2015 moralis
1110 1966 1176 2015 sit
1228 1966 1514 2015 necessitas
1561 1966 1825 2031 quaedam
1867 1983 1945 2016 ca-

44 2032 297 2113 tegorica,
300 2038 492 2114 *qua
471 2056 543 2097 ita
571 2049 639 2098 ad
668 2048 845 2114 legem
874 2048 1265 2114 adstringimur,
1298 2057 1353 2097 ut
1381 2048 1679 2097 secundum
1708 2048 1945 2097 omnium

44 2130 359 2179 sententiam
401 2131 579 2196 potius
620 2131 797 2180 onmia
838 2130 975 2180 mala
1027 2129 1342 2196 temporalia
1393 2138 1445 2179 et
1496 2131 1665 2195 ipsam
1718 2143 1945 2180 mortem

44 2211 219 2261 subire
260 2229 422 2278 quam
464 2212 638 2277 legem
680 2213 977 2278 transgredi
1017 2213 1326 2272 debeamus,
1370 2211 1455 2261 ille
1496 2212 1634 2273 finis,
1677 2212 1745 2262 ad
1789 2229 1945 2278 quem

46 2292 397 2343 obtinendum
439 2295 684 2344 custodia
725 2295 856 2361 legis
894 2295 1143 2345 naturalis
1172 2303 1251 2344 est
1279 2294 1589 2355 necessaria,
1634 2311 1740 2344 non
1769 2304 1948 2360 potest

46 2392 161 2425 esse
202 2376 405 2426 bonum
447 2377 664 2443 aliquod
705 2378 1027 2444 temporale,
1082 2378 1177 2427 sed
1220 2377 1383 2426 debet
1424 2394 1539 2426 esse
1587 2377 1788 2426 bonum
1839 2377 1947 2426 infi-

46 2458 212 2507 nitum
254 2467 307 2508 et
347 2468 621 2509 aeternum
650 2477 741 2509 seu
770 2461 883 2526 ipse
912 2461 1077 2520 Deus,
1122 2468 1178 2509 ut
1208 2468 1287 2508 est
1316 2459 1431 2508 finis
1460 2458 1673 2508 ultimus
1700 2458 1944 2509 hominis.

45 2540 190 2606 Ergo
233 2540 491 2606 obligatio
534 2543 773 2592 consistit
814 2542 865 2591 in
907 2543 1126 2608 cognito
1169 2541 1466 2591 necessario
1501 2558 1643 2590 nexu
1673 2541 1948 2591 custodiae

47 2623 174 2672 recti
214 2623 412 2673 ordinis
453 2640 574 2673 curn
615 2624 720 2674 hoc
762 2624 865 2674 fine
907 2624 1107 2674 ultimo.

119 2703 282 2754 Porro
338 2705 456 2755 finis
511 2705 725 2756 ultimus
785 2706 1067 2773 dupliciter
1121 2707 1351 2772 spectari
1411 2713 1616 2771 potest:
1682 2706 1947 2766 obl'ecliz'c,

47 2791 105 2834 ut
143 2786 404 2852 significat
434 2788 612 2838 Deum
653 2789 855 2839 bonurn
884 2788 1147 2839 infinitum
1188 2797 1408 2854 propter
1436 2805 1492 2837 se
1532 2788 1703 2853 ipsum
1745 2787 1947 2837 infinito

48 2883 226 2918 amore
279 2869 503 2935 dignum
556 2880 608 2920 et
661 2871 821 2921 finem
874 2871 1118 2922 absolute
1172 2870 1413 2920 ultimum
1457 2870 1692 2919 omnium
1747 2887 1944 2931 rerum;

47 2951 286 3001 secundo
326 2952 632 3014 subjective,
687 2963 743 3003 ut
783 2954 1048 3019 significat
1089 2952 1462 3002 beatitudinem
1506 2961 1756 3001 nostram.
1837 2951 1947 3000 Iam

48 3040 168 3081 sunt
228 3034 314 3099 qui
376 3043 566 3100 putent
623 3035 1007 3101 obligationem
1069 3035 1358 3085 formaliter
1414 3034 1702 3084 consistere
1758 3034 1807 3082 in
1864 3050 1947 3082 ne-

50 3115 277 3164 cessario
318 3133 461 3166 nexu
504 3118 777 3167 custodiae
818 3119 947 3167 recti
988 3118 1185 3167 ordinis
1222 3133 1340 3166 cum
1384 3115 1710 3165 beatitudine
1752 3124 1944 3165 nostra.

51 3193 158 3244 Sed
200 3197 372 3247 minus
413 3208 555 3249 recte
595 3207 652 3249 ut
690 3200 913 3250 videtur.

124 3285 262 3335 Nam
312 3301 352 3337 1.
396 3288 730 3338 confundunt
772 3288 1157 3354 obligationem
1198 3305 1319 3338 cum
1360 3286 1647 3335 sanctione.
1730 3284 1947 3335 Sanctio

52 3367 189 3415 enim
231 3369 471 3419 consistit
511 3369 561 3419 in
602 3370 691 3420 illo
734 3371 1033 3421 necessario
1074 3386 1243 3431 nexu3
1288 3368 1493 3417 sanctio
1535 3375 1714 3415 autem
1750 3365 1948 3432 obliga-
