2182 3682
497 181 583 210 LIB.
620 180 647 208 Ι.
695 180 793 209 CAP.
822 180 882 209 IV.
928 179 991 206 DE
1025 178 1136 206 IURE
1172 177 1521 207 PROPRIETATIS.
1856 180 1953 230 311

69 319 120 369 in
170 318 312 367 bona
362 325 657 383 parentum.
738 314 910 363 Immo
952 313 995 362 si
1050 313 1191 361 bona
1231 312 1299 361 ad
1352 320 1521 361 totam
1564 312 1810 362 familiam
1850 330 1961 378 per-

67 401 249 459 tinent,
293 405 669 448 testamentum
711 396 844 446 foret
885 396 1164 456 iniustum3
1208 394 1305 443 nisi
1344 403 1676 458 supponatur
1716 395 1962 443 omnibus

68 480 242 531 liberis
270 480 495 529 eandem
526 478 877 546 quantitatem
911 477 1178 526 bonorum
1218 475 1390 524 tribui.
1447 472 1582 524 Sunt
1611 476 1749 524 enim
1778 492 1964 525 omnes

69 561 274 629 aequali
314 562 479 611 modo
521 560 762 610 membra
817 558 1057 608 familiae.
1139 557 1285 622 Ergo
1326 557 1368 606 si
1409 556 1552 606 bona
1592 557 1856 622 pertinent
1896 557 1963 606 ad

69 652 237 694 totam
300 642 575 704 familiam,
641 642 790 691 liberi
852 640 1053 690 habent
1112 637 1336 704 aequale
1396 639 1473 687 ius
1532 638 1600 687 ad
1660 637 1746 686 illa
1805 639 1961 688 bona.

67 726 342 776 Praeterea
382 742 490 774 non
530 730 752 790 possent
791 723 898 772 iure
939 729 1186 788 parentes
1224 721 1336 770 sine
1377 737 1637 769 consensu
1680 719 1965 769 liberorum

68 807 331 858 extraneis
383 824 477 872 per
528 814 908 855 testamentum
960 813 1164 869 partem
1207 803 1471 852 bonorum
1511 818 1729 851 suorum
1770 800 1961 865 legare.

67 889 338 954 Denique,
392 889 435 938 si
472 905 596 938 vera
636 895 775 937 esset
826 885 957 935 haec
1000 885 1207 950 opini0‚
1261 884 1493 933 absurda
1544 891 1682 933 esset
1726 882 1964 948 quaestio

68 970 481 1031 moralistarum,
526 986 787 1035 quaenam
829 968 1096 1034 quantitas
1137 967 1447 1032 requiratur,
1492 974 1549 1015 ut
1589 965 1814 1014 infantes
1856 981 1967 1029 gra-

68 1054 200 1103 viter
239 1052 377 1102 furto
420 1061 605 1102 contra
646 1057 893 1117 parentes
932 1058 1172 1116 peccent.
1218 1079 1288 1082 ἡ

69 1195 215 1248 402.
298 1183 473 1235 Schol.
529 1200 576 1234 2.
670 1184 917 1233 Diximus
969 1181 1116 1248 leges
1169 1180 1346 1231 civiles
1398 1197 1556 1246 posse
1608 1179 1967 1245 praescribere

67 1266 308 1327 formam,
351 1267 402 1316 in
444 1284 548 1333 qua
589 1272 907 1316 testamenta
948 1264 1107 1314 condi
1138 1263 1386 1312 debeant.
1449 1261 1731 1327 Quaeritur
1771 1268 1965 1322 autem,

69 1356 242 1397 utrum
283 1355 602 1398 testamenta
642 1347 928 1412 informia,
969 1347 997 1396 i.
1031 1364 1073 1396 e.
1119 1363 1253 1411 quae
1296 1344 1464 1394 forma
1505 1362 1534 1393 a
1575 1344 1783 1410 legibus
1823 1361 1966 1409 prae-

67 1431 262 1496 scripta
315 1439 522 1491 carent,
575 1430 749 1479 valida
790 1428 1058 1478 censenda
1097 1429 1198 1477 sint
1251 1445 1317 1476 an
1368 1425 1629 1476 invalida?
1706 1425 1811 1476 Scl.
1855 1426 1968 1475 abs-

69 1511 331 1562 trahendo
384 1530 414 1562 a
469 1511 588 1577 lege
645 1512 779 1562 civili
835 1511 1096 1560 eiusmodi
1152 1516 1473 1559 testamenta
1525 1517 1665 1558 certe
1717 1507 1966 1558 valerent.

68 1591 353 1657 Quaeritur
407 1602 613 1655 autem,
673 1602 848 1642 utrum
904 1592 990 1641 lex
1048 1592 1209 1641 civilis
1265 1608 1326 1640 ea
1381 1590 1689 1656 simpliciter
1742 1589 1969 1639 invalida

69 1676 248 1740 (irrita)
290 1676 580 1726 reddiderit
620 1694 712 1725 seu
755 1675 899 1724 omni
932 1673 1111 1723 valore
1152 1673 1369 1722 iuridico
1412 1673 1706 1738 privaverit,
1751 1689 1816 1721 an
1844 1688 1970 1721 vero

69 1758 127 1807 iis
155 1757 327 1807 solum
368 1757 759 1824 protectionem
789 1757 1146 1822 denegaverit,
1189 1755 1232 1804 si
1272 1755 1332 1804 lis
1360 1755 1427 1804 ad
1463 1755 1691 1804 iudicem
1721 1753 1968 1804 defertur.

68 1839 529 1905 Respondendum
570 1840 777 1889 videtur
828 1838 1003 1904 legem
1046 1837 1251 1887 civilem
1293 1838 1360 1886 de
1400 1854 1457 1886 se
1498 1844 1816 1887 testamenta
1856 1837 1970 1886 sim-

69 1921 272 1988 pliciter
311 1921 540 1972 invalida
580 1921 804 1971 reddere
834 1929 1008 1985 posse.
1079 1919 1260 1970 Potest
1301 1919 1440 1968 enim
1482 1919 1768 1968 auctoritas
1809 1916 1971 1967 civilis

69 2021 175 2053 non
227 2003 401 2054 solum
455 2004 679 2054 formam
732 2011 1173 2052 testamentorum
1226 2001 1611 2067 praescribere,
1665 2001 1761 2050 sed
1813 2001 1971 2049 etiam

70 2085 338 2136 declarare
380 2085 661 2152 quodlibet
712 2094 1089 2135 testamentum
1142 2084 1242 2134 hac
1297 2083 1465 2132 forma
1506 2083 1816 2133 destitutum
1857 2099 1972 2131 esse

69 2168 266 2218 irritum
320 2177 372 2218 et
424 2167 652 2229 nullum,
703 2168 744 2217 si
797 2167 929 2217 haec
982 2166 1269 2216 declaratio
1323 2166 1390 2215 ad
1443 2166 1647 2215 bonum
1689 2181 1972 2214 commune

69 2249 209 2300 utilis
264 2259 344 2301 est
399 2260 450 2300 et
506 2251 616 2299 iura
671 2249 1003 2315 singulorum
1061 2250 1198 2299 circa
1254 2255 1574 2298 testamenta
1629 2264 1735 2297 non
1792 2245 1968 2296 violat.

68 2331 240 2397 Atqui
275 2343 560 2398 utrumque
601 2332 822 2381 obtinet.
903 2331 1057 2396 Ergo
1089 2373 1096 2380 .
1132 2373 1139 2380 .

145 2414 341 2465 Utrum
396 2423 572 2464 autem
627 2414 691 2463 de
731 2414 889 2478 facto
945 2412 1274 2479 legislatores
1331 2410 1507 2462 civiles
1558 2409 1817 2460 voluerint
1874 2409 1973 2459 hac

73 2496 324 2562 potestati
365 2497 439 2546 uti
479 2503 532 2546 et
571 2495 878 2561 simpliciter
917 2495 1114 2544 irritare
1154 2502 1476 2544 testamenta
1515 2492 1757 2542 informia
1786 2509 1969 2552 necne,

71 2595 140 2628 eX
190 2578 315 2644 ipsis
370 2578 576 2643 legibus
627 2577 864 2628 civilibus
917 2577 1312 2626 diiudicandum
1368 2583 1462 2625 est.
1554 2575 1655 2624 Pro
1708 2574 1973 2640 plerisque

72 2661 376 2725 regionibus
428 2661 704 2726 iurisperiti
762 2669 979 2709 censent
1035 2667 1353 2709 testamenta
1404 2657 1647 2707 informia
1698 2674 1804 2706 non
1856 2673 1972 2705 esse

72 2741 377 2808 simpliciter
416 2741 657 2801 invalida,
699 2742 795 2791 sed
837 2751 945 2791 tam
975 2742 1064 2790 diu
1093 2742 1160 2791 ab
1202 2741 1488 2790 heredibus
1528 2740 1587 2789 iis
1626 2739 1750 2788 stari
1796 2755 1970 2804 posse,

74 2825 248 2875 donec
287 2841 319 2874 a
358 2824 532 2874 iudice
579 2824 630 2873 in
681 2824 876 2874 iudicio
928 2823 1262 2873 declarentur
1312 2823 1475 2883 irrita,
1534 2821 1601 2871 ab
1653 2820 1741 2870 illo
1793 2829 1971 2869 autem

73 2915 348 2956 momento
389 2915 664 2972 tamquam
705 2905 848 2955 nulla
889 2922 1004 2955 esse
1045 2905 1457 2965 consideranda,
1513 2912 1564 2953 et
1604 2902 1969 2962 hereditatem,

73 3005 211 3054 quae
249 2987 365 3038 solo
407 2987 511 3038 hoc
552 2994 874 3037 testamento
916 2987 1233 3053 possidetur,
1284 2986 1628 3036 reddendam.
1711 2983 1810 3048 (Cf.
1858 2983 1973 3034 Van

81 3069 273 3132 Gestel,
317 3070 401 3120 De
441 3070 558 3120 iust.
603 3078 656 3119 et
696 3069 814 3134 lege
855 3070 951 3120 civ.
996 3087 1044 3119 n.
1091 3080 1153 3134 75
1187 3069 1328 3135 sqq.)

77 3207 222 3259 403·
306 3213 475 3253 Obi.1.
548 3201 832 3267 (Zallz'nger,
893 3208 1008 3252 Inst.
1062 3205 1175 3253 iuris
1234 3214 1331 3252 nat.
1392 3221 1438 3251 n.
1499 3199 1624 3262 120.)
1695 3203 1752 3248 In
1803 3202 1973 3262 quavis

73 3278 370 3327 alienatione
416 3294 621 3327 necesse
658 3288 753 3339 est,
802 3288 853 3326 ut
901 3295 1168 3327 consensus
1214 3278 1550 3326 transferentis
1589 3286 1636 3323 et
1672 3274 1973 3337 acceptantis

72 3368 170 3400 una
205 3353 448 3402 exsistant.
509 3354 661 3416 Atqui
693 3370 962 3402 consensus
997 3353 1348 3409 transferentiS‚
1385 3353 1452 3399 uti
1490 3360 1538 3399 et
1573 3358 1788 3412 potestas
1823 3358 1973 3397 trans-
