<?xml version="1.0" encoding="UTF-8"?>
<!DOCTYPE html PUBLIC "-//W3C//DTD XHTML 1.0 Transitional//EN"
    "http://www.w3.org/TR/xhtml1/DTD/xhtml1-transitional.dtd">
<html xmlns="http://www.w3.org/1999/xhtml" xml:lang="en" lang="en">
 <head>
  <title>
</title>
<meta http-equiv="Content-Type" content="text/html;charset=utf-8" />
  <meta name='ocr-system' content='tesseract 3.04.00' />
  <meta name='ocr-capabilities' content='ocr_page ocr_carea ocr_par ocr_line ocrx_word'/>
</head>
<body>
  <div class='ocr_page' id='page_1' title='image "./philosophiamoral00cath_0272.png"; bbox 0 0 2182 3682; ppageno 0'>
   <div class='ocr_carea' id='block_1_1' title="bbox 212 154 1693 215">
    <p class='ocr_par' dir='ltr' id='par_1_1' title="bbox 212 154 1693 215">
     <span class='ocr_line' id='line_1_1' title="bbox 212 154 1693 215; baseline 0.003 -22"><span class='ocrx_word' id='word_1_1' title='bbox 212 154 315 215; x_wconf 68' lang='lat'>048</span> <span class='ocrx_word' id='word_1_2' title='bbox 606 163 720 192; x_wconf 90' lang='lat' dir='ltr'><strong>PARS</strong></span> <span class='ocrx_word' id='word_1_3' title='bbox 754 163 801 193; x_wconf 90' lang='lat'>11.</span> <span class='ocrx_word' id='word_1_4' title='bbox 852 163 1167 194; x_wconf 88' lang='lat' dir='ltr'>PHILOSOPHIA</span> <span class='ocrx_word' id='word_1_5' title='bbox 1201 165 1408 194; x_wconf 88' lang='lat' dir='ltr'>MORALIS</span> <span class='ocrx_word' id='word_1_6' title='bbox 1443 166 1693 197; x_wconf 86' lang='lat' dir='ltr'><strong>SPECIALIS.</strong></span> 
     </span>
    </p>
   </div>
   <div class='ocr_carea' id='block_1_2' title="bbox 212 193 239 203">
    <p class='ocr_par' dir='ltr' id='par_1_2' title="bbox 212 193 239 203">
     <span class='ocr_line' id='line_1_2' title="bbox 212 193 239 203; baseline 0 0"><span class='ocrx_word' id='word_1_7' title='bbox 212 193 239 203; x_wconf 61' lang='grc'>4-1</span> 
     </span>
    </p>
   </div>
   <div class='ocr_carea' id='block_1_3' title="bbox 207 299 2177 779">
    <p class='ocr_par' dir='ltr' id='par_1_3' title="bbox 207 299 2177 779">
     <span class='ocr_line' id='line_1_3' title="bbox 209 299 2110 370; baseline 0.003 -19"><span class='ocrx_word' id='word_1_8' title='bbox 209 302 385 351; x_wconf 91' lang='lat' dir='ltr'>damn.</span> <span class='ocrx_word' id='word_1_9' title='bbox 445 300 513 350; x_wconf 90' lang='lat' dir='ltr'>ab</span> <span class='ocrx_word' id='word_1_10' title='bbox 570 299 886 351; x_wconf 86' lang='lat' dir='ltr'>Alexandro</span> <span class='ocrx_word' id='word_1_11' title='bbox 939 302 1042 352; x_wconf 85' lang='lat' dir='ltr'>VII</span> <span class='ocrx_word' id='word_1_12' title='bbox 1095 318 1139 352; x_wconf 91' lang='lat' dir='ltr'>a.</span> <span class='ocrx_word' id='word_1_13' title='bbox 1204 303 1369 367; x_wconf 83' lang='lat'><strong>1665,</strong></span> <span class='ocrx_word' id='word_1_14' title='bbox 1431 311 1484 353; x_wconf 91' lang='lat' dir='ltr'>et</span> <span class='ocrx_word' id='word_1_15' title='bbox 1535 304 1754 370; x_wconf 83' lang='lat' dir='ltr'>PropOS.</span> <span class='ocrx_word' id='word_1_16' title='bbox 1813 317 1882 368; x_wconf 87' lang='lat'>30</span> <span class='ocrx_word' id='word_1_17' title='bbox 1932 303 2110 356; x_wconf 90' lang='lat' dir='ltr'>damn.</span> 
     </span>
     <span class='ocr_line' id='line_1_4' title="bbox 208 382 2170 450; baseline 0.003 -18"><span class='ocrx_word' id='word_1_18' title='bbox 208 383 276 433; x_wconf 91' lang='lat' dir='ltr'>ab</span> <span class='ocrx_word' id='word_1_19' title='bbox 317 383 499 433; x_wconf 77' lang='lat' dir='ltr'>Innoc,</span> <span class='ocrx_word' id='word_1_20' title='bbox 544 382 622 433; x_wconf 91' lang='lat' dir='ltr'>XI</span> <span class='ocrx_word' id='word_1_21' title='bbox 660 400 706 435; x_wconf 86' lang='lat' dir='ltr'>a.</span> <span class='ocrx_word' id='word_1_22' title='bbox 758 384 920 448; x_wconf 85' lang='lat'>1679,</span> <span class='ocrx_word' id='word_1_23' title='bbox 977 402 1114 450; x_wconf 87' lang='lat' dir='ltr'>quae</span> <span class='ocrx_word' id='word_1_24' title='bbox 1155 385 1460 435; x_wconf 89' lang='lat' dir='ltr'>huiusmodi</span> <span class='ocrx_word' id='word_1_25' title='bbox 1511 394 1617 436; x_wconf 91' lang='lat' dir='ltr'>est:</span> <span class='ocrx_word' id='word_1_26' title='bbox 1685 386 1819 436; x_wconf 89' lang='lat' dir='ltr'>«Fas</span> <span class='ocrx_word' id='word_1_27' title='bbox 1870 394 1951 436; x_wconf 92' lang='lat' dir='ltr'>est</span> <span class='ocrx_word' id='word_1_28' title='bbox 1999 387 2112 436; x_wconf 89' lang='lat' dir='ltr'>viro</span> <span class='ocrx_word' id='word_1_29' title='bbox 2168 446 2170 448; x_wconf 12' lang='lat' dir='ltr'>v</span> 
     </span>
     <span class='ocr_line' id='line_1_5' title="bbox 209 465 2110 533; baseline 0.002 -18"><span class='ocrx_word' id='word_1_30' title='bbox 209 465 475 516; x_wconf 91' lang='lat' dir='ltr'>honorato</span> <span class='ocrx_word' id='word_1_31' title='bbox 517 466 764 516; x_wconf 88' lang='lat' dir='ltr'>occidere</span> <span class='ocrx_word' id='word_1_32' title='bbox 804 466 1131 528; x_wconf 77' lang='lat' dir='ltr'>invasorem,</span> <span class='ocrx_word' id='word_1_33' title='bbox 1187 468 1276 533; x_wconf 86' lang='lat' dir='ltr'>qui</span> <span class='ocrx_word' id='word_1_34' title='bbox 1317 468 1497 517; x_wconf 88' lang='lat' dir='ltr'>nititur</span> <span class='ocrx_word' id='word_1_35' title='bbox 1538 466 1858 518; x_wconf 89' lang='lat' dir='ltr'>calumniam</span> <span class='ocrx_word' id='word_1_36' title='bbox 1907 468 2110 530; x_wconf 85' lang='lat' dir='ltr'>inferre,</span> 
     </span>
     <span class='ocr_line' id='line_1_6' title="bbox 207 546 2177 617; baseline 0.002 -20"><span class='ocrx_word' id='word_1_37' title='bbox 207 548 250 597; x_wconf 89' lang='lat' dir='ltr'>si</span> <span class='ocrx_word' id='word_1_38' title='bbox 291 546 440 597; x_wconf 88' lang='lat' dir='ltr'>aliter</span> <span class='ocrx_word' id='word_1_39' title='bbox 478 547 611 598; x_wconf 93' lang='lat' dir='ltr'>haec</span> <span class='ocrx_word' id='word_1_40' title='bbox 640 548 929 614; x_wconf 82' lang='lat' dir='ltr'>ignominia</span> <span class='ocrx_word' id='word_1_41' title='bbox 956 548 1106 598; x_wconf 84' lang='lat' dir='ltr'>Vitari</span> <span class='ocrx_word' id='word_1_42' title='bbox 1134 550 1344 615; x_wconf 79' lang='lat' dir='ltr'>nequit3</span> <span class='ocrx_word' id='word_1_43' title='bbox 1387 550 1531 599; x_wconf 91' lang='lat' dir='ltr'>idem</span> <span class='ocrx_word' id='word_1_44' title='bbox 1559 568 1779 617; x_wconf 90' lang='lat' dir='ltr'>quoque</span> <span class='ocrx_word' id='word_1_45' title='bbox 1808 550 2111 613; x_wconf 90' lang='lat' dir='ltr'>dicendum,</span> <span class='ocrx_word' id='word_1_46' title='bbox 2175 610 2177 615; x_wconf 90' lang='lat'><em>.</em></span> 
     </span>
     <span class='ocr_line' id='line_1_7' title="bbox 207 630 2113 700; baseline 0.003 -21"><span class='ocrx_word' id='word_1_47' title='bbox 207 631 250 680; x_wconf 91' lang='lat' dir='ltr'>si</span> <span class='ocrx_word' id='word_1_48' title='bbox 290 630 407 696; x_wconf 85' lang='lat' dir='ltr'>quis</span> <span class='ocrx_word' id='word_1_49' title='bbox 446 631 707 696; x_wconf 83' lang='lat' dir='ltr'>impingat</span> <span class='ocrx_word' id='word_1_50' title='bbox 747 630 958 697; x_wconf 80' lang='lat' dir='ltr'>alapam</span> <span class='ocrx_word' id='word_1_51' title='bbox 997 630 1080 681; x_wconf 87' lang='lat' dir='ltr'>vel</span> <span class='ocrx_word' id='word_1_52' title='bbox 1122 630 1259 681; x_wconf 89' lang='lat' dir='ltr'>fuste</span> <span class='ocrx_word' id='word_1_53' title='bbox 1300 633 1561 698; x_wconf 90' lang='lat' dir='ltr'>percutiat</span> <span class='ocrx_word' id='word_1_54' title='bbox 1593 640 1646 682; x_wconf 91' lang='lat' dir='ltr'>et</span> <span class='ocrx_word' id='word_1_55' title='bbox 1672 642 1797 700; x_wconf 91' lang='lat' dir='ltr'>post</span> <span class='ocrx_word' id='word_1_56' title='bbox 1823 634 2113 699; x_wconf 89' lang='lat' dir='ltr'>impactam</span> 
     </span>
     <span class='ocr_line' id='line_1_8' title="bbox 209 712 1219 779; baseline 0.001 -16"><span class='ocrx_word' id='word_1_57' title='bbox 209 712 417 779; x_wconf 91' lang='lat' dir='ltr'>alapam</span> <span class='ocrx_word' id='word_1_58' title='bbox 458 712 542 762; x_wconf 76' lang='lat' dir='ltr'>vel</span> <span class='ocrx_word' id='word_1_59' title='bbox 583 713 744 762; x_wconf 90' lang='lat' dir='ltr'>ictum</span> <span class='ocrx_word' id='word_1_60' title='bbox 788 713 937 763; x_wconf 89' lang='lat' dir='ltr'>fustis</span> <span class='ocrx_word' id='word_1_61' title='bbox 979 712 1219 778; x_wconf 54' lang='lat' dir='ltr'>fugiam).</span> 
     </span>
    </p>
   </div>
   <div class='ocr_carea' id='block_1_4' title="bbox 208 862 2114 999">
    <p class='ocr_par' dir='ltr' id='par_1_4' title="bbox 208 862 2114 999">
     <span class='ocr_line' id='line_1_9' title="bbox 213 862 2114 926; baseline 0.005 -24"><span class='ocrx_word' id='word_1_62' title='bbox 213 864 359 916; x_wconf 86' lang='lat'>312.</span> <span class='ocrx_word' id='word_1_63' title='bbox 438 869 538 909; x_wconf 85' lang='lat' dir='ltr'>Ob1‘.</span> <span class='ocrx_word' id='word_1_64' title='bbox 608 864 788 909; x_wconf 88' lang='lat' dir='ltr'>Honor</span> <span class='ocrx_word' id='word_1_65' title='bbox 825 862 980 910; x_wconf 86' lang='lat' dir='ltr'>maius</span> <span class='ocrx_word' id='word_1_66' title='bbox 1017 864 1203 910; x_wconf 88' lang='lat' dir='ltr'>bonum</span> <span class='ocrx_word' id='word_1_67' title='bbox 1241 870 1314 910; x_wconf 88' lang='lat' dir='ltr'>est</span> <span class='ocrx_word' id='word_1_68' title='bbox 1341 879 1489 923; x_wconf 84' lang='lat' dir='ltr'>quam</span> <span class='ocrx_word' id='word_1_69' title='bbox 1526 863 1634 925; x_wconf 88' lang='lat' dir='ltr'>ipsa</span> <span class='ocrx_word' id='word_1_70' title='bbox 1669 863 1781 912; x_wconf 87' lang='lat' dir='ltr'>vita.</span> <span class='ocrx_word' id='word_1_71' title='bbox 1843 865 1996 926; x_wconf 79' lang='lat' dir='ltr'>Atqui</span> <span class='ocrx_word' id='word_1_72' title='bbox 2016 864 2114 912; x_wconf 90' lang='lat' dir='ltr'>vita</span> 
     </span>
     <span class='ocr_line' id='line_1_10' title="bbox 208 937 1370 999; baseline 0.001 -15"><span class='ocrx_word' id='word_1_73' title='bbox 208 945 370 999; x_wconf 90' lang='lat' dir='ltr'>potest</span> <span class='ocrx_word' id='word_1_74' title='bbox 407 945 609 984; x_wconf 90' lang='lat' dir='ltr'>cruente</span> <span class='ocrx_word' id='word_1_75' title='bbox 647 937 865 985; x_wconf 88' lang='lat' dir='ltr'>defendi.</span> <span class='ocrx_word' id='word_1_76' title='bbox 938 938 1077 998; x_wconf 73' lang='lat' dir='ltr'>Ergo</span> <span class='ocrx_word' id='word_1_77' title='bbox 1113 948 1161 986; x_wconf 92' lang='lat' dir='ltr'>et</span> <span class='ocrx_word' id='word_1_78' title='bbox 1196 939 1370 985; x_wconf 90' lang='lat' dir='ltr'>honor.</span> 
     </span>
    </p>
   </div>
   <div class='ocr_carea' id='block_1_5' title="bbox 207 1028 2115 1618">
    <p class='ocr_par' dir='ltr' id='par_1_5' title="bbox 207 1028 2115 1618">
     <span class='ocr_line' id='line_1_11' title="bbox 286 1028 2115 1091; baseline 0.001 -17"><span class='ocrx_word' id='word_1_79' title='bbox 286 1037 437 1085; x_wconf 83' lang='lat' dir='ltr'>Resp.</span> <span class='ocrx_word' id='word_1_80' title='bbox 505 1028 636 1074; x_wconf 75' lang='lat' dir='ltr'><em>Dist.</em></span> <span class='ocrx_word' id='word_1_81' title='bbox 676 1029 816 1075; x_wconf 62' lang='lat' dir='ltr'>mazl:</span> <span class='ocrx_word' id='word_1_82' title='bbox 874 1030 1055 1075; x_wconf 89' lang='lat' dir='ltr'>Honor</span> <span class='ocrx_word' id='word_1_83' title='bbox 1107 1028 1543 1076; x_wconf 81' lang='lat' dir='ltr'>fundamentaliter</span> <span class='ocrx_word' id='word_1_84' title='bbox 1597 1038 1816 1091; x_wconf 88' lang='lat' dir='ltr'>sumptus</span> <span class='ocrx_word' id='word_1_85' title='bbox 1874 1043 1966 1091; x_wconf 92' lang='lat' dir='ltr'>pro</span> <span class='ocrx_word' id='word_1_86' title='bbox 2024 1028 2115 1076; x_wconf 92' lang='lat' dir='ltr'>vir-</span> 
     </span>
     <span class='ocr_line' id='line_1_12' title="bbox 212 1102 2111 1166; baseline 0.001 -16"><span class='ocrx_word' id='word_1_87' title='bbox 212 1111 312 1150; x_wconf 90' lang='lat' dir='ltr'>tute</span> <span class='ocrx_word' id='word_1_88' title='bbox 351 1111 399 1150; x_wconf 88' lang='lat' dir='ltr'>et</span> <span class='ocrx_word' id='word_1_89' title='bbox 434 1102 707 1165; x_wconf 82' lang='lat' dir='ltr'>probitate,</span> <span class='ocrx_word' id='word_1_90' title='bbox 757 1118 892 1159; x_wconf 62' lang='lat' dir='ltr'><em>conc„</em></span> <span class='ocrx_word' id='word_1_91' title='bbox 945 1105 1108 1152; x_wconf 91' lang='lat' dir='ltr'>honor</span> <span class='ocrx_word' id='word_1_92' title='bbox 1157 1103 1427 1151; x_wconf 84' lang='lat' dir='ltr'>formaliter</span> <span class='ocrx_word' id='word_1_93' title='bbox 1475 1112 1720 1166; x_wconf 86' lang='lat' dir='ltr'>sumptus,</span> <span class='ocrx_word' id='word_1_94' title='bbox 1771 1119 1899 1164; x_wconf 76' lang='lat' dir='ltr'>nego.</span> <span class='ocrx_word' id='word_1_95' title='bbox 1976 1103 2111 1152; x_wconf 79' lang='lat' dir='ltr'>Cone.</span> 
     </span>
     <span class='ocr_line' id='line_1_13' title="bbox 209 1178 2113 1241; baseline 0.002 -17"><span class='ocrx_word' id='word_1_96' title='bbox 209 1179 318 1225; x_wconf 77' lang='lat' dir='ltr'>min.</span> <span class='ocrx_word' id='word_1_97' title='bbox 357 1184 403 1224; x_wconf 80' lang='lat' dir='ltr'>et</span> <span class='ocrx_word' id='word_1_98' title='bbox 434 1194 549 1238; x_wconf 71' lang='lat' dir='ltr'>nege</span> <span class='ocrx_word' id='word_1_99' title='bbox 585 1193 701 1225; x_wconf 75' lang='lat' dir='ltr'>com.</span> <span class='ocrx_word' id='word_1_100' title='bbox 776 1178 1009 1226; x_wconf 88' lang='lat' dir='ltr'>Ceterum</span> <span class='ocrx_word' id='word_1_101' title='bbox 1062 1178 1266 1241; x_wconf 89' lang='lat' dir='ltr'>propria</span> <span class='ocrx_word' id='word_1_102' title='bbox 1303 1179 1452 1236; x_wconf 85' lang='lat' dir='ltr'>ratio,</span> <span class='ocrx_word' id='word_1_103' title='bbox 1508 1194 1593 1226; x_wconf 89' lang='lat' dir='ltr'>cur</span> <span class='ocrx_word' id='word_1_104' title='bbox 1628 1181 1874 1226; x_wconf 89' lang='lat' dir='ltr'>honorem</span> <span class='ocrx_word' id='word_1_105' title='bbox 1913 1187 2113 1228; x_wconf 90' lang='lat' dir='ltr'>cruente</span> 
     </span>
     <span class='ocr_line' id='line_1_14' title="bbox 210 1253 2113 1316; baseline 0.001 -16"><span class='ocrx_word' id='word_1_106' title='bbox 210 1253 482 1301; x_wconf 88' lang='lat' dir='ltr'>defendere</span> <span class='ocrx_word' id='word_1_107' title='bbox 519 1268 620 1299; x_wconf 91' lang='lat' dir='ltr'>non</span> <span class='ocrx_word' id='word_1_108' title='bbox 647 1253 806 1309; x_wconf 89' lang='lat' dir='ltr'>liceat,</span> <span class='ocrx_word' id='word_1_109' title='bbox 846 1270 949 1301; x_wconf 92' lang='lat' dir='ltr'>non</span> <span class='ocrx_word' id='word_1_110' title='bbox 976 1263 1049 1301; x_wconf 88' lang='lat' dir='ltr'>est</span> <span class='ocrx_word' id='word_1_111' title='bbox 1074 1255 1246 1312; x_wconf 87' lang='lat' dir='ltr'>solum,</span> <span class='ocrx_word' id='word_1_112' title='bbox 1286 1254 1422 1314; x_wconf 85' lang='lat' dir='ltr'>quod</span> <span class='ocrx_word' id='word_1_113' title='bbox 1459 1254 1518 1301; x_wconf 85' lang='lat' dir='ltr'>sit</span> <span class='ocrx_word' id='word_1_114' title='bbox 1555 1254 1714 1301; x_wconf 88' lang='lat' dir='ltr'>minus</span> <span class='ocrx_word' id='word_1_115' title='bbox 1738 1255 1927 1302; x_wconf 89' lang='lat' dir='ltr'>bonurn</span> <span class='ocrx_word' id='word_1_116' title='bbox 1964 1270 2113 1316; x_wconf 87' lang='lat' dir='ltr'>quam</span> 
     </span>
     <span class='ocr_line' id='line_1_15' title="bbox 209 1328 2111 1391; baseline 0.002 -17"><span class='ocrx_word' id='word_1_117' title='bbox 209 1329 321 1385; x_wconf 77' lang='lat' dir='ltr'>vita,</span> <span class='ocrx_word' id='word_1_118' title='bbox 359 1344 475 1374; x_wconf 88' lang='lat' dir='ltr'>nam</span> <span class='ocrx_word' id='word_1_119' title='bbox 511 1329 635 1375; x_wconf 86' lang='lat' dir='ltr'>haec</span> <span class='ocrx_word' id='word_1_120' title='bbox 684 1328 807 1375; x_wconf 89' lang='lat' dir='ltr'>ratio</span> <span class='ocrx_word' id='word_1_121' title='bbox 856 1328 1002 1376; x_wconf 87' lang='lat' dir='ltr'>etiam</span> <span class='ocrx_word' id='word_1_122' title='bbox 1052 1330 1239 1376; x_wconf 73' lang='lat' dir='ltr'>valeret</span> <span class='ocrx_word' id='word_1_123' title='bbox 1286 1329 1349 1376; x_wconf 88' lang='lat' dir='ltr'>de</span> <span class='ocrx_word' id='word_1_124' title='bbox 1386 1329 1532 1376; x_wconf 89' lang='lat' dir='ltr'>bonis</span> <span class='ocrx_word' id='word_1_125' title='bbox 1567 1329 1927 1387; x_wconf 83' lang='lat' dir='ltr'>materialibus,</span> <span class='ocrx_word' id='word_1_126' title='bbox 1985 1345 2111 1391; x_wconf 88' lang='lat' dir='ltr'>quae</span> 
     </span>
     <span class='ocr_line' id='line_1_16' title="bbox 209 1403 2111 1467; baseline 0.001 -16"><span class='ocrx_word' id='word_1_127' title='bbox 209 1413 375 1451; x_wconf 88' lang='lat' dir='ltr'>tamen</span> <span class='ocrx_word' id='word_1_128' title='bbox 414 1413 617 1450; x_wconf 89' lang='lat' dir='ltr'>cruente</span> <span class='ocrx_word' id='word_1_129' title='bbox 666 1403 869 1451; x_wconf 91' lang='lat' dir='ltr'>defendi</span> <span class='ocrx_word' id='word_1_130' title='bbox 907 1413 1135 1465; x_wconf 77' lang='lat' dir='ltr'>possunt,</span> <span class='ocrx_word' id='word_1_131' title='bbox 1191 1404 1278 1451; x_wconf 88' lang='lat' dir='ltr'>sed</span> <span class='ocrx_word' id='word_1_132' title='bbox 1331 1404 1466 1465; x_wconf 84' lang='lat' dir='ltr'>quod</span> <span class='ocrx_word' id='word_1_133' title='bbox 1519 1404 1756 1452; x_wconf 88' lang='lat' dir='ltr'>damnum</span> <span class='ocrx_word' id='word_1_134' title='bbox 1792 1405 2111 1467; x_wconf 88' lang='lat' dir='ltr'>irreparabile</span> 
     </span>
     <span class='ocr_line' id='line_1_17' title="bbox 207 1478 2111 1540; baseline 0.001 -15"><span class='ocrx_word' id='word_1_135' title='bbox 207 1478 410 1526; x_wconf 90' lang='lat' dir='ltr'>honoris</span> <span class='ocrx_word' id='word_1_136' title='bbox 461 1479 539 1525; x_wconf 66' lang='lat' dir='ltr'>vix</span> <span class='ocrx_word' id='word_1_137' title='bbox 591 1494 827 1539; x_wconf 85' lang='lat' dir='ltr'>umquam</span> <span class='ocrx_word' id='word_1_138' title='bbox 878 1488 1015 1526; x_wconf 87' lang='lat' dir='ltr'>certo</span> <span class='ocrx_word' id='word_1_139' title='bbox 1070 1488 1295 1526; x_wconf 80' lang='lat' dir='ltr'>constare</span> <span class='ocrx_word' id='word_1_140' title='bbox 1344 1488 1513 1540; x_wconf 86' lang='lat' dir='ltr'>posset</span> <span class='ocrx_word' id='word_1_141' title='bbox 1566 1488 1613 1527; x_wconf 90' lang='lat' dir='ltr'>et</span> <span class='ocrx_word' id='word_1_142' title='bbox 1665 1480 1930 1527; x_wconf 79' lang='lat' dir='ltr'>maximum</span> <span class='ocrx_word' id='word_1_143' title='bbox 1983 1489 2111 1528; x_wconf 89' lang='lat' dir='ltr'>esset</span> 
     </span>
     <span class='ocr_line' id='line_1_18' title="bbox 209 1554 1464 1618; baseline 0 -17"><span class='ocrx_word' id='word_1_144' title='bbox 209 1554 480 1618; x_wconf 87' lang='lat' dir='ltr'>periculum</span> <span class='ocrx_word' id='word_1_145' title='bbox 517 1555 695 1600; x_wconf 87' lang='lat' dir='ltr'>abusus</span> <span class='ocrx_word' id='word_1_146' title='bbox 732 1554 781 1600; x_wconf 90' lang='lat' dir='ltr'>in</span> <span class='ocrx_word' id='word_1_147' title='bbox 819 1554 1165 1601; x_wconf 88' lang='lat' dir='ltr'>detrimentum</span> <span class='ocrx_word' id='word_1_148' title='bbox 1206 1554 1464 1602; x_wconf 88' lang='lat' dir='ltr'>societatis.</span> 
     </span>
    </p>
   </div>
   <div class='ocr_carea' id='block_1_6' title="bbox 208 1643 2114 1857">
    <p class='ocr_par' dir='ltr' id='par_1_6' title="bbox 208 1643 2114 1857">
     <span class='ocr_line' id='line_1_19' title="bbox 287 1643 2112 1705; baseline 0.001 -15"><span class='ocrx_word' id='word_1_149' title='bbox 287 1654 404 1690; x_wconf 82' lang='lat' dir='ltr'>Inst.</span> <span class='ocrx_word' id='word_1_150' title='bbox 472 1643 587 1690; x_wconf 89' lang='lat' dir='ltr'>Non</span> <span class='ocrx_word' id='word_1_151' title='bbox 639 1643 756 1690; x_wconf 89' lang='lat' dir='ltr'>licet</span> <span class='ocrx_word' id='word_1_152' title='bbox 815 1643 1049 1690; x_wconf 86' lang='lat' dir='ltr'>iudicium</span> <span class='ocrx_word' id='word_1_153' title='bbox 1109 1643 1172 1690; x_wconf 93' lang='lat' dir='ltr'>de</span> <span class='ocrx_word' id='word_1_154' title='bbox 1224 1643 1390 1705; x_wconf 85' lang='lat' dir='ltr'>aliqua</span> <span class='ocrx_word' id='word_1_155' title='bbox 1441 1643 1670 1691; x_wconf 87' lang='lat' dir='ltr'>doctrina</span> <span class='ocrx_word' id='word_1_156' title='bbox 1729 1644 1992 1692; x_wconf 89' lang='lat' dir='ltr'>efformare</span> <span class='ocrx_word' id='word_1_157' title='bbox 2052 1660 2112 1692; x_wconf 88' lang='lat' dir='ltr'>ex</span> 
     </span>
     <span class='ocr_line' id='line_1_20' title="bbox 209 1718 2114 1781; baseline 0.001 -15"><span class='ocrx_word' id='word_1_158' title='bbox 209 1719 428 1781; x_wconf 83' lang='lat' dir='ltr'>periculo</span> <span class='ocrx_word' id='word_1_159' title='bbox 466 1719 669 1768; x_wconf 82' lang='lat' dir='ltr'>abusus:</span> <span class='ocrx_word' id='word_1_160' title='bbox 718 1733 856 1765; x_wconf 85' lang='lat' dir='ltr'>secus</span> <span class='ocrx_word' id='word_1_161' title='bbox 906 1718 1035 1765; x_wconf 87' lang='lat' dir='ltr'>enim</span> <span class='ocrx_word' id='word_1_162' title='bbox 1076 1718 1327 1778; x_wconf 78' lang='lat' dir='ltr'>quaelibet</span> <span class='ocrx_word' id='word_1_163' title='bbox 1375 1719 1602 1766; x_wconf 89' lang='lat' dir='ltr'>doctrina</span> <span class='ocrx_word' id='word_1_164' title='bbox 1637 1726 1689 1765; x_wconf 88' lang='lat' dir='ltr'>ut</span> <span class='ocrx_word' id='word_1_165' title='bbox 1725 1719 1853 1766; x_wconf 90' lang='lat' dir='ltr'>mala</span> <span class='ocrx_word' id='word_1_166' title='bbox 1889 1719 2114 1767; x_wconf 89' lang='lat' dir='ltr'>damnari</span> 
     </span>
     <span class='ocr_line' id='line_1_21' title="bbox 208 1792 1677 1857; baseline 0 -16"><span class='ocrx_word' id='word_1_167' title='bbox 208 1802 389 1857; x_wconf 86' lang='lat' dir='ltr'>posset,</span> <span class='ocrx_word' id='word_1_168' title='bbox 429 1792 543 1855; x_wconf 82' lang='lat' dir='ltr'>quia</span> <span class='ocrx_word' id='word_1_169' title='bbox 580 1793 854 1854; x_wconf 90' lang='lat' dir='ltr'>periculum</span> <span class='ocrx_word' id='word_1_170' title='bbox 892 1795 1070 1841; x_wconf 85' lang='lat' dir='ltr'>abusus</span> <span class='ocrx_word' id='word_1_171' title='bbox 1107 1793 1156 1840; x_wconf 91' lang='lat' dir='ltr'>in</span> <span class='ocrx_word' id='word_1_172' title='bbox 1195 1794 1330 1840; x_wconf 87' lang='lat' dir='ltr'>omni</span> <span class='ocrx_word' id='word_1_173' title='bbox 1367 1808 1419 1840; x_wconf 92' lang='lat' dir='ltr'>re</span> <span class='ocrx_word' id='word_1_174' title='bbox 1456 1795 1677 1841; x_wconf 88' lang='lat' dir='ltr'>habetur.</span> 
     </span>
    </p>
   </div>
   <div class='ocr_carea' id='block_1_7' title="bbox 209 1882 2118 2531">
    <p class='ocr_par' dir='ltr' id='par_1_7' title="bbox 210 1882 2118 2165">
     <span class='ocr_line' id='line_1_22' title="bbox 288 1882 2114 1944; baseline 0.002 -16"><span class='ocrx_word' id='word_1_175' title='bbox 288 1892 439 1940; x_wconf 81' lang='lat' dir='ltr'>Resp.</span> <span class='ocrx_word' id='word_1_176' title='bbox 511 1882 676 1929; x_wconf 54' lang='lat' dir='ltr'>Bisa:</span> <span class='ocrx_word' id='word_1_177' title='bbox 711 1882 827 1929; x_wconf 88' lang='lat' dir='ltr'>Non</span> <span class='ocrx_word' id='word_1_178' title='bbox 864 1883 977 1929; x_wconf 89' lang='lat' dir='ltr'>licet</span> <span class='ocrx_word' id='word_1_179' title='bbox 1014 1883 1248 1930; x_wconf 88' lang='lat' dir='ltr'>iudicium</span> <span class='ocrx_word' id='word_1_180' title='bbox 1286 1883 1347 1930; x_wconf 93' lang='lat' dir='ltr'>de</span> <span class='ocrx_word' id='word_1_181' title='bbox 1386 1883 1553 1944; x_wconf 84' lang='lat' dir='ltr'>aliqua</span> <span class='ocrx_word' id='word_1_182' title='bbox 1589 1882 1816 1930; x_wconf 88' lang='lat' dir='ltr'>doctrina</span> <span class='ocrx_word' id='word_1_183' title='bbox 1853 1884 2114 1931; x_wconf 86' lang='lat' dir='ltr'>efformare</span> 
     </span>
     <span class='ocr_line' id='line_1_23' title="bbox 210 1957 2116 2020; baseline 0.001 -15"><span class='ocrx_word' id='word_1_184' title='bbox 210 1975 270 2006; x_wconf 85' lang='lat' dir='ltr'>ex</span> <span class='ocrx_word' id='word_1_185' title='bbox 306 1957 525 2020; x_wconf 87' lang='lat' dir='ltr'>periculo</span> <span class='ocrx_word' id='word_1_186' title='bbox 563 1958 768 2013; x_wconf 79' lang='lat' dir='ltr'>abusus;</span> <span class='ocrx_word' id='word_1_187' title='bbox 821 1958 958 2018; x_wconf 85' lang='lat' dir='ltr'>quod</span> <span class='ocrx_word' id='word_1_188' title='bbox 995 1958 1252 2005; x_wconf 87' lang='lat' dir='ltr'>doctrinae</span> <span class='ocrx_word' id='word_1_189' title='bbox 1301 1960 1603 2005; x_wconf 73' lang='lat' dir='ltr'>intrinsecum</span> <span class='ocrx_word' id='word_1_190' title='bbox 1656 1973 1741 2006; x_wconf 91' lang='lat' dir='ltr'>seu</span> <span class='ocrx_word' id='word_1_191' title='bbox 1789 1973 1879 2020; x_wconf 91' lang='lat' dir='ltr'>per</span> <span class='ocrx_word' id='word_1_192' title='bbox 1915 1974 1965 2006; x_wconf 90' lang='lat' dir='ltr'>se</span> <span class='ocrx_word' id='word_1_193' title='bbox 2003 1975 2116 2006; x_wconf 90' lang='lat' dir='ltr'>cum</span> 
     </span>
     <span class='ocr_line' id='line_1_24' title="bbox 211 2033 2118 2094; baseline 0 -13"><span class='ocrx_word' id='word_1_194' title='bbox 211 2050 269 2081; x_wconf 92' lang='lat' dir='ltr'>ea</span> <span class='ocrx_word' id='word_1_195' title='bbox 306 2048 549 2080; x_wconf 78' lang='lat' dir='ltr'>conexum</span> <span class='ocrx_word' id='word_1_196' title='bbox 588 2040 684 2091; x_wconf 87' lang='lat' dir='ltr'>est,</span> <span class='ocrx_word' id='word_1_197' title='bbox 724 2048 868 2092; x_wconf 69' lang='lat' dir='ltr'>nego,</span> <span class='ocrx_word' id='word_1_198' title='bbox 923 2048 983 2080; x_wconf 79' lang='lat' dir='ltr'>ex</span> <span class='ocrx_word' id='word_1_199' title='bbox 1018 2033 1239 2094; x_wconf 90' lang='lat' dir='ltr'>periculo</span> <span class='ocrx_word' id='word_1_200' title='bbox 1277 2034 1455 2081; x_wconf 85' lang='lat' dir='ltr'>abusus</span> <span class='ocrx_word' id='word_1_201' title='bbox 1491 2048 1628 2081; x_wconf 88' lang='lat' dir='ltr'>mere</span> <span class='ocrx_word' id='word_1_202' title='bbox 1665 2035 1921 2081; x_wconf 70' lang='lat' dir='ltr'>extrinseco</span> <span class='ocrx_word' id='word_1_203' title='bbox 1957 2043 2005 2081; x_wconf 86' lang='lat' dir='ltr'>et</span> <span class='ocrx_word' id='word_1_204' title='bbox 2041 2050 2118 2081; x_wconf 91' lang='lat' dir='ltr'>ac-</span> 
     </span>
     <span class='ocr_line' id='line_1_25' title="bbox 212 2107 616 2165; baseline -0.005 -10"><span class='ocrx_word' id='word_1_205' title='bbox 212 2107 461 2165; x_wconf 85' lang='lat' dir='ltr'>cidentali,</span> <span class='ocrx_word' id='word_1_206' title='bbox 500 2123 616 2154; x_wconf 73' lang='lat' dir='ltr'>conc.</span> 
     </span>
    </p>

    <p class='ocr_par' dir='ltr' id='par_1_8' title="bbox 209 2181 2117 2531">
     <span class='ocr_line' id='line_1_26' title="bbox 288 2181 2117 2246; baseline 0.001 -16"><span class='ocrx_word' id='word_1_207' title='bbox 288 2183 566 2230; x_wconf 79' lang='lat' dir='ltr'>Periculum</span> <span class='ocrx_word' id='word_1_208' title='bbox 606 2184 783 2230; x_wconf 90' lang='lat' dir='ltr'>abusus</span> <span class='ocrx_word' id='word_1_209' title='bbox 820 2181 998 2229; x_wconf 85' lang='lat' dir='ltr'>dicitur</span> <span class='ocrx_word' id='word_1_210' title='bbox 1034 2183 1293 2231; x_wconf 86' lang='lat' dir='ltr'>doctrinae</span> <span class='ocrx_word' id='word_1_211' title='bbox 1320 2183 1656 2241; x_wconf 85' lang='lat' dir='ltr'>intrinsecum,</span> <span class='ocrx_word' id='word_1_212' title='bbox 1697 2183 1899 2244; x_wconf 85' lang='lat' dir='ltr'>quando</span> <span class='ocrx_word' id='word_1_213' title='bbox 1925 2199 1985 2231; x_wconf 85' lang='lat' dir='ltr'>ex</span> <span class='ocrx_word' id='word_1_214' title='bbox 2010 2183 2117 2246; x_wconf 90' lang='lat' dir='ltr'>ipsa</span> 
     </span>
     <span class='ocr_line' id='line_1_27' title="bbox 209 2257 2115 2320; baseline 0 -14"><span class='ocrx_word' id='word_1_215' title='bbox 209 2268 383 2306; x_wconf 88' lang='lat' dir='ltr'>natura</span> <span class='ocrx_word' id='word_1_216' title='bbox 420 2257 677 2305; x_wconf 85' lang='lat' dir='ltr'>doctrinae</span> <span class='ocrx_word' id='word_1_217' title='bbox 714 2257 966 2305; x_wconf 89' lang='lat' dir='ltr'>moraliter</span> <span class='ocrx_word' id='word_1_218' title='bbox 1001 2257 1303 2320; x_wconf 89' lang='lat' dir='ltr'>impossibile</span> <span class='ocrx_word' id='word_1_219' title='bbox 1331 2268 1416 2317; x_wconf 86' lang='lat' dir='ltr'>est,</span> <span class='ocrx_word' id='word_1_220' title='bbox 1456 2267 1506 2305; x_wconf 91' lang='lat' dir='ltr'>ut</span> <span class='ocrx_word' id='word_1_221' title='bbox 1531 2258 1774 2320; x_wconf 87' lang='lat' dir='ltr'>quispiam</span> <span class='ocrx_word' id='word_1_222' title='bbox 1813 2267 1972 2306; x_wconf 88' lang='lat' dir='ltr'>certus</span> <span class='ocrx_word' id='word_1_223' title='bbox 2009 2274 2115 2306; x_wconf 88' lang='lat' dir='ltr'>esse</span> 
     </span>
     <span class='ocr_line' id='line_1_28' title="bbox 210 2332 2117 2395; baseline 0.001 -15"><span class='ocrx_word' id='word_1_224' title='bbox 210 2332 363 2395; x_wconf 89' lang='lat' dir='ltr'>possit</span> <span class='ocrx_word' id='word_1_225' title='bbox 400 2334 462 2381; x_wconf 93' lang='lat' dir='ltr'>de</span> <span class='ocrx_word' id='word_1_226' title='bbox 500 2348 629 2391; x_wconf 86' lang='lat' dir='ltr'>casu,</span> <span class='ocrx_word' id='word_1_227' title='bbox 669 2333 718 2379; x_wconf 88' lang='lat' dir='ltr'>in</span> <span class='ocrx_word' id='word_1_228' title='bbox 757 2348 856 2393; x_wconf 88' lang='lat' dir='ltr'>quo</span> <span class='ocrx_word' id='word_1_229' title='bbox 894 2348 1003 2380; x_wconf 88' lang='lat' dir='ltr'>eam</span> <span class='ocrx_word' id='word_1_230' title='bbox 1041 2333 1278 2380; x_wconf 85' lang='lat' dir='ltr'>adhibere</span> <span class='ocrx_word' id='word_1_231' title='bbox 1315 2334 1484 2390; x_wconf 87' lang='lat' dir='ltr'>liceat,</span> <span class='ocrx_word' id='word_1_232' title='bbox 1535 2333 1825 2395; x_wconf 88' lang='lat' dir='ltr'>praesertim</span> <span class='ocrx_word' id='word_1_233' title='bbox 1873 2334 1912 2380; x_wconf 89' lang='lat' dir='ltr'>si</span> <span class='ocrx_word' id='word_1_234' title='bbox 1959 2333 2117 2394; x_wconf 86' lang='lat' dir='ltr'>agitur</span> 
     </span>
     <span class='ocr_line' id='line_1_29' title="bbox 211 2407 2117 2470; baseline 0 -14"><span class='ocrx_word' id='word_1_235' title='bbox 211 2409 273 2456; x_wconf 91' lang='lat' dir='ltr'>de</span> <span class='ocrx_word' id='word_1_236' title='bbox 310 2424 378 2467; x_wconf 90' lang='lat' dir='ltr'>re,</span> <span class='ocrx_word' id='word_1_237' title='bbox 418 2409 469 2454; x_wconf 89' lang='lat' dir='ltr'>in</span> <span class='ocrx_word' id='word_1_238' title='bbox 506 2424 603 2469; x_wconf 83' lang='lat' dir='ltr'>qua</span> <span class='ocrx_word' id='word_1_239' title='bbox 640 2416 861 2469; x_wconf 88' lang='lat' dir='ltr'>spectata</span> <span class='ocrx_word' id='word_1_240' title='bbox 901 2408 1168 2470; x_wconf 88' lang='lat' dir='ltr'>cupiditate</span> <span class='ocrx_word' id='word_1_241' title='bbox 1206 2407 1462 2455; x_wconf 87' lang='lat' dir='ltr'>hominum</span> <span class='ocrx_word' id='word_1_242' title='bbox 1490 2407 1834 2456; x_wconf 90' lang='lat' dir='ltr'>difficillimum</span> <span class='ocrx_word' id='word_1_243' title='bbox 1861 2417 1932 2456; x_wconf 87' lang='lat' dir='ltr'>est</span> <span class='ocrx_word' id='word_1_244' title='bbox 1967 2408 2117 2456; x_wconf 87' lang='lat' dir='ltr'>iustos</span> 
     </span>
     <span class='ocr_line' id='line_1_30' title="bbox 210 2483 821 2531; baseline 0 -1"><span class='ocrx_word' id='word_1_245' title='bbox 210 2483 388 2531; x_wconf 81' lang='lat' dir='ltr'>limites</span> <span class='ocrx_word' id='word_1_246' title='bbox 423 2498 526 2530; x_wconf 92' lang='lat' dir='ltr'>non</span> <span class='ocrx_word' id='word_1_247' title='bbox 565 2483 821 2530; x_wconf 79' lang='lat' dir='ltr'>excedere.</span> 
     </span>
    </p>
   </div>
   <div class='ocr_carea' id='block_1_8' title="bbox 952 2616 1376 2665">
    <p class='ocr_par' dir='ltr' id='par_1_9' title="bbox 952 2616 1376 2665">
     <span class='ocr_line' id='line_1_31' title="bbox 952 2616 1376 2665; baseline 0 -1"><span class='ocrx_word' id='word_1_248' title='bbox 952 2616 1220 2665; x_wconf 91' lang='lat' dir='ltr'>THESIS</span> <span class='ocrx_word' id='word_1_249' title='bbox 1259 2618 1376 2664; x_wconf 88' lang='lat' dir='ltr'>LV.</span> 
     </span>
    </p>
   </div>
   <div class='ocr_carea' id='block_1_9' title="bbox 216 2727 1470 2790">
    <p class='ocr_par' dir='ltr' id='par_1_10' title="bbox 216 2727 1470 2790">
     <span class='ocr_line' id='line_1_32' title="bbox 216 2727 1470 2790; baseline 0.004 -20"><span class='ocrx_word' id='word_1_250' title='bbox 216 2732 362 2784; x_wconf 87' lang='lat'>313.</span> <span class='ocrx_word' id='word_1_251' title='bbox 447 2728 718 2775; x_wconf 87' lang='lat' dir='ltr'>Duellum</span> <span class='ocrx_word' id='word_1_252' title='bbox 757 2727 863 2789; x_wconf 85' lang='lat' dir='ltr'>legi</span> <span class='ocrx_word' id='word_1_253' title='bbox 901 2728 1140 2775; x_wconf 88' lang='lat' dir='ltr'>naturali</span> <span class='ocrx_word' id='word_1_254' title='bbox 1178 2734 1470 2790; x_wconf 87' lang='lat' dir='ltr'>repugnat.</span> 
     </span>
    </p>
   </div>
   <div class='ocr_carea' id='block_1_10' title="bbox 264 2830 2056 2886">
    <p class='ocr_par' dir='ltr' id='par_1_11' title="bbox 264 2830 2056 2886">
     <span class='ocr_line' id='line_1_33' title="bbox 264 2830 2056 2886; baseline 0.001 -16"><span class='ocrx_word' id='word_1_255' title='bbox 264 2831 330 2884; x_wconf 79' lang='lat' dir='ltr'>(de</span> <span class='ocrx_word' id='word_1_256' title='bbox 364 2834 495 2884; x_wconf 69' lang='lat' dir='ltr'>Lnga,</span> <span class='ocrx_word' id='word_1_257' title='bbox 529 2832 596 2870; x_wconf 90' lang='lat' dir='ltr'>De</span> <span class='ocrx_word' id='word_1_258' title='bbox 631 2832 781 2870; x_wconf 84' lang='lat' dir='ltr'>iustitia</span> <span class='ocrx_word' id='word_1_259' title='bbox 815 2839 854 2870; x_wconf 88' lang='lat' dir='ltr'>et</span> <span class='ocrx_word' id='word_1_260' title='bbox 889 2831 975 2870; x_wconf 88' lang='lat' dir='ltr'>iure</span> <span class='ocrx_word' id='word_1_261' title='bbox 1010 2832 1115 2884; x_wconf 86' lang='lat' dir='ltr'>disp.</span> <span class='ocrx_word' id='word_1_262' title='bbox 1157 2842 1220 2879; x_wconf 87' lang='lat'>10,</span> <span class='ocrx_word' id='word_1_263' title='bbox 1257 2846 1295 2871; x_wconf 88' lang='lat' dir='ltr'>n.</span> <span class='ocrx_word' id='word_1_264' title='bbox 1337 2842 1430 2881; x_wconf 91' lang='lat'>171.</span> <span class='ocrx_word' id='word_1_265' title='bbox 1486 2833 1726 2886; x_wconf 81' lang='lat' dir='ltr'>Moralphil.</span> <span class='ocrx_word' id='word_1_266' title='bbox 1762 2834 1801 2871; x_wconf 90' lang='lat' dir='ltr'>II</span> <span class='ocrx_word' id='word_1_267' title='bbox 1841 2833 1917 2871; x_wconf 86' lang='lat'>106</span> <span class='ocrx_word' id='word_1_268' title='bbox 1942 2830 2056 2886; x_wconf 84' lang='lat' dir='ltr'>sqq).</span> 
     </span>
    </p>
   </div>
   <div class='ocr_carea' id='block_1_11' title="bbox 212 2930 2119 3413">
    <p class='ocr_par' dir='ltr' id='par_1_12' title="bbox 212 2930 2119 3413">
     <span class='ocr_line' id='line_1_34' title="bbox 290 2930 2118 3002; baseline 0 -17"><span class='ocrx_word' id='word_1_269' title='bbox 290 2932 379 2985; x_wconf 84' lang='lat' dir='ltr'>St.</span> <span class='ocrx_word' id='word_1_270' title='bbox 437 2930 512 2999; x_wconf 86' lang='lat' dir='ltr'>Q.</span> <span class='ocrx_word' id='word_1_271' title='bbox 601 2949 641 2985; x_wconf 88' lang='grc' dir='ltr'>Ι.</span> <span class='ocrx_word' id='word_1_272' title='bbox 696 2934 954 2984; x_wconf 50' lang='lat' dir='ltr'>Duellium</span> <span class='ocrx_word' id='word_1_273' title='bbox 1011 2942 1091 2984; x_wconf 92' lang='lat' dir='ltr'>est</span> <span class='ocrx_word' id='word_1_274' title='bbox 1146 2942 1415 2985; x_wconf 89' lang='lat' dir='ltr'>certamen</span> <span class='ocrx_word' id='word_1_275' title='bbox 1471 2935 1737 3002; x_wconf 80' lang='lat' dir='ltr'>singulare</span> <span class='ocrx_word' id='word_1_276' title='bbox 1792 2936 1996 3002; x_wconf 89' lang='lat' dir='ltr'>privata</span> <span class='ocrx_word' id='word_1_277' title='bbox 2050 2936 2118 2986; x_wconf 90' lang='lat' dir='ltr'>de</span> 
     </span>
     <span class='ocr_line' id='line_1_35' title="bbox 214 3017 2118 3082; baseline -0.001 -15"><span class='ocrx_word' id='word_1_278' title='bbox 214 3034 374 3068; x_wconf 88' lang='lat' dir='ltr'>causa</span> <span class='ocrx_word' id='word_1_279' title='bbox 414 3034 483 3066; x_wconf 79' lang='lat' dir='ltr'>ex</span> <span class='ocrx_word' id='word_1_280' title='bbox 524 3017 776 3067; x_wconf 87' lang='lat' dir='ltr'>condicto</span> <span class='ocrx_word' id='word_1_281' title='bbox 817 3026 1127 3082; x_wconf 89' lang='lat' dir='ltr'>susceptum</span> <span class='ocrx_word' id='word_1_282' title='bbox 1170 3034 1289 3066; x_wconf 90' lang='lat' dir='ltr'>cum</span> <span class='ocrx_word' id='word_1_283' title='bbox 1331 3017 1489 3067; x_wconf 88' lang='lat' dir='ltr'>armis</span> <span class='ocrx_word' id='word_1_284' title='bbox 1527 3018 1597 3068; x_wconf 89' lang='lat' dir='ltr'>ad</span> <span class='ocrx_word' id='word_1_285' title='bbox 1639 3018 1993 3068; x_wconf 90' lang='lat' dir='ltr'>occidendum</span> <span class='ocrx_word' id='word_1_286' title='bbox 2035 3017 2118 3067; x_wconf 86' lang='lat' dir='ltr'>vel</span> 
     </span>
     <span class='ocr_line' id='line_1_36' title="bbox 212 3099 2119 3165; baseline 0.001 -17"><span class='ocrx_word' id='word_1_287' title='bbox 212 3099 595 3149; x_wconf 83' lang='lat' dir='ltr'>vulnerandum</span> <span class='ocrx_word' id='word_1_288' title='bbox 625 3099 844 3149; x_wconf 82' lang='lat' dir='ltr'>idoneis,</span> <span class='ocrx_word' id='word_1_289' title='bbox 880 3129 950 3133; x_wconf 74' lang='lat'>-—</span> <span class='ocrx_word' id='word_1_290' title='bbox 979 3099 1187 3148; x_wconf 87' lang='lat' dir='ltr'>Dicitur</span> <span class='ocrx_word' id='word_1_291' title='bbox 1215 3101 1264 3164; x_wconf 84' lang='lat' dir='ltr'>a)</span> <span class='ocrx_word' id='word_1_292' title='bbox 1281 3100 1514 3165; x_wconf 70' lang='lat' dir='ltr'>privata</span> <span class='ocrx_word' id='word_1_293' title='bbox 1545 3101 1612 3150; x_wconf 91' lang='lat' dir='ltr'>de</span> <span class='ocrx_word' id='word_1_294' title='bbox 1640 3117 1812 3160; x_wconf 90' lang='lat' dir='ltr'>causa,</span> <span class='ocrx_word' id='word_1_295' title='bbox 1856 3108 1913 3150; x_wconf 92' lang='lat' dir='ltr'>ut</span> <span class='ocrx_word' id='word_1_296' title='bbox 1941 3100 2119 3150; x_wconf 90' lang='lat' dir='ltr'>distin-</span> 
     </span>
     <span class='ocr_line' id='line_1_37' title="bbox 215 3180 2118 3248; baseline 0.001 -18"><span class='ocrx_word' id='word_1_297' title='bbox 215 3188 404 3247; x_wconf 83' lang='lat' dir='ltr'>guatur</span> <span class='ocrx_word' id='word_1_298' title='bbox 442 3198 474 3231; x_wconf 92' lang='lat' dir='ltr'>a</span> <span class='ocrx_word' id='word_1_299' title='bbox 514 3180 693 3231; x_wconf 91' lang='lat' dir='ltr'>duello</span> <span class='ocrx_word' id='word_1_300' title='bbox 721 3180 955 3247; x_wconf 90' lang='lat' dir='ltr'>public0‚</span> <span class='ocrx_word' id='word_1_301' title='bbox 999 3181 1147 3246; x_wconf 88' lang='lat' dir='ltr'>quod</span> <span class='ocrx_word' id='word_1_302' title='bbox 1176 3182 1491 3232; x_wconf 89' lang='lat' dir='ltr'>auctoritate</span> <span class='ocrx_word' id='word_1_303' title='bbox 1519 3181 1733 3248; x_wconf 91' lang='lat' dir='ltr'>publica</span> <span class='ocrx_word' id='word_1_304' title='bbox 1759 3183 1813 3232; x_wconf 92' lang='lat' dir='ltr'>in</span> <span class='ocrx_word' id='word_1_305' title='bbox 1841 3198 2000 3232; x_wconf 89' lang='lat' dir='ltr'>causa</span> <span class='ocrx_word' id='word_1_306' title='bbox 2025 3199 2118 3248; x_wconf 89' lang='lat' dir='ltr'>pu-</span> 
     </span>
     <span class='ocr_line' id='line_1_38' title="bbox 215 3262 2117 3330; baseline 0.001 -18"><span class='ocrx_word' id='word_1_307' title='bbox 215 3262 368 3323; x_wconf 92' lang='lat' dir='ltr'>blica,</span> <span class='ocrx_word' id='word_1_308' title='bbox 412 3281 459 3312; x_wconf 89' lang='lat' dir='ltr'>v.</span> <span class='ocrx_word' id='word_1_309' title='bbox 491 3279 541 3328; x_wconf 80' lang='lat' dir='ltr'>g.</span> <span class='ocrx_word' id='word_1_310' title='bbox 581 3263 650 3312; x_wconf 90' lang='lat' dir='ltr'>ad</span> <span class='ocrx_word' id='word_1_311' title='bbox 692 3263 1046 3313; x_wconf 88' lang='lat' dir='ltr'>dirimendum</span> <span class='ocrx_word' id='word_1_312' title='bbox 1075 3262 1289 3324; x_wconf 89' lang='lat' dir='ltr'>bellum,</span> <span class='ocrx_word' id='word_1_313' title='bbox 1333 3264 1638 3330; x_wconf 85' lang='lat' dir='ltr'>suscipitur;</span> <span class='ocrx_word' id='word_1_314' title='bbox 1682 3264 1738 3329; x_wconf 89' lang='lat' dir='ltr'>b)</span> <span class='ocrx_word' id='word_1_315' title='bbox 1772 3281 1842 3314; x_wconf 85' lang='lat' dir='ltr'>ex</span> <span class='ocrx_word' id='word_1_316' title='bbox 1869 3263 2117 3325; x_wconf 74' lang='lat' dir='ltr'>condicto,</span> 
     </span>
     <span class='ocr_line' id='line_1_39' title="bbox 216 3344 2116 3413; baseline -0.001 -18"><span class='ocrx_word' id='word_1_317' title='bbox 216 3353 273 3395; x_wconf 88' lang='lat' dir='ltr'>ut</span> <span class='ocrx_word' id='word_1_318' title='bbox 314 3344 667 3412; x_wconf 81' lang='lat' dir='ltr'>distinguatur</span> <span class='ocrx_word' id='word_1_319' title='bbox 706 3362 736 3397; x_wconf 88' lang='lat' dir='ltr'>a</span> <span class='ocrx_word' id='word_1_320' title='bbox 777 3345 904 3408; x_wconf 82' lang='lat' dir='ltr'>rixa,</span> <span class='ocrx_word' id='word_1_321' title='bbox 949 3361 1084 3413; x_wconf 89' lang='lat' dir='ltr'>quae</span> <span class='ocrx_word' id='word_1_322' title='bbox 1124 3362 1194 3395; x_wconf 85' lang='grc'>6)(</span> <span class='ocrx_word' id='word_1_323' title='bbox 1235 3345 1511 3412; x_wconf 87' lang='lat' dir='ltr'>repentino</span> <span class='ocrx_word' id='word_1_324' title='bbox 1553 3346 1710 3397; x_wconf 87' lang='lat' dir='ltr'>animi</span> <span class='ocrx_word' id='word_1_325' title='bbox 1749 3354 1897 3397; x_wconf 89' lang='lat' dir='ltr'>aestu</span> <span class='ocrx_word' id='word_1_326' title='bbox 1938 3346 2116 3397; x_wconf 88' lang='lat' dir='ltr'>oritur.</span> 
     </span>
    </p>
   </div>
  </div>
 </body>
</html>
