2182 3682
205 162 310 216 250
608 162 722 190 PARS
756 163 803 192 ΙΙ.
854 163 1168 192 PHILOSOPHIA
1202 163 1405 191 MORALIS
1440 163 1692 194 SPECIALIS.

201 299 437 349 offensor
488 299 728 349 iniuriam
785 317 892 349 non
950 306 1200 349 retractat
1252 316 1427 365 neque
1483 299 1689 350 offenso
1746 301 1971 350 restituit
2020 299 2109 350 ho-

202 398 387 431 norem
428 389 481 430 et
514 381 954 431 aestimationem.
1019 379 1074 431 Si
1111 382 1251 430 enim
1285 388 1607 444 retractaret,
1650 382 1756 457 iam
1787 380 1932 432 nulla
1970 391 2111 432 esset

201 480 361 513 causa
402 463 685 514 duellandi
767 464 940 513 Immo
981 462 1094 512 vult
1135 464 1278 513 dicta
1318 472 1371 513 et
1412 463 1551 514 facta
1601 480 1696 514 sua
1735 465 1892 514 armis
1933 464 2110 514 defen-

201 546 341 596 dere.
422 545 577 611 Elgo
629 562 961 621 provocans
981 544 1093 635 vult
1145 546 1290 595 adire
1342 545 1643 615 periculum
1650 547 1815 619 &vitae
1828 546 2111 628 propriae

202 727 362 776 quem
403 710 508 760 hoc
549 709 842 776 periculum
885 709 952 759 de
993 727 1049 759 se
1090 727 1305 776 prorsus
1347 711 1584 776 ineptum
1627 719 1733 775 est3

275 800 342 854 ad
386 813 444 849 2:
487 799 574 849 De
601 800 908 865 deffensione
941 817 1099 850 sensu
1129 801 1362 867 proprio,
1406 818 1545 867 quae
1578 801 1817 851 iniuriam
1853 801 2112 868 impedire

200 889 437 943 conatur,
480 899 656 932 selmo
699 899 813 932 esse
855 884 1052 948 nequit,
1097 883 1222 949 quia
1262 883 1446 933 iniuria
1485 884 1589 933 iam
1627 883 1767 934 facta
1807 891 1901 934 est.
1971 883 2111 933 Dein

199 981 308 1013 non
349 965 537 1014 adesse
578 964 841 1014 actualem
883 966 1284 1031 aggressionem
1326 983 1396 1015 ex
1437 983 1502 1016 eo
1544 973 1708 1032 patet,
1753 966 1900 1033 quod
1942 966 2111 1032 desig-

199 1046 334 1096 natis
389 1053 546 1097 antea
598 1055 866 1113 tempore,
926 1048 1076 1109 lOCO,
1135 1048 1292 1098 armis
1345 1049 1778 1114 congrediuntur.
1861 1047 2111 1098 Ceterum

200 1128 264 1179 cf.
310 1128 511 1179 Thesin
551 1130 799 1196 praeced.

274 1216 382 1268 Sed
433 1217 721 1284 loquuntur
761 1219 828 1268 de
881 1218 1190 1284 defensione
1239 1236 1395 1269 sensu
1444 1219 1644 1269 lallare
1693 1227 1745 1269 et
1792 1218 2107 1285 improprio.

201 1299 305 1351 Sel.
361 1301 540 1367 opinio
597 1300 813 1367 publica
869 1301 1030 1350 hodie
1086 1302 1283 1367 passim
1336 1302 1522 1366 vigens
1578 1319 1726 1363 eum,
1785 1303 1874 1369 qui
1927 1302 2112 1352 iniuria

200 1382 474 1433 lacessitus
526 1401 633 1433 non
675 1393 935 1450 provocat
975 1384 1042 1433 ad
1087 1383 1324 1434 duellum
1367 1384 1449 1434 vel
1488 1384 1632 1434 idem
1684 1401 1794 1435 non
1843 1392 2108 1451 acceptat,

200 1474 257 1515 ut
308 1466 557 1530 ignavum
613 1473 666 1516 et
718 1466 934 1515 honoris
990 1483 1147 1516 sensu
1201 1466 1515 1516 destitutum
1568 1468 1888 1529 contemnit,
1946 1467 2110 1517 immo

200 1566 305 1598 non
348 1565 464 1597 raro
506 1549 738 1598 eundem
787 1565 817 1598 a
858 1550 1129 1599 communi
1171 1550 1496 1600 commercio
1545 1558 1598 1599 et
1639 1549 1826 1600 officiis
1866 1549 2107 1616 publicis,

200 1631 509 1697 praesertim
551 1630 876 1693 militaribus,
921 1641 1079 1682 arcet.
1150 1631 1292 1682 Hinc
1326 1632 1510 1682 dicunt
1550 1632 1615 1682 ad
1660 1639 1864 1683 tantam
1905 1631 2109 1682 calami-

201 1721 364 1763 tatem
417 1714 762 1763 avertendam
815 1714 913 1763 sibi
962 1713 1197 1764 duellum
1251 1722 1309 1764 ut
1356 1715 1571 1765 unicum
1624 1715 1858 1765 medium
1909 1714 2107 1765 licitum

201 1813 316 1846 esse
358 1796 570 1846 debere.
652 1796 821 1862 Asqus'
861 1796 1018 1846 etiam
1070 1797 1122 1846 in
1163 1797 1267 1847 hoc
1309 1814 1434 1847 casu
1487 1815 1594 1847 non
1648 1805 1728 1848 est
1766 1798 1901 1847 iusta
1953 1814 2111 1848 causa

201 1878 433 1928 adeundi
473 1878 767 1945 periculum
806 1879 944 1928 vitae
986 1879 1232 1945 propriae
1274 1887 1327 1930 et
1366 1879 1583 1930 alienae.
1664 1880 1819 1945 Ergo
1864 1922 1870 1929 .
1906 1922 1914 1930 .
1950 1921 1958 1930 .

275 1966 416 2017 Nam
455 1967 664 2026 iniuria,
709 1968 777 2017 de
819 1984 925 2034 qua
965 1969 1253 2018 avertenda
1293 1968 1491 2034 agitur,
1547 1977 1637 2018 aut
1677 1969 1915 2035 dirigitur
1955 1985 2110 2035 gene-

201 2050 353 2099 ratim
382 2058 567 2100 contra
595 2050 935 2116 probitatem,
972 2050 1310 2116 prudentiam
1341 2060 1460 2112 etc,
1505 2059 1593 2101 aut
1620 2051 1898 2117 speciatim
1926 2060 2112 2102 contra

201 2131 578 2193 fortitudinem,
623 2133 674 2182 in
716 2141 973 2198 quantum
1016 2132 1170 2183 alicui
1209 2134 1418 2198 ignavia
1458 2134 1864 2200 improperatur.
1937 2132 2139 2200 Atqu?

199 2215 250 2264 in
278 2215 453 2281 priore
494 2232 617 2265 casu
648 2213 882 2265 duellum
925 2224 1005 2265 est
1046 2216 1319 2265 evidenter
1350 2216 1589 2282 ineptum
1631 2216 1698 2265 ad
1729 2216 1979 2266 effectum
2020 2216 2110 2266 ob-

198 2287 492 2348 tinendum.
563 2296 695 2363 Quis
736 2298 874 2347 enim
911 2298 1103 2347 dixerit
1142 2291 1542 2348 accusationem
1573 2298 1944 2365 improbitatis,
1987 2297 2111 2348 stul-

200 2380 342 2430 titiae
384 2389 481 2430 etc.
521 2398 615 2446 per
656 2380 892 2430 duellum
933 2379 1176 2431 refutari?
1231 2380 1288 2429 In
1318 2381 1614 2451 posteriore
1655 2397 1781 2448 casu
1816 2379 2111 2430 duellantes

198 2462 370 2528 ipsum
400 2462 691 2528 periculum
721 2463 860 2512 vitae
900 2481 1002 2512 nen
1041 2463 1213 2512 solum
1244 2451 1591 2528 pemez'ttmztg
1621 2463 1717 2512 sed
1747 2462 1952 2529 eligunt
1979 2470 2110 2512 lam-

201 2562 360 2610 quam
403 2545 633 2595 medium
675 2545 755 2594 ad
789 2544 1164 2595 ostendendam
1203 2562 1357 2594 suam
1396 2545 1797 2610 sortz'ludzbzem.
1878 2545 1948 2595 Et
1988 2544 2111 2594 dein

198 2623 374 2677 s01um
427 2635 623 2677 remote
663 2636 715 2676 et
762 2627 1016 2677 medianti
1068 2626 1231 2676 libera
1270 2626 1547 2677 voluntate
1598 2625 1822 2676 aliorum
1873 2627 2111 2693 sequitur

201 2710 533 2759 conservatio
562 2709 778 2759 honoris
807 2717 860 2759 et
888 2709 1201 2759 officiorum.
1257 2708 1429 2775 Atqui
1463 2725 1755 2775 numquam
1784 2707 1908 2759 licet
1934 2710 2110 2775 ipsum

200 2791 495 2858 periculum
535 2792 674 2841 vitae
716 2792 987 2842 intendere
1026 2791 1094 2840 ad
1136 2791 1278 2841 bona
1320 2800 1542 2841 externa
1582 2791 1963 2853 conservanda,
2012 2791 2108 2841 sed

200 2873 375 2924 solum
415 2874 680 2924 interdum
711 2873 1045 2938 pel'mil‘scre,
1089 2882 1145 2923 ut
1186 2874 1351 2923 modo
1394 2874 1641 2923 diximus.

277 2956 416 3007 Hinc
432 2957 589 3006 etiam
610 2964 757 3022 patet
776 2955 1013 3005 duellum
1032 2973 1140 3006 non
1158 2955 1356 3006 habere
1375 2955 1741 3005 [matusalem
1760 2954 2108 3020 aptitudinem

202 3039 269 3088 ad
290 3056 471 3088 verum
490 3039 752 3088 honorem
771 3039 1194 3088 conservandum
1217 3038 1299 3088 vel
1324 3038 1692 3104 reparandum.
1738 3038 1877 3087 Nam
1899 3054 2109 3105 suscep-

201 3122 274 3172 tio
317 3121 479 3172 duelli
519 3139 624 3171 non
668 3130 747 3171 est
776 3129 926 3171 actus
956 3121 1290 3182 fortitudini5‚
1333 3121 1428 3170 sed
1457 3119 1806 3186 imprudentis
1833 3120 2105 3170 audaciae.

206 3272 350 3325 315.
418 3261 618 3312 Coroll.
663 3261 809 3327 Ergo
851 3262 939 3327 qui
978 3262 1027 3311 in
1071 3261 1251 3311 duello
1293 3260 1566 3321 occiditur,
1609 3259 1812 3310 suicidii
1852 3276 1970 3310 reus
2010 3268 2104 3321 est,

202 3345 326 3410 quia
372 3344 484 3394 sine
524 3345 657 3394 iusta
709 3360 866 3394 causa
905 3344 1066 3393 vitam
1108 3342 1346 3409 periculo
1389 3343 1666 3410 exposuit3
1722 3349 1775 3392 et
1815 3342 1903 3408 qui
1950 3340 2109 3393 alium
