2182 3682
482 121 567 149 MR.
602 121 630 150 Ι.
678 121 778 150 CAP.
813 120 873 150 IV.
922 121 983 148 DE
1017 120 1128 149 IURF,
1163 121 1510 150 PROPRIETATIS.
1844 124 1944 174 303

130 266 278 314 Resp.
334 257 465 302 Dist.
515 261 691 301 antea:
736 254 950 301 Pretium
996 270 1099 301 non
1147 254 1501 302 determinatur
1541 257 1822 304 immediate
1858 273 1948 319 per

52 333 212 393 legem
248 330 536 385 naturalem,
574 344 708 384 conc„
746 343 848 374 non
884 337 1044 389 potest
1079 329 1347 376 secundum
1386 329 1628 390 principia
1665 331 1785 391 legis
1816 340 1949 378 natu-

52 405 163 454 ralis
198 413 311 466 apte
348 403 542 450 definiri
580 404 654 449 vel
691 401 943 449 communi
979 401 1234 448 hominum
1281 402 1463 448 iudicio
1511 404 1588 449 vel
1634 403 1788 451 libera
1837 420 1949 451 con-

50 477 298 535 ventione,
337 492 463 535 nego.
523 475 738 524 Pretium
775 491 939 523 rerum
974 491 1244 537 numquam
1281 475 1632 523 determinatur
1668 477 1949 526 immediate

50 569 139 616 per
175 551 333 614 ipsam
368 553 530 612 legem
566 551 864 607 naturalem,
918 559 965 597 et
1001 558 1163 597 tamen
1203 565 1352 597 nemo
1389 559 1538 611 negat
1577 552 1741 611 quoad
1778 554 1950 599 multas

51 622 127 674 res
164 635 350 673 certum
387 625 598 687 pretium
635 640 695 671 ex
732 625 836 671 sola
872 625 981 685 lege
1019 624 1227 671 naturali
1264 639 1369 671 esse
1407 624 1640 671 debitum.
1695 626 1794 672 Cur
1830 641 1950 686 ergo

50 701 181 748 idem
228 715 332 747 non
378 700 564 747 valeret
612 699 777 759 quoad
825 698 1036 760 pretium
1084 698 1271 745 auctori
1315 698 1516 745 alicuius
1550 698 1662 744 libri
1699 699 1950 746 debitum?

130 804 231 844 Obi.
265 816 307 853 4.
382 791 475 855 (Cf.
515 795 803 840 Vermeersclz
841 795 869 840 l.
909 791 971 854 c.)
1042 796 1157 851 Res,
1199 809 1404 854 quarum
1442 803 1513 841 est
1558 794 1792 842 naturalis
1843 811 1951 856 pro-

48 868 254 933 prietas,
304 869 582 917 huiusmodi
618 877 728 915 sunt
764 883 891 929 quae
929 884 1038 915 cum
1078 883 1292 929 persona
1329 867 1494 928 aliqua
1541 869 1606 915 ita
1653 884 1768 916 vere
1816 869 1952 930 iungi

47 946 257 1002 valeant,
296 952 347 990 ut
384 958 466 990 eas
504 942 947 1004 apprehendendo,
987 941 1272 997 muniendo,
1311 942 1512 1003 physice
1550 942 1821 989 insistendo
1847 958 1952 1004 per-

49 1034 170 1066 sona
202 1018 304 1075 ista,
345 1017 437 1064 nisi
474 1017 660 1064 maiore
694 1017 740 1062 vi
767 1017 1087 1078 opprimatur,
1127 1016 1248 1063 alios
1274 1016 1540 1063 efficaciter
1566 1025 1732 1063 arceat
1756 1017 1952 1064 eodem-

1 1140 5 1141 .
50 1108 146 1154 que
185 1092 448 1154 prohibeat
482 1107 583 1138 usu.
659 1090 809 1151 Atqui
847 1092 1038 1138 secluso
1073 1090 1194 1151 legis
1231 1089 1481 1152 praesidio
1518 1090 1623 1137 fieri
1658 1090 1854 1151 nequit,
1902 1100 1953 1138 ut

48 1167 256 1228 scriptor
292 1166 430 1224 libri,
484 1165 566 1226 qui
602 1165 653 1212 in
689 1167 860 1226 vulgus
898 1165 1053 1212 editus
1090 1174 1186 1222 est,
1237 1165 1377 1212 simul
1425 1164 1490 1211 ita
1538 1165 1745 1212 retineat
1793 1180 1950 1213 exem-

49 1241 229 1304 plaria,
284 1249 335 1287 ut
370 1240 442 1288 vis
478 1239 740 1287 inferenda
776 1239 834 1286 sit
870 1240 1020 1301 ipsius
1056 1254 1301 1301 personae
1339 1239 1402 1286 ad
1439 1239 1564 1286 haec
1600 1239 1773 1286 iterum
1811 1241 1951 1301 prelo

49 1315 418 1363 committenda.
492 1313 591 1373 Qui
639 1314 689 1361 id
727 1314 1063 1371 contenderit,
1117 1315 1270 1376 possit
1307 1329 1464 1374 aeque
1502 1314 1657 1371 bene,
1711 1322 1761 1360 ut
1796 1314 1954 1375 arguit

49 1392 108 1438 R.
148 1390 439 1447 Bucceroni,
477 1391 674 1451 vulgata
708 1388 881 1436 notitia
918 1390 1085 1436 stellae
1123 1390 1185 1435 ab
1211 1389 1318 1450 ipso
1345 1388 1585 1446 detectae,
1625 1390 1948 1450 expostulare,

49 1480 112 1513 ne
149 1464 229 1511 alii
265 1465 372 1526 ipso
409 1464 562 1511 invito
600 1465 789 1511 stellam
826 1464 967 1510 istam
1005 1458 1322 1510 considerare
1359 1462 1585 1510 audeant.

126 1571 275 1619 Resp.
333 1560 472 1617 AVego
507 1562 614 1607 mai.
688 1560 737 1607 Si
773 1576 890 1607 vera
926 1568 1052 1607 esset
1088 1560 1270 1617 maior,
1319 1560 1471 1606 homo
1507 1575 1609 1606 non
1658 1568 1824 1620 posset
1871 1560 1951 1606 ha-

48 1637 166 1684 bere
213 1651 381 1683 verum
430 1635 704 1682 dominium
753 1636 801 1681 in
843 1635 1039 1696 famam
1088 1650 1249 1691 suam,
1301 1634 1435 1694 quod
1484 1643 1555 1681 est
1602 1643 1774 1681 contra
1823 1649 1951 1681 com-

48 1726 248 1758 munem
285 1718 539 1757 auctorum
577 1709 884 1757 sententiam.
936 1710 1024 1755 Illa
1062 1724 1182 1769 ergo
1221 1708 1355 1755 notio
1382 1707 1695 1770 proprietatis
1719 1709 1950 1755 naturalis

49 1794 120 1833 est
155 1784 300 1832 nimis
337 1793 484 1831 arcta.
557 1786 851 1846 Exemplum
888 1784 950 1830 de
988 1784 1125 1830 stella
1160 1798 1263 1830 non
1300 1792 1371 1830 est
1409 1783 1470 1829 ad
1523 1799 1640 1830 rem.
1712 1785 1948 1830 Possetne

47 1861 124 1907 lex
160 1859 369 1921 positiva
405 1859 562 1917 alicui,
604 1858 687 1920 qui
724 1860 913 1906 stellam
950 1858 1147 1915 detexit,
1187 1858 1467 1905 concedere
1503 1857 1587 1914 ius,
1627 1872 1690 1904 ne
1729 1857 1807 1904 alii
1841 1857 1948 1919 ipso

46 1934 202 1981 invito
240 1950 351 1980 eam
387 1935 575 1981 stellam
613 1933 959 1980 considerent?
1009 1934 1155 1980 Certe
1193 1947 1309 1978 non.
1361 1934 1447 1978 Est
1484 1948 1604 1993 ergo
1641 1948 1821 1993 magna
1858 1932 1949 1978 dis-

46 2009 242 2071 paritas.
314 2010 370 2055 In
408 2024 507 2055 uno
546 2024 660 2055 casu
698 2008 855 2069 agitur
891 2008 953 2055 de
992 2023 1058 2065 re,
1099 2022 1225 2068 quae
1262 2007 1482 2068 privatae
1519 2006 1840 2068 possessionis
1878 2015 1950 2054 est

46 2100 217 2145 capax,
256 2092 304 2130 et
341 2082 475 2130 cuius
511 2099 622 2129 usus
648 2098 750 2129 non
774 2092 937 2143 potest
963 2097 1067 2129 esse
1095 2081 1383 2138 communis,
1424 2082 1540 2141 quin
1568 2090 1738 2128 auctor
1763 2081 1949 2128 damni-

46 2159 230 2217 ficetur,
269 2157 318 2204 in
356 2158 510 2205 altero
548 2165 708 2204 autem
747 2173 1078 2218 nequaquam.

771 2310 1098 2349 ARTICULUs
1133 2311 1226 2349 VH.

135 2414 226 2460 DE
264 2413 480 2460 MODIS
518 2413 960 2460 DERIVATIVIS
999 2413 1439 2472 ACQUIRENDI
1476 2413 1853 2460 DOMINIUM.

475 2537 717 2590 (Zallz‘nger.
752 2539 928 2578 Institut.
966 2539 1063 2577 iuris
1097 2546 1181 2577 nat.
1218 2553 1256 2577 n.
1298 2547 1374 2590 115
1402 2536 1515 2591 sqq.)

121 2639 386 2705 Quoniam
444 2641 765 2707 primitivum
824 2641 1044 2691 modum
1105 2641 1414 2707 acquirendi
1470 2641 1790 2700 dominium,
1853 2638 1943 2689 scl.

46 2723 469 2788 occupationem,
513 2724 615 2772 iam
650 2723 1049 2784 declaravimus,
1093 2730 1269 2784 restat,
1314 2733 1370 2773 ut
1411 2724 1479 2772 de
1520 2722 1731 2788 reliquis
1772 2721 1946 2771 modis

46 2819 218 2868 pauca
259 2804 513 2855 dicamus,

49 2927 194 2991 388.
274 2931 311 2981 I.
355 2932 616 2982 Accessz'o.

118 3026 333 3077 Latiore
373 3045 531 3077 sensu
565 3029 800 3078 accessio
835 3029 1242 3094 comprehendit
1270 3028 1550 3095 quodlibet
1578 3033 1940 3092 augmentum,

44 3108 190 3174 quod
218 3126 301 3159 res
340 3118 521 3160 nostra
554 3110 708 3176 capit.
768 3111 1035 3160 Dividitur
1067 3111 1118 3160 in
1158 3111 1519 3161 accessionem
1550 3126 1709 3159 sensu
1741 3108 1941 3166 stricto,

45 3189 411 3241 confusionem
477 3200 530 3242 et
595 3192 1064 3253 commixtionem,
1133 3193 1587 3259 specificationem
1653 3198 1705 3240 et
1771 3189 1941 3238 fructi-

46 3269 362 3323 ficationem.
