<?xml version="1.0" encoding="UTF-8"?>
<!DOCTYPE html PUBLIC "-//W3C//DTD XHTML 1.0 Transitional//EN"
    "http://www.w3.org/TR/xhtml1/DTD/xhtml1-transitional.dtd">
<html xmlns="http://www.w3.org/1999/xhtml" xml:lang="en" lang="en">
 <head>
  <title>
</title>
<meta http-equiv="Content-Type" content="text/html;charset=utf-8" />
  <meta name='ocr-system' content='tesseract 3.04.00' />
  <meta name='ocr-capabilities' content='ocr_page ocr_carea ocr_par ocr_line ocrx_word'/>
</head>
<body>
  <div class='ocr_page' id='page_1' title='image "./philosophiamoral00cath_0093.png"; bbox 0 0 2182 3682; ppageno 0'>
   <div class='ocr_carea' id='block_1_1' title="bbox 118 156 1949 219">
    <p class='ocr_par' dir='ltr' id='par_1_1' title="bbox 118 156 1949 219">
     <span class='ocr_line' id='line_1_1' title="bbox 118 156 1949 219; baseline -0.004 -18"><span class='ocrx_word' id='word_1_1' title='bbox 118 173 216 201; x_wconf 83' lang='lat' dir='ltr'><strong>CAP.</strong></span> <span class='ocrx_word' id='word_1_2' title='bbox 252 171 318 200; x_wconf 91' lang='lat'>111.</span> <span class='ocrx_word' id='word_1_3' title='bbox 365 170 427 198; x_wconf 88' lang='lat' dir='ltr'>DE</span> <span class='ocrx_word' id='word_1_4' title='bbox 460 167 694 197; x_wconf 84' lang='lat' dir='ltr'><strong>BONITATE</strong></span> <span class='ocrx_word' id='word_1_5' title='bbox 726 167 784 194; x_wconf 85' lang='grc' dir='ltr'>ΕΤ</span> <span class='ocrx_word' id='word_1_6' title='bbox 818 166 1018 195; x_wconf 85' lang='lat' dir='ltr'><strong>MALITIA</strong></span> <span class='ocrx_word' id='word_1_7' title='bbox 1052 165 1229 193; x_wconf 81' lang='lat' dir='ltr'><strong>MORALI</strong></span> <span class='ocrx_word' id='word_1_8' title='bbox 1263 165 1461 194; x_wconf 80' lang='lat' dir='ltr'><strong>ACTUUM</strong></span> <span class='ocrx_word' id='word_1_9' title='bbox 1495 166 1818 195; x_wconf 74' lang='lat' dir='ltr'>lIUMANoRUM.</span> <span class='ocrx_word' id='word_1_10' title='bbox 1879 156 1949 219; x_wconf 75' lang='lat'>69</span> 
     </span>
    </p>
   </div>
   <div class='ocr_carea' id='block_1_2' title="bbox 55 298 1956 1092">
    <p class='ocr_par' dir='ltr' id='par_1_2' title="bbox 55 298 1956 1092">
     <span class='ocr_line' id='line_1_2' title="bbox 59 298 1951 373; baseline -0.002 -17"><span class='ocrx_word' id='word_1_11' title='bbox 59 306 279 373; x_wconf 84' lang='lat' dir='ltr'>gloriam</span> <span class='ocrx_word' id='word_1_12' title='bbox 321 304 423 354; x_wconf 93' lang='lat' dir='ltr'>Dei</span> <span class='ocrx_word' id='word_1_13' title='bbox 474 303 826 353; x_wconf 79' lang='lat' dir='ltr'>extrinsecam</span> <span class='ocrx_word' id='word_1_14' title='bbox 883 300 1219 350; x_wconf 86' lang='lat' dir='ltr'>obiectivam.</span> <span class='ocrx_word' id='word_1_15' title='bbox 1302 298 1435 371; x_wconf 68' lang='lat' dir='ltr'>an</span> <span class='ocrx_word' id='word_1_16' title='bbox 1481 301 1627 367; x_wconf 16' lang='lat' dir='ltr'>‘enim</span> <span class='ocrx_word' id='word_1_17' title='bbox 1679 301 1843 351; x_wconf 91' lang='lat' dir='ltr'>homo</span> <span class='ocrx_word' id='word_1_18' title='bbox 1885 304 1951 352; x_wconf 91' lang='lat' dir='ltr'>sit</span> 
     </span>
     <span class='ocr_line' id='line_1_3' title="bbox 56 370 1950 450; baseline -0.003 -12"><span class='ocrx_word' id='word_1_19' title='bbox 56 386 343 439; x_wconf 83' lang='lat' dir='ltr'>similitudo</span> <span class='ocrx_word' id='word_1_20' title='bbox 395 394 448 435; x_wconf 92' lang='lat' dir='ltr'>et</span> <span class='ocrx_word' id='word_1_21' title='bbox 497 385 676 450; x_wconf 81' lang='lat' dir='ltr'>imago</span> <span class='ocrx_word' id='word_1_22' title='bbox 718 384 821 432; x_wconf 90' lang='lat' dir='ltr'>Dei</span> <span class='ocrx_word' id='word_1_23' title='bbox 874 399 968 448; x_wconf 90' lang='lat' dir='ltr'>per</span> <span class='ocrx_word' id='word_1_24' title='bbox 1009 399 1159 431; x_wconf 89' lang='lat' dir='ltr'>suam</span> <span class='ocrx_word' id='word_1_25' title='bbox 1200 370 1471 441; x_wconf 80' lang='lat' dir='ltr'>naturam,</span> <span class='ocrx_word' id='word_1_26' title='bbox 1527 399 1591 430; x_wconf 90' lang='lat' dir='ltr'>eo</span> <span class='ocrx_word' id='word_1_27' title='bbox 1643 383 1760 448; x_wconf 90' lang='lat' dir='ltr'>ipso</span> <span class='ocrx_word' id='word_1_28' title='bbox 1802 385 1950 449; x_wconf 92' lang='lat' dir='ltr'>quod</span> 
     </span>
     <span class='ocr_line' id='line_1_4' title="bbox 56 463 1952 530; baseline -0.003 -10"><span class='ocrx_word' id='word_1_29' title='bbox 56 469 395 521; x_wconf 83' lang='lat' dir='ltr'>conformiter</span> <span class='ocrx_word' id='word_1_30' title='bbox 448 467 516 516; x_wconf 94' lang='lat' dir='ltr'>ad</span> <span class='ocrx_word' id='word_1_31' title='bbox 567 482 715 516; x_wconf 89' lang='lat' dir='ltr'>suam</span> <span class='ocrx_word' id='word_1_32' title='bbox 758 473 998 514; x_wconf 86' lang='lat' dir='ltr'>naturam</span> <span class='ocrx_word' id='word_1_33' title='bbox 1038 464 1149 529; x_wconf 82' lang='lat' dir='ltr'>agit</span> <span class='ocrx_word' id='word_1_34' title='bbox 1189 480 1414 528; x_wconf 88' lang='lat' dir='ltr'>eamque</span> <span class='ocrx_word' id='word_1_35' title='bbox 1455 463 1689 529; x_wconf 83' lang='lat' dir='ltr'>perficit,</span> <span class='ocrx_word' id='word_1_36' title='bbox 1748 466 1952 530; x_wconf 88' lang='lat' dir='ltr'>perficit</span> 
     </span>
     <span class='ocr_line' id='line_1_5' title="bbox 55 545 1952 617; baseline -0.003 -15"><span class='ocrx_word' id='word_1_37' title='bbox 55 553 106 602; x_wconf 92' lang='lat' dir='ltr'>in</span> <span class='ocrx_word' id='word_1_38' title='bbox 153 568 211 601; x_wconf 92' lang='lat' dir='ltr'>se</span> <span class='ocrx_word' id='word_1_39' title='bbox 260 550 547 614; x_wconf 82' lang='lat' dir='ltr'>imaginem</span> <span class='ocrx_word' id='word_1_40' title='bbox 579 548 719 617; x_wconf 38' lang='lat' dir='ltr'>{lei</span> <span class='ocrx_word' id='word_1_41' title='bbox 799 547 1077 596; x_wconf 89' lang='lat' dir='ltr'>Praeterea</span> <span class='ocrx_word' id='word_1_42' title='bbox 1132 554 1317 594; x_wconf 88' lang='lat' dir='ltr'>natura</span> <span class='ocrx_word' id='word_1_43' title='bbox 1373 545 1606 595; x_wconf 89' lang='lat' dir='ltr'>humana</span> <span class='ocrx_word' id='word_1_44' title='bbox 1660 547 1710 594; x_wconf 91' lang='lat' dir='ltr'>in</span> <span class='ocrx_word' id='word_1_45' title='bbox 1768 548 1952 597; x_wconf 84' lang='lat' dir='ltr'>ordine</span> 
     </span>
     <span class='ocr_line' id='line_1_6' title="bbox 57 617 1953 700; baseline -0.002 -18"><span class='ocrx_word' id='word_1_46' title='bbox 57 633 281 700; x_wconf 92' lang='lat' dir='ltr'>physico</span> <span class='ocrx_word' id='word_1_47' title='bbox 348 640 428 681; x_wconf 91' lang='lat' dir='ltr'>est</span> <span class='ocrx_word' id='word_1_48' title='bbox 491 617 766 696; x_wconf 80' lang='lat' dir='ltr'>expressio</span> <span class='ocrx_word' id='word_1_49' title='bbox 824 628 955 693; x_wconf 81' lang='lat' dir='ltr'>legis</span> <span class='ocrx_word' id='word_1_50' title='bbox 1019 636 1280 677; x_wconf 80' lang='lat' dir='ltr'>aeternae.</span> <span class='ocrx_word' id='word_1_51' title='bbox 1376 626 1525 677; x_wconf 81' lang='lat' dir='ltr'>Sicut</span> <span class='ocrx_word' id='word_1_52' title='bbox 1586 644 1773 677; x_wconf 91' lang='lat' dir='ltr'>omnes</span> <span class='ocrx_word' id='word_1_53' title='bbox 1828 628 1953 678; x_wconf 91' lang='lat' dir='ltr'>alias</span> 
     </span>
     <span class='ocr_line' id='line_1_7' title="bbox 56 710 1954 776; baseline -0.003 -10"><span class='ocrx_word' id='word_1_54' title='bbox 56 723 338 773; x_wconf 87' lang='lat' dir='ltr'>creaturas,</span> <span class='ocrx_word' id='word_1_55' title='bbox 380 714 451 763; x_wconf 85' lang='lat' dir='ltr'>ita</span> <span class='ocrx_word' id='word_1_56' title='bbox 492 713 648 762; x_wconf 90' lang='lat' dir='ltr'>etiam</span> <span class='ocrx_word' id='word_1_57' title='bbox 692 711 964 760; x_wconf 92' lang='lat' dir='ltr'>hominem</span> <span class='ocrx_word' id='word_1_58' title='bbox 993 710 1142 760; x_wconf 90' lang='lat' dir='ltr'>Deus</span> <span class='ocrx_word' id='word_1_59' title='bbox 1170 727 1265 776; x_wconf 92' lang='lat' dir='ltr'>per</span> <span class='ocrx_word' id='word_1_60' title='bbox 1305 710 1474 775; x_wconf 80' lang='lat' dir='ltr'>ipsam</span> <span class='ocrx_word' id='word_1_61' title='bbox 1504 717 1745 759; x_wconf 88' lang='lat' dir='ltr'>naturam</span> <span class='ocrx_word' id='word_1_62' title='bbox 1774 720 1954 760; x_wconf 86' lang='lat' dir='ltr'>movet</span> 
     </span>
     <span class='ocr_line' id='line_1_8' title="bbox 55 791 1954 863; baseline -0.004 -16"><span class='ocrx_word' id='word_1_63' title='bbox 55 799 106 847; x_wconf 90' lang='lat' dir='ltr'>in</span> <span class='ocrx_word' id='word_1_64' title='bbox 146 797 308 846; x_wconf 90' lang='lat' dir='ltr'>finem</span> <span class='ocrx_word' id='word_1_65' title='bbox 348 794 606 844; x_wconf 91' lang='lat' dir='ltr'>ultimum.</span> <span class='ocrx_word' id='word_1_66' title='bbox 674 793 822 858; x_wconf 62' lang='lat' dir='ltr'>Erpo</span> <span class='ocrx_word' id='word_1_67' title='bbox 852 810 917 863; x_wconf 88' lang='lat' dir='ltr'>eo</span> <span class='ocrx_word' id='word_1_68' title='bbox 946 792 1079 857; x_wconf 91' lang='lat' dir='ltr'>ipso,</span> <span class='ocrx_word' id='word_1_69' title='bbox 1126 792 1273 863; x_wconf 86' lang='lat' dir='ltr'>quod</span> <span class='ocrx_word' id='word_1_70' title='bbox 1302 791 1466 840; x_wconf 92' lang='lat' dir='ltr'>homo</span> <span class='ocrx_word' id='word_1_71' title='bbox 1507 792 1744 857; x_wconf 88' lang='lat' dir='ltr'>sequitur</span> <span class='ocrx_word' id='word_1_72' title='bbox 1771 792 1954 857; x_wconf 90' lang='lat' dir='ltr'>impul-</span> 
     </span>
     <span class='ocr_line' id='line_1_9' title="bbox 56 873 1951 939; baseline -0.003 -11"><span class='ocrx_word' id='word_1_73' title='bbox 56 896 172 929; x_wconf 90' lang='lat' dir='ltr'>sum</span> <span class='ocrx_word' id='word_1_74' title='bbox 231 886 448 927; x_wconf 89' lang='lat' dir='ltr'>naturae</span> <span class='ocrx_word' id='word_1_75' title='bbox 508 875 774 925; x_wconf 91' lang='lat' dir='ltr'>rationalis</span> <span class='ocrx_word' id='word_1_76' title='bbox 841 891 943 939; x_wconf 90' lang='lat' dir='ltr'>qua</span> <span class='ocrx_word' id='word_1_77' title='bbox 999 873 1144 934; x_wconf 88' lang='lat' dir='ltr'>talis,</span> <span class='ocrx_word' id='word_1_78' title='bbox 1208 873 1391 939; x_wconf 75' lang='lat' dir='ltr'>explet</span> <span class='ocrx_word' id='word_1_79' title='bbox 1450 873 1626 937; x_wconf 79' lang='lat' dir='ltr'>legem</span> <span class='ocrx_word' id='word_1_80' title='bbox 1686 883 1951 923; x_wconf 87' lang='lat' dir='ltr'>aeternam</span> 
     </span>
     <span class='ocr_line' id='line_1_10' title="bbox 56 955 1956 1020; baseline -0.003 -10"><span class='ocrx_word' id='word_1_81' title='bbox 56 969 108 1010; x_wconf 92' lang='lat' dir='ltr'>et</span> <span class='ocrx_word' id='word_1_82' title='bbox 148 968 379 1009; x_wconf 90' lang='lat' dir='ltr'>meretur</span> <span class='ocrx_word' id='word_1_83' title='bbox 431 976 460 1008; x_wconf 92' lang='lat' dir='ltr'>a</span> <span class='ocrx_word' id='word_1_84' title='bbox 500 959 620 1007; x_wconf 91' lang='lat' dir='ltr'>Deo</span> <span class='ocrx_word' id='word_1_85' title='bbox 674 956 1088 1017; x_wconf 86' lang='lat' dir='ltr'>beatitudinem,</span> <span class='ocrx_word' id='word_1_86' title='bbox 1147 966 1203 1005; x_wconf 89' lang='lat' dir='ltr'>ut</span> <span class='ocrx_word' id='word_1_87' title='bbox 1257 955 1389 1005; x_wconf 87' lang='lat' dir='ltr'>infra</span> <span class='ocrx_word' id='word_1_88' title='bbox 1446 956 1684 1005; x_wconf 85' lang='lat' dir='ltr'>dicemus</span> <span class='ocrx_word' id='word_1_89' title='bbox 1735 963 1956 1020; x_wconf 80' lang='lat' dir='ltr'>agentes</span> 
     </span>
     <span class='ocr_line' id='line_1_11' title="bbox 58 1043 369 1092; baseline -0.003 0"><span class='ocrx_word' id='word_1_90' title='bbox 58 1043 124 1092; x_wconf 93' lang='lat' dir='ltr'>de</span> <span class='ocrx_word' id='word_1_91' title='bbox 165 1043 369 1092; x_wconf 91' lang='lat' dir='ltr'>merito.</span> 
     </span>
    </p>
   </div>
   <div class='ocr_carea' id='block_1_3' title="bbox 54 1134 1978 2026">
    <p class='ocr_par' dir='ltr' id='par_1_3' title="bbox 54 1134 1978 2026">
     <span class='ocr_line' id='line_1_12' title="bbox 134 1134 1956 1202; baseline -0.003 -14"><span class='ocrx_word' id='word_1_92' title='bbox 134 1137 335 1188; x_wconf 75' lang='lat' dir='ltr'>Coroll.</span> <span class='ocrx_word' id='word_1_93' title='bbox 389 1153 426 1187; x_wconf 95' lang='grc'>9.</span> <span class='ocrx_word' id='word_1_94' title='bbox 508 1136 655 1202; x_wconf 81' lang='lat' dir='ltr'>Ergo</span> <span class='ocrx_word' id='word_1_95' title='bbox 708 1136 916 1185; x_wconf 59' lang='lat' dir='ltr'>bonnas</span> <span class='ocrx_word' id='word_1_96' title='bbox 976 1134 1232 1184; x_wconf 65' lang='lat' dir='ltr'>oblectata</span> <span class='ocrx_word' id='word_1_97' title='bbox 1290 1144 1433 1184; x_wconf 91' lang='lat' dir='ltr'>recte</span> <span class='ocrx_word' id='word_1_98' title='bbox 1491 1134 1697 1184; x_wconf 88' lang='lat' dir='ltr'>definiri</span> <span class='ocrx_word' id='word_1_99' title='bbox 1750 1142 1956 1200; x_wconf 84' lang='lat' dir='ltr'>potest:</span> 
     </span>
     <span class='ocr_line' id='line_1_13' title="bbox 57 1215 1978 1289; baseline -0.003 -18"><span class='ocrx_word' id='word_1_100' title='bbox 57 1220 422 1284; x_wconf 85' lang='lat' dir='ltr'>convenientia</span> <span class='ocrx_word' id='word_1_101' title='bbox 465 1219 658 1269; x_wconf 89' lang='lat' dir='ltr'>obiecti</span> <span class='ocrx_word' id='word_1_102' title='bbox 700 1236 793 1285; x_wconf 81' lang='lat' dir='ltr'>per</span> <span class='ocrx_word' id='word_1_103' title='bbox 833 1236 889 1267; x_wconf 91' lang='lat' dir='ltr'>se</span> <span class='ocrx_word' id='word_1_104' title='bbox 941 1218 1113 1289; x_wconf 88' lang='lat' dir='ltr'>ipsum</span> <span class='ocrx_word' id='word_1_105' title='bbox 1155 1217 1224 1275; x_wconf 90' lang='lat' dir='ltr'>ad</span> <span class='ocrx_word' id='word_1_106' title='bbox 1265 1223 1507 1266; x_wconf 87' lang='lat' dir='ltr'>naturam</span> <span class='ocrx_word' id='word_1_107' title='bbox 1551 1215 1861 1284; x_wconf 86' lang='lat' dir='ltr'>rationalem</span> <span class='ocrx_word' id='word_1_108' title='bbox 1901 1225 1978 1284; x_wconf 11' lang='lat' dir='ltr'>uta</span> 
     </span>
     <span class='ocr_line' id='line_1_14' title="bbox 56 1290 1959 1354; baseline -0.003 -1"><span class='ocrx_word' id='word_1_109' title='bbox 56 1304 232 1354; x_wconf 86' lang='lat' dir='ltr'>talem.</span> <span class='ocrx_word' id='word_1_110' title='bbox 301 1303 473 1352; x_wconf 86' lang='lat' dir='ltr'>Probe</span> <span class='ocrx_word' id='word_1_111' title='bbox 514 1310 693 1351; x_wconf 89' lang='lat' dir='ltr'>tamen</span> <span class='ocrx_word' id='word_1_112' title='bbox 736 1290 1031 1350; x_wconf 79' lang='lat' dir='ltr'>notandum</span> <span class='ocrx_word' id='word_1_113' title='bbox 1072 1308 1152 1348; x_wconf 91' lang='lat' dir='ltr'>est</span> <span class='ocrx_word' id='word_1_114' title='bbox 1193 1300 1492 1349; x_wconf 90' lang='lat' dir='ltr'>bonitatem</span> <span class='ocrx_word' id='word_1_115' title='bbox 1533 1317 1638 1348; x_wconf 90' lang='lat' dir='ltr'>non</span> <span class='ocrx_word' id='word_1_116' title='bbox 1670 1300 1959 1349; x_wconf 87' lang='lat' dir='ltr'>consistere</span> 
     </span>
     <span class='ocr_line' id='line_1_15' title="bbox 54 1368 1960 1453; baseline -0.003 -18"><span class='ocrx_word' id='word_1_117' title='bbox 54 1368 293 1436; x_wconf 57' lang='lat' dir='ltr'>iffiero</span> <span class='ocrx_word' id='word_1_118' title='bbox 336 1393 597 1450; x_wconf 80' lang='lat' dir='ltr'>respectU,</span> <span class='ocrx_word' id='word_1_119' title='bbox 641 1384 737 1433; x_wconf 92' lang='lat' dir='ltr'>sed</span> <span class='ocrx_word' id='word_1_120' title='bbox 778 1385 829 1432; x_wconf 93' lang='lat' dir='ltr'>in</span> <span class='ocrx_word' id='word_1_121' title='bbox 870 1382 1497 1453; x_wconf 29' lang='lat' dir='ltr'>lsssscl.t‚‚⁷&lt;cgiqg⁷glfissllc?llc,</span> <span class='ocrx_word' id='word_1_122' title='bbox 1542 1390 1701 1447; x_wconf 91' lang='lat' dir='ltr'>prout</span> <span class='ocrx_word' id='word_1_123' title='bbox 1741 1388 1960 1431; x_wconf 90' lang='lat' dir='ltr'>conotat</span> 
     </span>
     <span class='ocr_line' id='line_1_16' title="bbox 55 1452 1960 1530; baseline -0.003 -13"><span class='ocrx_word' id='word_1_124' title='bbox 55 1476 297 1518; x_wconf 89' lang='lat' dir='ltr'>naturam</span> <span class='ocrx_word' id='word_1_125' title='bbox 339 1465 666 1527; x_wconf 85' lang='lat' dir='ltr'>rationalem,</span> <span class='ocrx_word' id='word_1_126' title='bbox 713 1466 796 1515; x_wconf 92' lang='lat' dir='ltr'>cui</span> <span class='ocrx_word' id='word_1_127' title='bbox 836 1464 923 1514; x_wconf 93' lang='lat' dir='ltr'>illa</span> <span class='ocrx_word' id='word_1_128' title='bbox 963 1465 1220 1530; x_wconf 86' lang='lat' dir='ltr'>perfectio</span> <span class='ocrx_word' id='word_1_129' title='bbox 1261 1452 1328 1514; x_wconf 88' lang='lat' dir='ltr'>sit</span> <span class='ocrx_word' id='word_1_130' title='bbox 1370 1465 1791 1530; x_wconf 86' lang='lat' dir='ltr'>proportionata.</span> <span class='ocrx_word' id='word_1_131' title='bbox 1876 1463 1960 1512; x_wconf 79' lang='lat' dir='ltr'>Ex</span> 
     </span>
     <span class='ocr_line' id='line_1_17' title="bbox 56 1545 1959 1613; baseline -0.003 -13"><span class='ocrx_word' id='word_1_132' title='bbox 56 1551 295 1600; x_wconf 90' lang='lat' dir='ltr'>bonitate</span> <span class='ocrx_word' id='word_1_133' title='bbox 341 1549 606 1599; x_wconf 85' lang='lat' dir='ltr'>obiectiva</span> <span class='ocrx_word' id='word_1_134' title='bbox 659 1548 810 1597; x_wconf 88' lang='lat' dir='ltr'>facile</span> <span class='ocrx_word' id='word_1_135' title='bbox 850 1547 1194 1613; x_wconf 79' lang='lat' dir='ltr'>intellegitur,</span> <span class='ocrx_word' id='word_1_136' title='bbox 1254 1548 1304 1610; x_wconf 73' lang='lat' dir='ltr'>a)</span> <span class='ocrx_word' id='word_1_137' title='bbox 1347 1547 1475 1612; x_wconf 92' lang='lat' dir='ltr'>quid</span> <span class='ocrx_word' id='word_1_138' title='bbox 1516 1547 1582 1595; x_wconf 94' lang='lat' dir='ltr'>sit</span> <span class='ocrx_word' id='word_1_139' title='bbox 1623 1546 1840 1596; x_wconf 74' lang='lat' dir='ltr'>malitia</span> <span class='ocrx_word' id='word_1_140' title='bbox 1883 1545 1959 1595; x_wconf 74' lang='lat' dir='ltr'>ob—</span> 
     </span>
     <span class='ocr_line' id='line_1_18' title="bbox 57 1628 1961 1698; baseline -0.003 -16"><span class='ocrx_word' id='word_1_141' title='bbox 57 1633 266 1694; x_wconf 74' lang='lat' dir='ltr'>iectiva,</span> <span class='ocrx_word' id='word_1_142' title='bbox 310 1649 447 1698; x_wconf 90' lang='lat' dir='ltr'>quae</span> <span class='ocrx_word' id='word_1_143' title='bbox 488 1631 755 1680; x_wconf 90' lang='lat' dir='ltr'>honestati</span> <span class='ocrx_word' id='word_1_144' title='bbox 808 1630 1105 1679; x_wconf 81' lang='lat' dir='ltr'>obiectivae</span> <span class='ocrx_word' id='word_1_145' title='bbox 1161 1629 1424 1679; x_wconf 87' lang='lat' dir='ltr'>contraria</span> <span class='ocrx_word' id='word_1_146' title='bbox 1465 1638 1573 1691; x_wconf 75' lang='lat' dir='ltr'>est3</span> <span class='ocrx_word' id='word_1_147' title='bbox 1629 1628 1685 1693; x_wconf 75' lang='lat' dir='ltr'>b)</span> <span class='ocrx_word' id='word_1_148' title='bbox 1728 1628 1856 1694; x_wconf 91' lang='lat' dir='ltr'>quid</span> <span class='ocrx_word' id='word_1_149' title='bbox 1896 1629 1961 1677; x_wconf 90' lang='lat' dir='ltr'>sit</span> 
     </span>
     <span class='ocr_line' id='line_1_19' title="bbox 59 1711 1958 1779; baseline -0.003 -15"><span class='ocrx_word' id='word_1_150' title='bbox 59 1714 432 1779; x_wconf 67' lang='lat' dir='ltr'>z&#39;ndzfferentia</span> <span class='ocrx_word' id='word_1_151' title='bbox 462 1713 732 1763; x_wconf 65' lang='lat' dir='ltr'>objectiva.</span> <span class='ocrx_word' id='word_1_152' title='bbox 791 1712 942 1762; x_wconf 93' lang='lat' dir='ltr'>Haec</span> <span class='ocrx_word' id='word_1_153' title='bbox 970 1712 1234 1778; x_wconf 89' lang='lat' dir='ltr'>posterior</span> <span class='ocrx_word' id='word_1_154' title='bbox 1262 1712 1474 1777; x_wconf 84' lang='lat' dir='ltr'>requirit</span> <span class='ocrx_word' id='word_1_155' title='bbox 1501 1711 1551 1760; x_wconf 91' lang='lat' dir='ltr'>in</span> <span class='ocrx_word' id='word_1_156' title='bbox 1582 1711 1795 1760; x_wconf 89' lang='lat' dir='ltr'>obiecto</span> <span class='ocrx_word' id='word_1_157' title='bbox 1825 1711 1958 1760; x_wconf 91' lang='lat' dir='ltr'>duo:</span> 
     </span>
     <span class='ocr_line' id='line_1_20' title="bbox 60 1793 1961 1862; baseline -0.003 -16"><span class='ocrx_word' id='word_1_158' title='bbox 60 1797 112 1861; x_wconf 80' lang='grc' dir='ltr'>α)</span> <span class='ocrx_word' id='word_1_159' title='bbox 153 1797 385 1862; x_wconf 88' lang='lat' dir='ltr'>aliquam</span> <span class='ocrx_word' id='word_1_160' title='bbox 425 1795 725 1845; x_wconf 83' lang='lat' dir='ltr'>inferiorem</span> <span class='ocrx_word' id='word_1_161' title='bbox 779 1795 1039 1844; x_wconf 90' lang='lat' dir='ltr'>rationem</span> <span class='ocrx_word' id='word_1_162' title='bbox 1091 1794 1218 1843; x_wconf 93' lang='lat' dir='ltr'>boni</span> <span class='ocrx_word' id='word_1_163' title='bbox 1268 1794 1630 1843; x_wconf 78' lang='lat' dir='ltr'>convenientis</span> <span class='ocrx_word' id='word_1_164' title='bbox 1672 1801 1724 1842; x_wconf 91' lang='lat' dir='ltr'>et</span> <span class='ocrx_word' id='word_1_165' title='bbox 1764 1793 1961 1858; x_wconf 90' lang='lat' dir='ltr'>appeti-</span> 
     </span>
     <span class='ocr_line' id='line_1_21' title="bbox 59 1873 1958 1946; baseline -0.003 -17"><span class='ocrx_word' id='word_1_166' title='bbox 59 1877 201 1940; x_wconf 84' lang='lat' dir='ltr'>bilis,</span> <span class='ocrx_word' id='word_1_167' title='bbox 256 1879 314 1946; x_wconf 72' lang='grc' dir='ltr'>β)</span> <span class='ocrx_word' id='word_1_168' title='bbox 356 1879 699 1944; x_wconf 83' lang='lat' dir='ltr'>negationem</span> <span class='ocrx_word' id='word_1_169' title='bbox 755 1877 1048 1926; x_wconf 87' lang='lat' dir='ltr'>honestatis</span> <span class='ocrx_word' id='word_1_170' title='bbox 1104 1885 1156 1925; x_wconf 94' lang='lat' dir='ltr'>et</span> <span class='ocrx_word' id='word_1_171' title='bbox 1197 1874 1440 1925; x_wconf 79' lang='lat' dir='ltr'>malitiae,</span> <span class='ocrx_word' id='word_1_172' title='bbox 1523 1873 1622 1939; x_wconf 80' lang='lat' dir='ltr'>(Cf.</span> <span class='ocrx_word' id='word_1_173' title='bbox 1669 1875 1722 1924; x_wconf 65' lang='lat' dir='ltr'>S.</span> <span class='ocrx_word' id='word_1_174' title='bbox 1775 1875 1958 1924; x_wconf 73' lang='lat' dir='ltr'>lem.</span> 
     </span>
     <span class='ocr_line' id='line_1_22' title="bbox 67 1957 1961 2026; baseline -0.003 -15"><span class='ocrx_word' id='word_1_175' title='bbox 67 1976 120 2022; x_wconf 91' lang='lat' dir='ltr'>I,</span> <span class='ocrx_word' id='word_1_176' title='bbox 177 1975 236 2022; x_wconf 86' lang='lat'>2,</span> <span class='ocrx_word' id='word_1_177' title='bbox 294 1978 344 2026; x_wconf 92' lang='lat' dir='ltr'>q.</span> <span class='ocrx_word' id='word_1_178' title='bbox 398 1963 486 2021; x_wconf 82' lang='grc'>18,</span> <span class='ocrx_word' id='word_1_179' title='bbox 542 1978 584 2010; x_wconf 86' lang='lat' dir='ltr'>a.</span> <span class='ocrx_word' id='word_1_180' title='bbox 632 1962 678 2010; x_wconf 82' lang='lat'>8.</span> <span class='ocrx_word' id='word_1_181' title='bbox 761 1958 987 2019; x_wconf 50' lang='lat' dir='ltr'>Silures,</span> <span class='ocrx_word' id='word_1_182' title='bbox 1046 1958 1129 2007; x_wconf 93' lang='lat' dir='ltr'>De</span> <span class='ocrx_word' id='word_1_183' title='bbox 1189 1959 1355 2008; x_wconf 90' lang='lat' dir='ltr'>bonit.</span> <span class='ocrx_word' id='word_1_184' title='bbox 1401 1965 1500 2008; x_wconf 86' lang='lat' dir='ltr'>act.</span> <span class='ocrx_word' id='word_1_185' title='bbox 1546 1957 1688 2006; x_wconf 88' lang='lat' dir='ltr'>hum.</span> <span class='ocrx_word' id='word_1_186' title='bbox 1733 1957 1867 2023; x_wconf 88' lang='lat' dir='ltr'>disp.</span> <span class='ocrx_word' id='word_1_187' title='bbox 1913 1970 1961 2017; x_wconf 86' lang='lat'>2,</span> 
     </span>
    </p>
   </div>
   <div class='ocr_carea' id='block_1_4' title="bbox 59 2043 527 2105">
    <p class='ocr_par' dir='ltr' id='par_1_4' title="bbox 59 2043 527 2105">
     <span class='ocr_line' id='line_1_23' title="bbox 59 2043 527 2105; baseline -0.002 -12"><span class='ocrx_word' id='word_1_188' title='bbox 59 2052 185 2093; x_wconf 90' lang='lat' dir='ltr'>sect.</span> <span class='ocrx_word' id='word_1_189' title='bbox 233 2057 280 2104; x_wconf 77' lang='lat'>2,</span> <span class='ocrx_word' id='word_1_190' title='bbox 323 2060 370 2093; x_wconf 91' lang='lat' dir='ltr'>n.</span> <span class='ocrx_word' id='word_1_191' title='bbox 418 2043 527 2105; x_wconf 85' lang='lat'>20.)</span> 
     </span>
    </p>
   </div>
   <div class='ocr_carea' id='block_1_5' title="bbox 9 2183 1966 3315">
    <p class='ocr_par' dir='ltr' id='par_1_5' title="bbox 9 2183 1966 3315">
     <span class='ocr_line' id='line_1_24' title="bbox 59 2183 1964 2253; baseline -0.003 -17"><span class='ocrx_word' id='word_1_192' title='bbox 59 2195 161 2249; x_wconf 89' lang='grc'>73.</span> <span class='ocrx_word' id='word_1_193' title='bbox 243 2184 418 2235; x_wconf 66' lang='lat' dir='ltr'>Sahal.</span> <span class='ocrx_word' id='word_1_194' title='bbox 499 2183 807 2253; x_wconf 79' lang='lat' dir='ltr'>Secundum</span> <span class='ocrx_word' id='word_1_195' title='bbox 864 2183 1129 2250; x_wconf 89' lang='lat' dir='ltr'>quosdam</span> <span class='ocrx_word' id='word_1_196' title='bbox 1181 2192 1425 2232; x_wconf 90' lang='lat' dir='ltr'>auctores</span> <span class='ocrx_word' id='word_1_197' title='bbox 1478 2199 1725 2248; x_wconf 88' lang='lat' dir='ltr'>suprema</span> <span class='ocrx_word' id='word_1_198' title='bbox 1778 2200 1964 2231; x_wconf 89' lang='lat' dir='ltr'>norma</span> 
     </span>
     <span class='ocr_line' id='line_1_25' title="bbox 60 2252 1963 2334; baseline -0.002 -17"><span class='ocrx_word' id='word_1_199' title='bbox 60 2267 351 2317; x_wconf 90' lang='lat' dir='ltr'>honestatis</span> <span class='ocrx_word' id='word_1_200' title='bbox 407 2277 487 2317; x_wconf 90' lang='lat' dir='ltr'>est</span> <span class='ocrx_word' id='word_1_201' title='bbox 505 2252 862 2332; x_wconf 41' lang='lat' dir='ltr'>&#39;chJ-‘tiz&#39;us</span> <span class='ocrx_word' id='word_1_202' title='bbox 919 2267 1080 2334; x_wconf 63' lang='lat' dir='ltr'>ordo»</span> <span class='ocrx_word' id='word_1_203' title='bbox 1148 2283 1443 2331; x_wconf 68' lang='lat' dir='ltr'>exsurgens</span> <span class='ocrx_word' id='word_1_204' title='bbox 1498 2282 1566 2314; x_wconf 82' lang='lat' dir='ltr'>ex</span> <span class='ocrx_word' id='word_1_205' title='bbox 1622 2264 1963 2314; x_wconf 89' lang='lat' dir='ltr'>relationibus</span> 
     </span>
     <span class='ocr_line' id='line_1_26' title="bbox 60 2347 1963 2423; baseline -0.002 -23"><span class='ocrx_word' id='word_1_206' title='bbox 60 2351 266 2423; x_wconf 73' lang='lat' dir='ltr'>agentis</span> <span class='ocrx_word' id='word_1_207' title='bbox 309 2350 798 2416; x_wconf 25' lang='lat' dir='ltr'>§eRdffVEKi-Qiesstia·</span> <span class='ocrx_word' id='word_1_208' title='bbox 896 2347 1004 2399; x_wconf 81' lang='lat' dir='ltr'>Sed</span> <span class='ocrx_word' id='word_1_209' title='bbox 1070 2349 1312 2414; x_wconf 76' lang='lat' dir='ltr'>quamvis</span> <span class='ocrx_word' id='word_1_210' title='bbox 1376 2347 1510 2397; x_wconf 89' lang='lat' dir='ltr'>haec</span> <span class='ocrx_word' id='word_1_211' title='bbox 1575 2348 1836 2397; x_wconf 89' lang='lat' dir='ltr'>sententia</span> <span class='ocrx_word' id='word_1_212' title='bbox 1889 2348 1963 2396; x_wconf 91' lang='lat' dir='ltr'>sic</span> 
     </span>
     <span class='ocr_line' id='line_1_27' title="bbox 9 2430 1966 2498; baseline -0.002 -16"><span class='ocrx_word' id='word_1_213' title='bbox 9 2465 15 2469; x_wconf 89' lang='lat'><em>·</em></span> <span class='ocrx_word' id='word_1_214' title='bbox 61 2434 227 2498; x_wconf 90' lang='lat' dir='ltr'>possit</span> <span class='ocrx_word' id='word_1_215' title='bbox 266 2432 534 2498; x_wconf 80' lang='lat' dir='ltr'>explicari,</span> <span class='ocrx_word' id='word_1_216' title='bbox 579 2441 636 2482; x_wconf 92' lang='lat' dir='ltr'>ut</span> <span class='ocrx_word' id='word_1_217' title='bbox 679 2449 799 2481; x_wconf 90' lang='lat' dir='ltr'>cum</span> <span class='ocrx_word' id='word_1_218' title='bbox 841 2440 1022 2481; x_wconf 90' lang='lat' dir='ltr'>nostra</span> <span class='ocrx_word' id='word_1_219' title='bbox 1063 2432 1371 2491; x_wconf 87' lang='lat' dir='ltr'>concordet,</span> <span class='ocrx_word' id='word_1_220' title='bbox 1415 2440 1619 2491; x_wconf 83' lang='lat' dir='ltr'>tamen,</span> <span class='ocrx_word' id='word_1_221' title='bbox 1663 2431 1706 2479; x_wconf 93' lang='lat' dir='ltr'>si</span> <span class='ocrx_word' id='word_1_222' title='bbox 1746 2430 1966 2479; x_wconf 88' lang='lat' dir='ltr'>sumitur</span> 
     </span>
     <span class='ocr_line' id='line_1_28' title="bbox 61 2512 1963 2580; baseline -0.002 -16"><span class='ocrx_word' id='word_1_223' title='bbox 61 2521 119 2564; x_wconf 90' lang='lat' dir='ltr'>ut</span> <span class='ocrx_word' id='word_1_224' title='bbox 156 2516 308 2576; x_wconf 89' lang='lat' dir='ltr'>iacet,</span> <span class='ocrx_word' id='word_1_225' title='bbox 360 2529 400 2565; x_wconf 87' lang='grc' dir='ltr'>Ι.</span> <span class='ocrx_word' id='word_1_226' title='bbox 433 2532 539 2564; x_wconf 91' lang='lat' dir='ltr'>non</span> <span class='ocrx_word' id='word_1_227' title='bbox 569 2513 711 2564; x_wconf 86' lang='lat' dir='ltr'>valet</span> <span class='ocrx_word' id='word_1_228' title='bbox 739 2513 1009 2580; x_wconf 78' lang='lat' dir='ltr'>explicare</span> <span class='ocrx_word' id='word_1_229' title='bbox 1038 2514 1336 2563; x_wconf 89' lang='lat' dir='ltr'>bonitatem</span> <span class='ocrx_word' id='word_1_230' title='bbox 1364 2512 1621 2562; x_wconf 90' lang='lat' dir='ltr'>moralem</span> <span class='ocrx_word' id='word_1_231' title='bbox 1651 2512 1963 2562; x_wconf 67' lang='lat' dir='ltr'>Obicclivcml</span> 
     </span>
     <span class='ocr_line' id='line_1_29' title="bbox 63 2594 1966 2661; baseline -0.002 -15"><span class='ocrx_word' id='word_1_232' title='bbox 63 2597 131 2661; x_wconf 87' lang='lat' dir='ltr'>(n.</span> <span class='ocrx_word' id='word_1_233' title='bbox 175 2597 282 2660; x_wconf 83' lang='lat'><strong>66).</strong></span> <span class='ocrx_word' id='word_1_234' title='bbox 343 2596 606 2647; x_wconf 87' lang='lat' dir='ltr'>Actiones</span> <span class='ocrx_word' id='word_1_235' title='bbox 647 2596 786 2645; x_wconf 91' lang='lat' dir='ltr'>enim</span> <span class='ocrx_word' id='word_1_236' title='bbox 815 2613 965 2645; x_wconf 91' lang='lat' dir='ltr'>suam</span> <span class='ocrx_word' id='word_1_237' title='bbox 994 2596 1291 2646; x_wconf 90' lang='lat' dir='ltr'>bonitatem</span> <span class='ocrx_word' id='word_1_238' title='bbox 1320 2594 1726 2661; x_wconf 88' lang='lat' dir='ltr'>primordialiter</span> <span class='ocrx_word' id='word_1_239' title='bbox 1765 2594 1966 2644; x_wconf 90' lang='lat' dir='ltr'>habent</span> 
     </span>
     <span class='ocr_line' id='line_1_30' title="bbox 62 2677 1965 2744; baseline -0.002 -16"><span class='ocrx_word' id='word_1_240' title='bbox 62 2679 130 2728; x_wconf 86' lang='lat' dir='ltr'>ab</span> <span class='ocrx_word' id='word_1_241' title='bbox 171 2679 407 2729; x_wconf 92' lang='lat' dir='ltr'>obiectis.</span> <span class='ocrx_word' id='word_1_242' title='bbox 488 2679 599 2728; x_wconf 88' lang='lat' dir='ltr'>Iam</span> <span class='ocrx_word' id='word_1_243' title='bbox 655 2679 697 2728; x_wconf 92' lang='lat' dir='ltr'>si</span> <span class='ocrx_word' id='word_1_244' title='bbox 752 2696 980 2744; x_wconf 87' lang='lat' dir='ltr'>quaerO,</span> <span class='ocrx_word' id='word_1_245' title='bbox 1041 2695 1133 2728; x_wconf 90' lang='lat' dir='ltr'>cur</span> <span class='ocrx_word' id='word_1_246' title='bbox 1187 2696 1233 2728; x_wconf 83' lang='lat' dir='ltr'>v.</span> <span class='ocrx_word' id='word_1_247' title='bbox 1279 2695 1328 2743; x_wconf 81' lang='lat' dir='ltr'>g.</span> <span class='ocrx_word' id='word_1_248' title='bbox 1373 2678 1524 2727; x_wconf 92' lang='lat' dir='ltr'>Deus</span> <span class='ocrx_word' id='word_1_249' title='bbox 1574 2678 1641 2726; x_wconf 91' lang='lat' dir='ltr'>sit</span> <span class='ocrx_word' id='word_1_250' title='bbox 1692 2677 1965 2726; x_wconf 89' lang='lat' dir='ltr'>obiectum</span> 
     </span>
     <span class='ocr_line' id='line_1_31' title="bbox 63 2759 1966 2827; baseline -0.002 -17"><span class='ocrx_word' id='word_1_251' title='bbox 63 2760 346 2810; x_wconf 91' lang='lat' dir='ltr'>honestum</span> <span class='ocrx_word' id='word_1_252' title='bbox 402 2779 498 2827; x_wconf 90' lang='lat' dir='ltr'>pro</span> <span class='ocrx_word' id='word_1_253' title='bbox 549 2777 731 2810; x_wconf 89' lang='lat' dir='ltr'>amore</span> <span class='ocrx_word' id='word_1_254' title='bbox 772 2760 1031 2821; x_wconf 89' lang='lat' dir='ltr'>hominis,</span> <span class='ocrx_word' id='word_1_255' title='bbox 1090 2760 1399 2826; x_wconf 88' lang='lat' dir='ltr'>responderi</span> <span class='ocrx_word' id='word_1_256' title='bbox 1440 2760 1652 2825; x_wconf 90' lang='lat' dir='ltr'>nequit,</span> <span class='ocrx_word' id='word_1_257' title='bbox 1711 2759 1831 2824; x_wconf 89' lang='lat' dir='ltr'>quia</span> <span class='ocrx_word' id='word_1_258' title='bbox 1886 2766 1966 2808; x_wconf 92' lang='lat' dir='ltr'>est</span> 
     </span>
     <span class='ocr_line' id='line_1_32' title="bbox 63 2840 1965 2908; baseline -0.002 -16"><span class='ocrx_word' id='word_1_259' title='bbox 63 2842 349 2892; x_wconf 90' lang='lat' dir='ltr'>conformis</span> <span class='ocrx_word' id='word_1_260' title='bbox 403 2843 669 2892; x_wconf 82' lang='lat' dir='ltr'>obiectivo</span> <span class='ocrx_word' id='word_1_261' title='bbox 722 2843 907 2892; x_wconf 92' lang='lat' dir='ltr'>ordini.</span> <span class='ocrx_word' id='word_1_262' title='bbox 989 2843 1179 2908; x_wconf 84' lang='lat' dir='ltr'>Neque</span> <span class='ocrx_word' id='word_1_263' title='bbox 1233 2842 1335 2891; x_wconf 88' lang='lat' dir='ltr'>dici</span> <span class='ocrx_word' id='word_1_264' title='bbox 1385 2850 1566 2908; x_wconf 87' lang='lat' dir='ltr'>potest</span> <span class='ocrx_word' id='word_1_265' title='bbox 1620 2840 1796 2890; x_wconf 89' lang='lat' dir='ltr'>Deum</span> <span class='ocrx_word' id='word_1_266' title='bbox 1851 2857 1965 2889; x_wconf 93' lang='lat' dir='ltr'>esse</span> 
     </span>
     <span class='ocr_line' id='line_1_33' title="bbox 64 2921 1964 2990; baseline -0.002 -16"><span class='ocrx_word' id='word_1_267' title='bbox 64 2924 331 2974; x_wconf 89' lang='lat' dir='ltr'>obiectum</span> <span class='ocrx_word' id='word_1_268' title='bbox 372 2924 685 2986; x_wconf 89' lang='lat' dir='ltr'>honestum,</span> <span class='ocrx_word' id='word_1_269' title='bbox 731 2925 851 2990; x_wconf 90' lang='lat' dir='ltr'>quia</span> <span class='ocrx_word' id='word_1_270' title='bbox 893 2933 972 2974; x_wconf 91' lang='lat' dir='ltr'>est</span> <span class='ocrx_word' id='word_1_271' title='bbox 1013 2924 1215 2974; x_wconf 90' lang='lat' dir='ltr'>homini</span> <span class='ocrx_word' id='word_1_272' title='bbox 1256 2924 1479 2973; x_wconf 87' lang='lat' dir='ltr'>honeste</span> <span class='ocrx_word' id='word_1_273' title='bbox 1519 2923 1774 2973; x_wconf 89' lang='lat' dir='ltr'>amabilis.</span> <span class='ocrx_word' id='word_1_274' title='bbox 1856 2921 1964 2970; x_wconf 92' lang='lat' dir='ltr'>Ho-</span> 
     </span>
     <span class='ocr_line' id='line_1_34' title="bbox 64 3005 1964 3065; baseline -0.002 -10"><span class='ocrx_word' id='word_1_275' title='bbox 64 3014 240 3056; x_wconf 91' lang='lat' dir='ltr'>nestas</span> <span class='ocrx_word' id='word_1_276' title='bbox 306 3007 446 3056; x_wconf 90' lang='lat' dir='ltr'>enim</span> <span class='ocrx_word' id='word_1_277' title='bbox 511 3015 659 3056; x_wconf 91' lang='lat' dir='ltr'>actus</span> <span class='ocrx_word' id='word_1_278' title='bbox 726 3008 991 3056; x_wconf 79' lang='lat' dir='ltr'>derivatur</span> <span class='ocrx_word' id='word_1_279' title='bbox 1062 3023 1132 3056; x_wconf 82' lang='lat' dir='ltr'>ex</span> <span class='ocrx_word' id='word_1_280' title='bbox 1202 3006 1484 3056; x_wconf 88' lang='lat' dir='ltr'>honestate</span> <span class='ocrx_word' id='word_1_281' title='bbox 1556 3005 1782 3065; x_wconf 90' lang='lat' dir='ltr'>obiecti,</span> <span class='ocrx_word' id='word_1_282' title='bbox 1857 3021 1964 3053; x_wconf 92' lang='lat' dir='ltr'>non</span> 
     </span>
     <span class='ocr_line' id='line_1_35' title="bbox 63 3086 1964 3153; baseline -0.001 -17"><span class='ocrx_word' id='word_1_283' title='bbox 63 3087 345 3138; x_wconf 87' lang='lat' dir='ltr'>viceversa.</span> <span class='ocrx_word' id='word_1_284' title='bbox 389 3119 461 3123; x_wconf 78' lang='lat'>——</span> <span class='ocrx_word' id='word_1_285' title='bbox 501 3088 778 3143; x_wconf 88' lang='lat' dir='ltr'>Praeterea</span> <span class='ocrx_word' id='word_1_286' title='bbox 836 3103 882 3138; x_wconf 85' lang='lat'>2.</span> <span class='ocrx_word' id='word_1_287' title='bbox 926 3089 1138 3138; x_wconf 87' lang='lat' dir='ltr'>bonitas</span> <span class='ocrx_word' id='word_1_288' title='bbox 1195 3089 1490 3153; x_wconf 82' lang='lat' dir='ltr'>(honestas)</span> <span class='ocrx_word' id='word_1_289' title='bbox 1548 3088 1675 3137; x_wconf 92' lang='lat' dir='ltr'>dicit</span> <span class='ocrx_word' id='word_1_290' title='bbox 1733 3086 1964 3151; x_wconf 90' lang='lat' dir='ltr'>aliquam</span> 
     </span>
     <span class='ocr_line' id='line_1_36' title="bbox 65 3169 1965 3237; baseline -0.001 -19"><span class='ocrx_word' id='word_1_291' title='bbox 65 3170 488 3220; x_wconf 89' lang='lat' dir='ltr'>convenientiam</span> <span class='ocrx_word' id='word_1_292' title='bbox 528 3171 598 3220; x_wconf 90' lang='lat' dir='ltr'>ad</span> <span class='ocrx_word' id='word_1_293' title='bbox 640 3178 969 3237; x_wconf 89' lang='lat' dir='ltr'>operantem.</span> <span class='ocrx_word' id='word_1_294' title='bbox 1051 3170 1221 3236; x_wconf 84' lang='lat' dir='ltr'>Atqui</span> <span class='ocrx_word' id='word_1_295' title='bbox 1278 3171 1403 3236; x_wconf 89' lang='lat' dir='ltr'>quid</span> <span class='ocrx_word' id='word_1_296' title='bbox 1457 3171 1523 3219; x_wconf 90' lang='lat' dir='ltr'>sit</span> <span class='ocrx_word' id='word_1_297' title='bbox 1563 3169 1804 3235; x_wconf 88' lang='lat' dir='ltr'>operanti</span> <span class='ocrx_word' id='word_1_298' title='bbox 1845 3184 1965 3217; x_wconf 91' lang='lat' dir='ltr'>con-</span> 
     </span>
     <span class='ocr_line' id='line_1_37' title="bbox 63 3245 1966 3315; baseline -0.001 -16"><span class='ocrx_word' id='word_1_299' title='bbox 63 3245 309 3312; x_wconf 85' lang='lat' dir='ltr'>veniens,</span> <span class='ocrx_word' id='word_1_300' title='bbox 366 3269 474 3301; x_wconf 90' lang='lat' dir='ltr'>non</span> <span class='ocrx_word' id='word_1_301' title='bbox 529 3270 598 3302; x_wconf 80' lang='lat' dir='ltr'>ex</span> <span class='ocrx_word' id='word_1_302' title='bbox 649 3253 916 3302; x_wconf 85' lang='lat' dir='ltr'>obiectivo</span> <span class='ocrx_word' id='word_1_303' title='bbox 959 3253 1170 3314; x_wconf 89' lang='lat' dir='ltr'>ordine,</span> <span class='ocrx_word' id='word_1_304' title='bbox 1224 3253 1321 3302; x_wconf 92' lang='lat' dir='ltr'>sed</span> <span class='ocrx_word' id='word_1_305' title='bbox 1362 3270 1430 3301; x_wconf 77' lang='lat' dir='ltr'>ex</span> <span class='ocrx_word' id='word_1_306' title='bbox 1471 3260 1657 3300; x_wconf 88' lang='lat' dir='ltr'>natura</span> <span class='ocrx_word' id='word_1_307' title='bbox 1698 3250 1966 3315; x_wconf 90' lang='lat' dir='ltr'>operantis</span> 
     </span>
    </p>
   </div>
   <div class='ocr_carea' id='block_1_6' title="bbox 67 3331 1963 3400">
    <p class='ocr_par' dir='ltr' id='par_1_6' title="bbox 67 3331 1963 3400">
     <span class='ocr_line' id='line_1_38' title="bbox 67 3331 1963 3400; baseline 0 -20"><span class='ocrx_word' id='word_1_308' title='bbox 67 3331 462 3383; x_wconf 86' lang='lat' dir='ltr'>diiudicandum</span> <span class='ocrx_word' id='word_1_309' title='bbox 509 3342 604 3384; x_wconf 91' lang='lat' dir='ltr'>est.</span> <span class='ocrx_word' id='word_1_310' title='bbox 647 3366 719 3371; x_wconf 93' lang='lat'>—</span> <span class='ocrx_word' id='word_1_311' title='bbox 760 3333 924 3398; x_wconf 73' lang='lat' dir='ltr'>Quod</span> <span class='ocrx_word' id='word_1_312' title='bbox 977 3341 1154 3384; x_wconf 90' lang='lat' dir='ltr'>autem</span> <span class='ocrx_word' id='word_1_313' title='bbox 1212 3335 1431 3400; x_wconf 90' lang='lat' dir='ltr'>quidam</span> <span class='ocrx_word' id='word_1_314' title='bbox 1488 3333 1669 3382; x_wconf 90' lang='lat' dir='ltr'>dicunt</span> <span class='ocrx_word' id='word_1_315' title='bbox 1720 3347 1963 3381; x_wconf 91' lang='lat' dir='ltr'>normam</span> 
     </span>
    </p>
   </div>
  </div>
 </body>
</html>
