2182 3682
208 165 318 215 430
607 161 722 190 PARS
758 161 804 190 II.
855 159 1173 189 PHILOSOPHIA
1208 159 1411 188 MORALIS
1448 159 1696 188 SPECIALIS.

207 316 303 364 per
341 315 399 348 se
439 297 742 348 satisfacere
783 315 891 347 non
931 305 1195 364 poterant,
1238 296 1290 346 in
1332 295 1587 345 auxilium
1627 296 1896 346 vocabant
1934 294 2114 357 laicos,

208 381 296 447 qui
346 380 447 430 sub
500 398 687 430 eorum
739 380 1031 430 directione
1083 378 1309 429 infantes
1364 379 1416 427 in
1474 377 1750 428 elementis
1805 377 2113 439 litterarum,

207 462 298 513 scl.
353 463 405 512 in
457 472 568 513 arte
616 462 856 528 legendi,
907 462 1175 512 scribendi
1216 469 1268 511 et
1310 461 1620 526 praesertim
1660 461 1712 510 in
1753 460 2008 527 religione
2047 461 2119 510 in-

207 545 486 595 struebant
537 553 590 595 et
641 554 915 611 praeterea
966 544 1281 610 plerumque
1323 543 1519 593 aeditui
1557 542 1640 593 vel
1683 543 1914 594 cantoris
1955 542 2119 594 eccle·
2162 596 2174 606 ,-

208 628 404 678 siastici
445 645 661 677 munere
705 627 1080 693 fungebantur.

214 757 359 823 587.
443 773 488 810 2.
535 759 808 826 Tempore
850 759 1009 809 medii
1051 759 1168 809 aevi
1208 759 1313 808 iam
1352 759 1553 825 ubique
1582 757 1841 825 plurimae
1870 758 2122 808 florentes

209 841 426 892 scholae
479 841 851 892 elementariae
904 842 1142 892 aderant.
1224 841 1334 891 Iam
1389 859 1529 891 anno
1592 855 1730 904 1124
1781 842 1951 892 abbas
2000 840 2123 891 Gui-

209 924 386 974 bertus
420 923 756 989 Nogcnlz'mls
795 924 952 974 refert
991 925 1040 974 in
1074 923 1244 974 Gallia
1284 922 1489 973 nullum
1530 923 1846 990 oppidulum
1885 923 2119 986 inveniri,

210 1008 301 1057 ubi
342 1025 449 1056 non
491 1016 675 1073 aperta
702 1007 768 1056 sit
797 1007 973 1073 aliqua
1000 1006 1201 1057 schola.
1271 1006 1437 1056 Anno
1475 1007 1613 1071 1576
1642 1006 1929 1073 episcopus
1962 1004 2117 1056 Clau-

211 1090 330 1139 dius
358 1089 702 1139 Ebl'oicensl‘s
742 1091 925 1139 asserit
966 1099 1089 1139 ante
1137 1088 1633 1139 «reformationem»
1680 1090 1729 1138 in
1767 1106 1862 1138 sua
1890 1088 2126 1138 dioecesi

211 1171 408 1222 nullam
460 1171 616 1221 fuisse
668 1172 979 1238 parochiam
1032 1173 1314 1232 maiorem,
1377 1188 1511 1237 quae
1566 1188 1673 1220 non
1723 1171 1966 1221 habuerit
2007 1188 2124 1237 pro-

214 1255 381 1321 priam
423 1254 679 1304 scholam.
751 1255 954 1304 Parisiis
998 1271 1138 1304 anno
1189 1256 1323 1318 1378
1362 1268 1426 1315 41
1474 1253 1824 1319 ludimagistri
1851 1254 1903 1302 in
1930 1252 2127 1303 scholis

216 1336 609 1403 parochialibus
648 1337 875 1386 infantes
918 1337 1204 1386 docebant.
1277 1334 1532 1385 Coloniae
1566 1353 1706 1385 anno
1744 1349 1882 1398 1400
1910 1336 2127 1385 exsiste-

217 1420 347 1469 bant
389 1421 447 1480 8,
492 1419 874 1468 VVratislawiae
925 1420 984 1468 18
1028 1418 1245 1468 scholae
1298 1417 1645 1484 parochiales.
1728 1416 1879 1468 Circa
1930 1434 2129 1467 annum

226 1515 364 1564 1400
403 1500 517 1550 sola
557 1502 816 1551 dioecesis
846 1501 1123 1567 Pragensis
1153 1501 1220 1550 ad
1251 1501 1523 1550 minimum
1553 1501 1661 1563 640
1688 1500 1900 1550 scholas
1928 1500 2127 1550 habuit.

220 1582 355 1633 Cum
410 1584 604 1633 eodem
657 1592 901 1650 tempore
955 1584 1252 1633 exstiterint
1304 1584 1370 1647 63
1417 1584 1693 1633 dioeceses
1733 1583 1784 1632 in
1827 1581 2126 1643 Germania,

220 1683 440 1732 quarum
493 1666 692 1716 multae
745 1665 1031 1732 ampliores
1084 1673 1136 1715 et
1187 1683 1295 1715 non
1349 1665 1518 1714 minus
1571 1664 1746 1715 cultae
1799 1682 1959 1731 quam
2014 1664 2129 1714 Pra-

221 1749 413 1815 gensis,
459 1748 709 1798 concludi
750 1757 930 1815 potest
971 1766 1034 1798 eo
1071 1757 1315 1814 tempore
1346 1747 1687 1798 Germaniam
1715 1747 1966 1797 habuisse
1994 1747 2132 1797 circa

221 1845 291 1894 40
308 1845 416 1882 000
456 1830 759 1881 scholarum
801 1830 1276 1881 elementariarum.

225 1965 370 2031 588.
454 1981 500 2031 3.
545 1967 761 2017 Falsum
816 1976 896 2017 est
949 1984 1105 2033 ergo,
1162 1966 1310 2032 quod
1365 1965 1670 2032 frequenter
1709 1967 1760 2015 in
1803 1983 1894 2015 ore
1934 1965 2135 2015 habent

222 2058 596 2116 protestantes,
640 2049 882 2100 scholam
912 2049 1310 2099 elementariam
1339 2057 1390 2098 et
1421 2049 1679 2113 originem
1708 2057 1762 2098 et
1789 2064 2134 2114 progressum

224 2133 421 2183 debere
460 2132 904 2183 «reformationi».
975 2133 1145 2181 Immo
1176 2140 1299 2198 post
1326 2131 1469 2180 initia
1497 2130 1886 2180 reformationis
1917 2129 2136 2180 scholae

224 2216 472 2265 miserum
527 2216 579 2264 in
632 2215 852 2264 modum
911 2214 1181 2280 collapsae
1233 2222 1383 2274 sunt,
1437 2222 1493 2262 ut
1548 2213 1648 2279 ipsi
1695 2212 2131 2262 «reformatores»

225 2299 421 2364 passim
477 2306 889 2364 conqueruntur.
971 2297 1101 2346 Ideo
1143 2295 1439 2356 Lutherus,
1495 2304 1551 2345 ut
1602 2294 1814 2345 scholas
1865 2295 1918 2344 in
1959 2293 2136 2344 melio-

225 2398 337 2430 rem
364 2389 561 2430 statum
592 2380 904 2440 restitueret,
936 2397 1076 2428 anno
1115 2389 1253 2441 1524
1280 2379 1331 2428 in
1360 2377 1539 2444 aliquo
1568 2377 1767 2443 scripto
1797 2377 2138 2443 magistratus

226 2462 404 2513 civiles
431 2462 688 2524 hortatur,
720 2470 776 2511 ut
804 2461 1017 2512 scholas
1045 2461 1320 2510 instituant
1349 2469 1402 2509 et
1424 2477 1606 2510 earum
1629 2477 1809 2509 curam
1831 2460 2134 2526 suscipiant.

227 2545 313 2594 Ex
361 2562 425 2594 eo
467 2554 711 2611 tempore
753 2545 1010 2610 gubernia
1052 2543 1222 2593 civilia
1262 2543 1433 2608 magis
1475 2543 1753 2608 magisque
1803 2541 2017 2592 scholas
2067 2542 2137 2591 in-

226 2627 512 2687 vadebant,
557 2637 609 2676 et
649 2626 902 2692 paulatim
945 2626 1260 2692 principium
1302 2625 1464 2674 hodie
1501 2625 1638 2674 adeo
1668 2624 2041 2691 pervulgatum
2068 2624 2141 2673 in—

226 2709 416 2760 valuit:
461 2709 780 2775 gubernium
810 2707 959 2758 civile
987 2708 1185 2757 habere
1213 2706 1428 2773 plenam
1457 2694 1781 2772 potestatem
1816 2707 1867 2755 in
1907 2704 2136 2756 scholas.

233 2847 378 2913 589.
459 2864 508 2912 4.
552 2849 675 2899 Hoc
727 2858 903 2898 autem
956 2848 1217 2914 principio
1271 2865 1379 2898 non
1432 2848 1681 2897 obstante
1735 2863 1901 2911 usque
1954 2845 2022 2895 ad
2064 2862 2136 2894 re-

230 2932 532 2982 centissima
590 2940 837 2997 tempora
892 2930 1168 2980 Ecclesiae
1229 2929 1336 2979 fere
1391 2929 1591 2995 ubique
1646 2928 1838 2978 saltem
1896 2927 2142 2993 religiosa

231 3014 488 3064 institutio
541 3021 594 3063 et
643 3013 765 3062 hinc
819 3012 1066 3078 parochis
1119 3021 1172 3061 et
1223 3011 1490 3078 episcopis
1535 3011 1796 3077 inspectio
1837 3008 2142 3060 scholarum

233 3096 648 3146 concedebatur.
729 3095 809 3144 Ita
861 3095 929 3143 de
970 3093 1112 3143 facto
1153 3093 1371 3146 scholae
1412 3093 1691 3158 hucusque
1732 3080 2030 3141 retinebant
2069 3091 2140 3140 in-

235 3177 416 3227 dolem
467 3194 629 3243 quam
669 3184 864 3226 vocant
918 3175 1387 3236 confessionalem‚
1441 3176 1471 3225 i.
1516 3192 1560 3225 e.
1605 3173 1876 3240 quaelibet
1914 3173 2143 3223 societas

235 3258 482 3325 religiosa
521 3259 757 3309 habebat
797 3257 1009 3308 scholas
1049 3258 1290 3323 proprias
1330 3274 1458 3306 suae
1498 3255 1817 3322 inspectioni
1855 3255 2139 3304 subiectas.

236 3341 477 3391 Ecclesia
516 3340 638 3390 huic
678 3340 919 3406 regimini
957 3338 1260 3389 scholarum
1301 3338 1692 3404 acquiescebat.
