2182 3682
534 178 620 208 11113.
659 178 703 206 11.
751 178 850 206 CAP.
887 178 953 207 111.
1001 178 1063 206 DE
1096 179 1353 208 SOCIETATE
1388 181 1546 210 CIVILI.
1864 172 1968 234 463

537 311 565 365 ξ
599 326 637 362 4.
687 314 766 352 DE
800 313 1140 352 POTESTATE
1174 314 1516 354 IUDICIARIA.

564 432 595 470 Ι.
642 432 712 470 De
745 431 884 470 huius
918 431 1163 482 potestatis
1196 431 1493 470 necessitate.

754 553 1021 602 THESIS
1058 554 1306 602 XCVIII.

82 647 227 712 632·
317 659 635 718 Supremae
686 657 957 718 potestati
1003 657 1147 704 civili
1201 658 1473 719 competit
1525 658 1796 707 iudicium
1856 668 1979 708 tum

81 731 240 779 civile
275 738 400 778 turn
440 732 731 779 criminale
767 746 869 779 seu
906 732 994 778 ius
1030 732 1302 792 puniendi
1340 732 1590 780 crimina.

783 826 1045 879 (Moralphil.
1081 829 1121 866 H
1155 826 1276 878 638.)

154 927 241 980 St.
297 927 373 995 Q.
462 944 501 980 Ι.
556 930 798 979 Potestas
848 930 1115 979 iudiciaria
1170 938 1251 979 est
1303 938 1541 996 potestas
1590 931 1830 980 ordinem
1870 932 1981 981 iuri-

81 1012 253 1062 dicum
308 1011 510 1061 laesum
549 1011 631 1061 vel
683 1012 956 1061 turbatum
997 1012 1047 1060 in
1088 1011 1354 1078 integrum
1397 1013 1720 1062 restituendi.
1801 1013 1984 1063 Potest

81 1102 259 1144 autem
300 1093 384 1144 hic
421 1094 554 1143 ordo
586 1093 868 1160 dupliciter
895 1094 1120 1144 turbari:
1164 1094 1215 1157 a)
1246 1111 1339 1160 per
1366 1093 1585 1160 aliquod
1614 1095 1833 1154 crimen,
1874 1113 1981 1161 quo

79 1177 158 1225 ius
208 1176 318 1226 sive
370 1176 632 1242 privatum
683 1176 792 1225 sive
845 1174 1116 1241 publicum
1171 1175 1297 1240 (lex)
1338 1176 1588 1238 violatur;
1645 1177 1701 1241 b)
1755 1194 1849 1242 per
1900 1177 1983 1226 ali-

83 1275 244 1324 quam
286 1257 460 1320 litem,
515 1275 651 1323 quae
691 1257 825 1307 inter
866 1257 996 1307 duas
1037 1266 1214 1323 partes
1255 1258 1322 1307 de
1363 1258 1540 1324 aliquo
1581 1259 1691 1307 iure
1732 1259 1980 1310 exoritur.

79 1340 209 1389 Inde
265 1339 469 1405 duplex
524 1340 864 1406 distinguitur
917 1348 1157 1405 potestas
1211 1340 1503 1390 iudiciaria:
1575 1340 1884 1390 criminalis
1937 1349 1988 1390 et

80 1421 271 1472 civilis.

155 1517 201 1553 2.
245 1503 425 1552 Poena
478 1512 557 1552 est
612 1503 814 1552 malum
856 1503 1138 1568 physicarum
1193 1503 1447 1568 &fisclum
1493 1512 1723 1569 propter
1778 1504 1981 1554 malum

79 1585 290 1635 morale
331 1585 683 1635 conzmissmn.
764 1585 848 1634 De
889 1586 1000 1634 eius
1041 1586 1243 1634 ratione
1285 1595 1381 1643 est,
1424 1596 1481 1635 ut
1521 1586 1587 1635 sit
1628 1587 1676 1651 a)
1717 1586 1983 1636 volmzl‘all'

78 1667 391 1730 contrarz'a5
432 1667 488 1731 b>
530 1665 831 1731 afflictlva‚·
873 1668 920 1731 c)
953 1676 1183 1732 propser
1221 1667 1430 1732 culpam
1471 1668 1634 1717 illata
1678 1666 1752 1731 (S.
1793 1668 1975 1718 Tleom.

88 1763 129 1809 Ι,
176 1762 222 1810 2,
269 1766 318 1814 q.
360 1749 448 1810 46,
492 1766 536 1798 a.
581 1749 614 1798 6
656 1749 723 1798 ad
767 1763 795 1798 2
839 1758 891 1798 et
931 1749 1015 1798 De
1057 1749 1197 1799 malo
1240 1767 1289 1815 q.
1344 1764 1384 1810 Ι,
1428 1767 1470 1799 a.
1514 1751 1586 1813 4).

158 1867 324 1906 PARS
356 1868 388 1906 Ι.
456 1867 627 1916 Quoad
657 1868 879 1906 iudicium
916 1869 1071 1907 civile.

156 1956 322 2003 Prob.
417 1955 742 2005 Potestatem
803 1955 1125 2006 iudiciariam
1186 1955 1393 2005 civilem
1453 1957 1803 2006 necessariam
1870 1974 1985 2007 esse

83 2036 475 2087 demonstratur
515 2055 583 2086 ex
623 2055 711 2096 eo,
757 2038 904 2102 quod
946 2038 1079 2087 inter
1120 2039 1261 2087 cives
1301 2055 1462 2104 saepe
1503 2039 1739 2088 oriuntur
1780 2048 1985 2089 contro·

81 2119 281 2168 versiae
323 2119 459 2169 circa
501 2120 741 2169 ordinem
783 2120 920 2179 iuris,
964 2137 1125 2185 quae,
1171 2121 1212 2169 si
1253 2138 1359 2169 non
1400 2120 1615 2170 iuridice
1657 2121 1984 2182 decidantur,

81 2218 271 2266 pacem
324 2209 376 2251 et
429 2202 769 2251 securitatem
820 2201 1088 2267 publicam
1130 2201 1411 2267 plurimum
1452 2203 1779 2268 perturbant.
1860 2203 1988 2252 Dixi

81 2282 334 2344 juridice,
387 2283 417 2334 i.
461 2301 504 2333 e.
549 2285 646 2344 ita,
702 2292 757 2333 ut
810 2283 1078 2350 litigantes
1129 2285 1314 2334 iudicis
1354 2286 1616 2335 sententia
1657 2285 1988 2350 oblegamus,-

83 2382 258 2431 neque
299 2366 438 2415 enim
478 2365 674 2416 sufficit
714 2367 967 2416 iudicium
1008 2384 1151 2416 mere
1191 2366 1593 2433 speculativum,
1638 2367 1793 2433 quale
1830 2368 1989 2417 etiam

83 2446 248 2497 homo
291 2447 482 2498 doctus
523 2447 664 2498 nulla
704 2449 976 2514 praeditus
1018 2450 1334 2499 auctoritate
1376 2449 1611 2515 proferre
1641 2456 1834 2516 potest.
1903 2449 1989 2499 EX

87 2545 195 2594 quo
248 2537 396 2596 patet
446 2530 697 2580 iudicium
749 2531 907 2581 etiam
961 2530 1109 2581 civile
1162 2548 1268 2581 non
1322 2549 1437 2582 esse
1479 2531 1805 2582 functionem
1846 2549 1989 2581 mere

86 2610 319 2677 logicam
359 2612 442 2662 vel
484 2630 685 2662 merum
727 2613 1053 2674 arbitratum,
1098 2614 1192 2663 sed
1234 2623 1415 2664 actum
1456 2614 1859 2664 iurisdicl‘iem's.

89 2727 236 2792 633.
323 2739 489 2778 PARS
520 2740 575 2778 11.
643 2739 815 2788 Quoad
845 2740 1069 2778 iudicium
1105 2741 1366 2779 criminale.

165 2835 332 2882 Prob.
400 2832 524 2884 Sine
565 2836 674 2884 iure
714 2835 967 2901 puniendi
1009 2844 1153 2885 recta
1193 2836 1510 2902 gubernatio
1552 2836 1822 2886 societatis
1850 2842 1990 2885 esset

86 2915 439 2982 impossibilis.
520 2916 674 2982 Ergo
715 2917 858 2966 idem
897 2934 1176 2983 supremae
1216 2917 1470 2983 potestati
1512 2917 1783 2982 competit.

160 3012 317 3062 Prob.
362 3021 525 3063 antec.
599 3013 658 3062 In
698 3031 894 3079 magna
933 3013 1210 3063 hominum
1250 3013 1587 3063 multitudine
1627 3030 1837 3078 semper
1878 3011 1986 3078 plu-

88 3094 202 3143 rimi
240 3103 378 3155 sunt,
422 3095 512 3160 qui
550 3094 668 3144 solo
710 3104 854 3144 metu
895 3112 1188 3161 poenarum
1230 3103 1537 3145 constanter
1575 3095 1626 3143 in
1661 3094 1837 3144 officio
1868 3111 1988 3143 con-

87 3175 237 3225 tineri
277 3184 516 3241 possunt.
597 3175 653 3226 Si
694 3177 909 3226 crimina
948 3177 1207 3243 impunita
1246 3184 1535 3236 manerent,
1580 3174 1720 3224 nulla
1771 3192 1880 3240 pax
1935 3183 1988 3224 et

84 3257 337 3307 securitas
395 3265 536 3308 esset
591 3258 883 3324 possibiliS‚
945 3267 998 3308 et
1057 3259 1278 3308 audacia
1337 3257 1704 3323 improborum
1764 3257 1814 3305 in
1876 3257 1988 3306 dies

87 3347 361 3388 cresceret.
