2182 3682
456 156 541 185 LIB.
577 156 604 185 ῐ.
651 155 752 184 CAP.
788 155 846 185 iv,
896 154 957 181 DE
990 154 1103 181 IURE
1139 153 1487 182 I'ROPRIETATIS.
1813 142 1918 204 269

33 306 176 360 339.
254 293 347 342 Ad
380 305 425 355 3.
486 292 603 340 Iura
631 290 884 339 naturalia
911 297 1032 338 sunt
1059 288 1274 354 quidem
1302 287 1557 353 aequalia,
1601 288 1643 336 si
1679 288 1922 336 homines

31 375 428 428 considerantur
455 373 504 421 in
527 371 792 421 abstracto
821 370 1114 420 secundum
1144 368 1312 418 solam
1336 376 1577 417 naturam
1598 369 1919 433 specificam.

30 459 107 510 At
157 471 496 521 nequaquam
549 453 791 502 homines
836 461 957 501 sunt
996 449 1272 516 aequaleS,
1327 450 1368 500 si
1422 449 1823 499 considerantur
1872 450 1924 498 in

31 545 262 590 concreto
303 525 596 585 secundum
626 533 976 583 individuales
1005 533 1363 592 condicioneS,
1407 532 1456 580 in
1488 531 1679 596 quibus
1707 547 1924 580 nascun-

30 630 124 672 tur.
204 617 365 668 Filius
405 636 451 667 v.
497 634 547 682 g.
592 617 823 666 nascitur
861 632 892 664 a
945 623 1094 680 patre
1136 623 1188 663 et
1239 622 1405 663 matre
1447 613 1759 678 dependens
1800 621 1925 661 tam-

32 717 189 768 quam
248 717 278 749 a
334 716 431 749 suo
491 698 748 764 principio
809 706 860 746 et
919 697 1073 746 variis
1134 695 1320 745 officiis
1379 711 1505 759 erga
1564 694 1785 743 eosdem
1840 694 1926 742 ad-

31 783 326 847 stringitur;
369 781 490 830 hinc
523 796 864 845 nequaquam
906 778 1095 827 eadem
1136 779 1245 826 iura
1285 785 1338 826 et
1379 776 1553 826 officia
1594 776 1757 825 habet
1795 776 1929 824 sicut

30 873 178 932 pater
228 871 280 913 et
332 871 524 923 mater,
585 862 705 911 dein
757 861 904 927 ipsae
960 859 1224 909 naturales
1283 859 1439 907 dotes
1494 858 1798 907 hominum:
1858 858 1928 906 in-

33 945 261 1012 genium,
306 944 600 1010 prudentia,
645 943 918 1002 fortitudo,
963 942 1124 991 robur
1161 941 1399 1006 corporis
1427 949 1544 1000 eto,
1589 956 1929 1005 nequaquam

31 1035 152 1079 sunt
190 1025 465 1092 aequales,
519 1025 614 1075 sed
656 1024 812 1090 plane
853 1023 1264 1082 diversissimae,
1319 1031 1371 1071 et
1412 1022 1543 1071 haec
1584 1020 1931 1086 inaequalitas

33 1108 281 1160 naturalis
319 1109 488 1157 varias
543 1106 945 1172 inaequalitates
998 1106 1132 1155 inter
1183 1104 1426 1153 homines
1477 1104 1679 1153 inducit
1730 1103 1932 1152 ratione

32 1191 400 1258 operationum
444 1198 496 1239 et
536 1189 823 1239 effectuum
864 1188 986 1238 inde
1029 1187 1421 1253 prodeuntium.
1504 1184 1591 1235 Sic
1633 1184 1934 1234 naturaliter

32 1275 166 1324 inter
216 1272 460 1322 homines
504 1271 741 1320 oriuntur
781 1271 972 1320 diversi
1023 1276 1192 1319 status
1234 1285 1354 1318 cum
1397 1268 1615 1317 diversis
1656 1266 1842 1317 officiis
1883 1274 1936 1315 et

34 1355 257 1415 iuribus,
313 1354 435 1419 quia
487 1370 594 1402 non
636 1370 821 1402 omnes
864 1353 933 1402 ad
986 1352 1165 1402 omnia
1217 1349 1510 1400 naturalem
1563 1349 1932 1415 aptitudinem,

36 1437 401 1503 capacitatem,
446 1435 903 1501 opportunitatem
945 1434 1160 1483 habent.

37 1564 181 1616 340.
263 1561 428 1600 PARS
460 1562 513 1599 ΙΙ.
577 1562 630 1598 In
666 1573 724 1599 se
757 1561 1062 1610 impossibile
1099 1562 1148 1598 et
1178 1560 1437 1597 absurdum
1474 1562 1562 1596 est.

106 1643 271 1690 Prob.
357 1641 444 1690 Ex
471 1640 647 1690 multis
676 1641 1048 1700 incommodis,
1093 1640 1283 1705 quibus
1311 1639 1415 1688 hoc
1443 1646 1679 1704 systema
1708 1637 1930 1697 laborat,

33 1723 304 1774 brevitatis
346 1739 504 1773 causa
545 1731 752 1772 tantum
794 1739 964 1789 pauca
1005 1722 1373 1771 indicabimus

116 1820 156 1855 Ι.
200 1804 430 1854 Difficile
470 1806 574 1854 iam
615 1806 710 1854 erit
750 1823 1024 1855 secernere
1064 1805 1198 1854 bona
1228 1803 1554 1869 productiva
1596 1820 1629 1851 a
1671 1809 1934 1865 consump-

34 1887 175 1938 tz'vz‘s.
251 1886 508 1952 Quamvis
549 1888 690 1936 enim
731 1887 862 1937 haec
903 1888 1126 1937 secretio
1167 1887 1216 1935 in
1259 1886 1527 1935 abstracto
1568 1885 1634 1934 sit
1674 1883 1933 1943 facillima,

34 1971 83 2020 in
126 1977 378 2019 concreto
420 1977 599 2018 tamen
640 1978 720 2019 est
761 1968 1085 2030 difficillima,
1131 1970 1255 2034 quia
1295 1968 1580 2034 pleraeque
1621 1983 1702 2016 res
1744 1974 1854 2015 tum
1884 1965 1935 2014 in

36 2051 190 2101 bonis
218 2051 560 2117 productivis,
598 2061 708 2100 tum
738 2052 789 2100 in
831 2051 985 2101 bonis
1014 2050 1396 2116 consumptivis
1425 2049 1687 2098 numerari
1714 2055 1937 2113 possunt

39 2150 137 2199 pro
167 2133 469 2182 diversitate
498 2133 630 2193 finis,
674 2134 741 2182 ad
772 2150 929 2199 quem
960 2133 1292 2182 adhibentur.
1348 2132 1501 2196 Ergo
1530 2139 1621 2180 aut
1662 2130 1939 2179 debebunt

39 2213 145 2264 fere
187 2215 365 2264 omnia
417 2214 559 2263 bona
599 2214 865 2264 transferri
904 2216 955 2264 in
996 2222 1166 2264 totam
1208 2213 1673 2273 communitatem,
1728 2220 1842 2271 aut,
1897 2210 1940 2259 si

39 2295 257 2361 singulis
297 2295 675 2362 relinquuntur,
720 2297 940 2346 debebit
980 2296 1304 2362 invigilando
1346 2295 1629 2361 prohiberi,
1674 2311 1739 2343 ne
1772 2294 1831 2342 iis
1870 2293 1938 2342 ad

38 2395 120 2428 res
159 2395 325 2428 novas
367 2379 726 2444 procreandas
768 2387 995 2428 utantur.

49 2505 193 2557 341.
276 2509 321 2546 2.
378 2496 515 2546 Dein
569 2513 819 2562 magnam
872 2495 1241 2546 difficultatem
1293 2504 1529 2560 systema
1569 2494 1727 2543 etiam
1769 2511 1836 2543 ex
1878 2510 1942 2542 eo

47 2577 266 2641 patitur,
333 2579 482 2644 quod
545 2596 640 2644 per
708 2578 1047 2644 magistratus
1111 2577 1326 2644 publica
1383 2577 1720 2642 inquisitione
1779 2576 1943 2625 deler-

48 2658 306 2708 minanda
359 2661 456 2709 erit
506 2661 780 2726 quanljlas
834 2668 884 2709 el
932 2660 1172 2726 qltall'las
1228 2676 1410 2709 rerum
1451 2658 1941 2723 procreandamtm.

49 2740 186 2789 Nam
237 2741 369 2791 haec
411 2751 490 2791 est
541 2759 727 2792 norma
767 2751 818 2791 et
866 2741 1049 2807 regula
1101 2741 1484 2808 productionis.
1567 2740 1826 2789 Nimirum
1866 2757 1945 2788 so-

51 2821 279 2872 cialistae
318 2822 503 2873 volunt
549 2823 735 2873 tollere
783 2823 1115 2873 «anarchiam
1168 2822 1563 2889 productionis»
1612 2830 1664 2871 et
1705 2823 1754 2870 in
1806 2822 1945 2871 hunc

50 2903 207 2953 finem
250 2905 427 2954 omnia
479 2905 622 2955 bona
672 2906 987 2971 productiva
1027 2906 1078 2954 in
1131 2906 1427 2963 dominium
1478 2904 1641 2953 totius
1680 2904 1947 2953 societatis

51 2985 327 3035 transferre
355 2987 638 3053 eidemque
666 2986 933 3037 exclusive
975 2987 1400 3052 procreationem
1428 2994 1481 3035 et
1522 2986 1947 3035 distributionem

53 3082 225 3117 rerum
264 3068 645 3134 productarum
686 3085 967 3119 reservare.
1025 3069 1200 3118 Nemo
1235 3086 1365 3134 ergo
1407 3068 1600 3134 poterit
1630 3084 1737 3116 rem
1769 3084 1948 3132 quam-

55 3164 283 3215 cumque
323 3151 566 3216 privatim
607 3151 870 3200 conficere
911 3149 993 3200 vel
1034 3150 1278 3200 vendere.
1336 3150 1491 3210 Hinc,
1536 3166 1600 3198 ne
1628 3149 1741 3214 ipsa
1769 3150 1949 3198 civitas

53 3236 250 3280 temere
291 3249 373 3281 res
413 3232 612 3297 gignat,
657 3232 821 3281 debet
861 3240 983 3281 ante
1025 3233 1203 3281 omnia
1242 3232 1391 3291 scire,
1435 3238 1693 3296 quantum
1734 3231 1784 3279 in
1825 3248 1949 3280 uno-

55 3327 270 3378 quoque
312 3331 484 3363 rerum
535 3330 730 3378 genere
776 3313 1091 3379 pariendum
1131 3314 1211 3362 sit.
1293 3313 1449 3361 Hanc
1490 3320 1666 3360 autem
1708 3312 1947 3361 notitiam
