2182 3682
511 185 661 214 CAPUT
696 185 755 213 IV.
807 184 869 212 DE
902 183 1184 212 VIRTUTIBUS
1220 183 1278 211 ET
1313 183 1466 211 VITIIS.
1843 185 1937 234 113

123 335 169 370 2.
212 321 298 370 Ex
338 328 489 386 parte
517 319 737 369 subiecli
774 326 1026 384 quattuor
1054 317 1332 367 facultates
1361 317 1428 366 ad
1470 317 1574 367 hoc
1603 327 1943 377 concurrunt,

47 411 102 453 ut
141 402 306 451 homo
335 408 537 451 rectum
567 400 806 450 ordinem
835 401 887 449 in
915 400 1123 449 actibus
1151 399 1438 448 moralibus
1467 399 1735 449 observet:
1782 400 1944 458 ratio,

48 484 322 543 voluntas,
372 482 703 533 sensibilitas
742 482 889 531 iuxta
940 489 1148 547 partem
1188 489 1300 530 tum
1342 481 1790 545 [micitpiscibilem
1832 488 1945 530 tum

48 564 392 616 irascibilem.
476 563 743 630 Quattuor
793 564 950 629 igitur
988 563 1205 613 virtutes
1244 563 1313 612 ad
1366 569 1509 612 recte
1560 563 1830 627 agendum
1872 580 1945 612 re-

47 647 347 713 quiruntur:
390 646 686 710 prudentia
728 663 796 694 ex
846 653 998 711 parte
1050 645 1376 705 intelleclas;
1428 644 1635 694 iustitia
1677 661 1745 693 ex
1797 652 1945 709 parte

46 727 369 790 volmztatis;
408 728 765 792 temperantia
807 745 877 776 ex
917 735 1067 793 parte
1093 726 1469 777 sensibilitatis
1497 725 1946 790 cbnczspiscibilis;

33 809 308 875 fortitudo
349 826 417 858 ex
458 818 607 875 parte
648 809 963 858 irascibilis.

55 963 196 1015 130.
276 953 489 1002 Nomen
528 951 733 1001 virtutis
774 950 1079 1000 cardinalis
1119 950 1316 1016 duplici
1356 967 1514 1000 sensu
1556 950 1794 1016 usurpari
1834 958 1949 1016 pot-

48 1044 152 1085 est:
216 1042 261 1084 Γ)
307 1051 404 1100 pro
458 1033 690 1099 generali
739 1033 1081 1092 condicione,
1137 1050 1273 1099 quae
1326 1033 1393 1082 ad
1447 1049 1661 1081 omnem
1701 1033 1949 1082 virtutem

49 1116 348 1183 requiritur,
402 1117 474 1165 ita
515 1125 572 1165 ut
612 1116 784 1165 omnis
824 1116 1014 1176 virtus,
1072 1132 1208 1181 quae
1262 1114 1410 1175 facit,
1465 1122 1522 1163 ut
1562 1114 1693 1163 ratio
1746 1114 1949 1164 bonum

47 1198 334 1248 honestum
374 1206 515 1248 recte
545 1198 812 1257 diiudicet,
855 1204 1078 1247 vocetur
1106 1197 1402 1262 prudentia
1417 1216 1436 1259 ;
1478 1197 1665 1257 omnis,
1710 1213 1847 1261 quae
1880 1197 1950 1245 in-

49 1281 209 1330 clinat
263 1280 331 1330 ad
389 1280 629 1330 debitum
689 1279 799 1329 aliis
858 1279 1223 1340 reddendum,
1286 1279 1527 1341 iasl‘ilia;
1588 1279 1760 1328 omnis
1816 1295 1951 1344 quae

48 1362 263 1413 cohibet
291 1362 564 1428 passiones
593 1361 1048 1428 concupiscibiles,
1080 1362 1436 1426 temperantia
1448 1381 1466 1424 ;
1504 1361 1734 1426 denique
1763 1361 1950 1419 omnis

50 1461 188 1510 quae
228 1444 402 1494 firmat
441 1443 771 1494 voluntatem
813 1454 997 1493 contra
1038 1445 1313 1510 passiones
1353 1461 1383 1492 a
1423 1443 1568 1492 bono
1611 1442 1950 1503 retrahenteS,

35 1527 347 1591 feriando,-
391 1534 441 1575 2⁰
482 1535 534 1575 et
575 1526 792 1592 quidem
835 1526 1018 1575 melius
1061 1525 1133 1589 (S.
1188 1526 1372 1575 Tlmm.
1426 1540 1465 1585 Ι,
1512 1539 1558 1586 2,
1605 1542 1654 1590 q.
1687 1525 1772 1585 61,
1817 1542 1859 1574 a.
1898 1525 1952 1589 4)

49 1625 146 1674 pro
188 1617 440 1674 quattuor
479 1607 882 1674 particularibus
910 1608 1206 1667 virtutibus,
1250 1625 1388 1673 quae
1417 1625 1486 1657 ex
1526 1616 1675 1673 parte
1705 1607 1970 1656 materiae·

50 1689 251 1740 habent
304 1691 574 1756 quandam
628 1688 1000 1757 excellentiam
1041 1697 1094 1739 et
1149 1691 1405 1739 maiorem
1447 1690 1841 1749 necessitatem,
1902 1696 1955 1738 et

51 1772 103 1822 in
143 1772 333 1838 quibus
374 1772 606 1838 reliquae
646 1773 868 1822 virtutes
909 1773 1319 1838 quodammodo
1361 1773 1495 1822 sicut
1523 1773 1714 1821 ostium
1756 1772 1806 1820 in
1850 1789 1954 1821 car-

54 1855 177 1904 dine
233 1854 519 1905 firmantur.
617 1855 740 1904 Hoc
795 1872 952 1905 sensu
1010 1856 1200 1915 virtus,
1263 1871 1401 1920 quae
1460 1855 1719 1920 praecipit
1779 1863 1955 1903 actum

52 1936 352 1998 honestum,
395 1945 618 1986 vocatur
647 1937 941 2001 prudentia
959 1957 975 1997 ‚·
1022 1938 1199 1990 virtus,
1244 1954 1379 2002 quae
1421 1945 1501 1986 est
1542 1937 1680 1985 circa
1720 1937 1957 1986 actiones

57 2019 266 2068 debitas
318 2019 454 2069 inter
505 2019 781 2085 aequales,
836 2020 1077 2081 imssilia;
1129 2020 1318 2079 virtus,
1373 2036 1511 2085 quae
1564 2019 1797 2084 reprimit
1838 2035 1959 2068 con-

54 2101 434 2166 cupiscentiam
487 2101 905 2151 delectationum
958 2110 1157 2159 tactus,
1213 2102 1604 2166 lcwzpcram‘ia;
1655 2102 1819 2150 virtus
1872 2101 1956 2150 de-

54 2183 227 2248 nique,
272 2200 408 2249 quae
437 2183 610 2234 firmat
638 2193 823 2234 contra
860 2183 1093 2250 pericula
1122 2184 1320 2245 mortis,
1351 2184 1626 2248 sarmada
1654 2182 1728 2247 (S.
1770 2183 1956 2232 Tlmm.

54 2263 85 2315 l.
130 2282 173 2315 c.
218 2282 262 2314 a.
309 2266 376 2330 3).
460 2265 671 2316 Circum
724 2266 820 2315 has
871 2267 1090 2315 virtutes
1142 2266 1336 2315 deinde
1389 2266 1620 2332 reliquae
1672 2275 1728 2315 ut
1781 2274 1958 2331 partes

55 2347 388 2409 ordinantur,
447 2349 520 2398 ita
574 2357 631 2397 ut
684 2366 871 2398 omnes
922 2350 1143 2398 virtutes
1195 2349 1246 2397 in
1303 2349 1531 2409 ratione,
1591 2365 1728 2413 quae
1779 2348 1959 2397 iuvant

54 2437 253 2478 rectam
305 2431 785 2480 considerationem
842 2431 970 2481 boni
1025 2431 1260 2491 honesti,
1319 2431 1560 2480 dicantur
1614 2439 1792 2496 partes
1844 2447 1958 2495 pru-

56 2511 291 2574 dentiae;
342 2530 544 2574 omnes,
589 2530 727 2579 quae
767 2512 1019 2564 inclinant
1059 2514 1127 2563 ad
1170 2513 1410 2562 debitum
1451 2513 1563 2562 aliis
1605 2512 1954 2573 reddendum,

54 2600 232 2659 partes
270 2595 511 2656 iustitiae,
556 2604 654 2645 etc.

130 2681 291 2748 Quod
347 2692 526 2734 autem
582 2685 770 2734 merito
826 2684 945 2734 illae
1002 2691 1255 2750 quattuor
1309 2684 1530 2733 virtutes
1589 2700 1715 2749 prae
1772 2684 1958 2733 ceteris

55 2764 296 2815 dicantur
336 2766 651 2832 principales
691 2766 774 2816 vel
816 2766 1124 2827 cardinales,
1168 2767 1242 2816 sic
1283 2767 1498 2832 probari
1538 2774 1743 2831 potest:
1779 2778 1783 2784 ·

131 2854 273 2904 Inter
312 2864 566 2921 quattuor
604 2873 801 2921 genera
840 2856 1090 2905 virtutum
1133 2873 1294 2921 supra
1334 2857 1404 2919 (n.
1457 2869 1583 2918 130,
1643 2856 1708 2918 1⁰)
1751 2870 1959 2903 enume-

57 2943 169 2986 rata
207 2936 325 2986 illae
377 2954 503 3003 prae
544 2939 732 2988 ceteris
774 2938 1035 2988 dicendae
1075 2946 1197 2987 sunt
1249 2937 1591 3003 principales,
1648 2953 1785 3003 quae
1826 2937 1958 3001 prin-

57 3018 283 3084 cipalem
322 3019 524 3070 habent
563 3021 852 3081 materiam,
896 3021 925 3070 i.
958 3037 1001 3070 e.
1046 3020 1321 3069 materiam
1349 3020 1580 3068 maxime
1608 3018 1959 3068 necessariam

57 3107 111 3150 et
150 3100 434 3152 difficilem.
504 3101 676 3168 Atqui
717 3102 1061 3168 principalem
1102 3102 1378 3151 materiam
1420 3101 1621 3150 habent
1661 3099 1956 3166 prudentia,

57 3182 275 3244 iustitia,
343 3184 630 3245 fortitudo,
698 3185 1064 3250 temperantia.
1164 3184 1304 3233 Nam
1372 3183 1606 3232 «bonum
1666 3182 1959 3231 consistens

57 3264 109 3313 in
150 3266 575 3316 consideratione
616 3267 856 3328 rationis,
911 3264 1267 3332 principaliter
1317 3265 1576 3314 invenitur
1625 3264 1676 3312 in
1728 3264 1844 3329 ipso
1886 3280 1959 3312 ra-

58 3346 214 3397 tionis
264 3347 514 3414 imperio,
569 3366 676 3397 non
725 3357 904 3398 autem
945 3349 997 3398 in
1038 3346 1257 3398 consilio
1299 3363 1475 3412 neque
1515 3346 1566 3394 in
1607 3345 1840 3395 iudicio.
1875 3387 1883 3396 .
1918 3361 1957 3408 .;

151 3439 385 3481 Cathrcin‚
414 3441 547 3474 Philos.
573 3441 726 3473 moralis.
770 3441 836 3473 Ed.
865 3453 896 3480 5.
1666 3436 1691 3473 8
