<?xml version="1.0" encoding="UTF-8"?>
<!DOCTYPE html PUBLIC "-//W3C//DTD XHTML 1.0 Transitional//EN"
    "http://www.w3.org/TR/xhtml1/DTD/xhtml1-transitional.dtd">
<html xmlns="http://www.w3.org/1999/xhtml" xml:lang="en" lang="en">
 <head>
  <title>
</title>
<meta http-equiv="Content-Type" content="text/html;charset=utf-8" />
  <meta name='ocr-system' content='tesseract 3.04.00' />
  <meta name='ocr-capabilities' content='ocr_page ocr_carea ocr_par ocr_line ocrx_word'/>
</head>
<body>
  <div class='ocr_page' id='page_1' title='image "./philosophiamoral00cath_0189.png"; bbox 0 0 2182 3682; ppageno 0'>
   <div class='ocr_carea' id='block_1_1' title="bbox 646 169 1953 232">
    <p class='ocr_par' dir='ltr' id='par_1_1' title="bbox 646 169 1953 232">
     <span class='ocr_line' id='line_1_1' title="bbox 646 169 1953 232; baseline 0 -24"><span class='ocrx_word' id='word_1_1' title='bbox 646 178 800 208; x_wconf 83' lang='lat' dir='ltr'>CAPUT</span> <span class='ocrx_word' id='word_1_2' title='bbox 834 179 894 207; x_wconf 89' lang='lat' dir='ltr'>VI.</span> <span class='ocrx_word' id='word_1_3' title='bbox 946 179 1009 208; x_wconf 85' lang='lat' dir='ltr'>DE</span> <span class='ocrx_word' id='word_1_4' title='bbox 1043 178 1374 209; x_wconf 81' lang='lat' dir='ltr'><strong>CONSCIENTIA.</strong></span> <span class='ocrx_word' id='word_1_5' title='bbox 1861 169 1953 232; x_wconf 79' lang='lat'>165</span> 
     </span>
    </p>
   </div>
   <div class='ocr_carea' id='block_1_2' title="bbox 0 312 1964 2342">
    <p class='ocr_par' dir='ltr' id='par_1_2' title="bbox 61 312 1960 541">
     <span class='ocr_line' id='line_1_2' title="bbox 63 312 1958 380; baseline -0.001 -15"><span class='ocrx_word' id='word_1_6' title='bbox 63 315 187 366; x_wconf 88' lang='lat' dir='ltr'>tuali</span> <span class='ocrx_word' id='word_1_7' title='bbox 240 314 544 380; x_wconf 83' lang='lat' dir='ltr'>cognitione</span> <span class='ocrx_word' id='word_1_8' title='bbox 595 314 973 379; x_wconf 84' lang='lat' dir='ltr'>principiorum</span> <span class='ocrx_word' id='word_1_9' title='bbox 1025 312 1382 378; x_wconf 85' lang='lat' dir='ltr'>practicorum</span> <span class='ocrx_word' id='word_1_10' title='bbox 1433 313 1485 362; x_wconf 90' lang='lat' dir='ltr'>in</span> <span class='ocrx_word' id='word_1_11' title='bbox 1536 330 1732 378; x_wconf 79' lang='lat' dir='ltr'><strong>genere</strong></span> <span class='ocrx_word' id='word_1_12' title='bbox 1783 315 1958 376; x_wconf 78' lang='lat' dir='ltr'>moriS‚</span> 
     </span>
     <span class='ocr_line' id='line_1_3' title="bbox 62 394 1960 460; baseline -0.001 -13"><span class='ocrx_word' id='word_1_13' title='bbox 62 397 157 448; x_wconf 90' lang='lat' dir='ltr'>sed</span> <span class='ocrx_word' id='word_1_14' title='bbox 197 412 353 446; x_wconf 90' lang='lat' dir='ltr'>sensu</span> <span class='ocrx_word' id='word_1_15' title='bbox 405 394 612 444; x_wconf 72' lang='lat' dir='ltr'>morali</span> <span class='ocrx_word' id='word_1_16' title='bbox 659 412 756 460; x_wconf 92' lang='lat' dir='ltr'>pro</span> <span class='ocrx_word' id='word_1_17' title='bbox 798 411 985 444; x_wconf 90' lang='lat' dir='ltr'>norma</span> <span class='ocrx_word' id='word_1_18' title='bbox 1025 394 1221 460; x_wconf 90' lang='lat' dir='ltr'>agendi</span> <span class='ocrx_word' id='word_1_19' title='bbox 1271 395 1531 460; x_wconf 83' lang='lat' dir='ltr'>proxima.</span> <span class='ocrx_word' id='word_1_20' title='bbox 1614 395 1734 444; x_wconf 92' lang='lat' dir='ltr'>Hoc</span> <span class='ocrx_word' id='word_1_21' title='bbox 1776 395 1960 446; x_wconf 90' lang='lat' dir='ltr'>ultimo</span> 
     </span>
     <span class='ocr_line' id='line_1_4' title="bbox 61 474 1809 541; baseline -0.001 -13"><span class='ocrx_word' id='word_1_22' title='bbox 61 495 218 529; x_wconf 90' lang='lat' dir='ltr'>sensu</span> <span class='ocrx_word' id='word_1_23' title='bbox 260 476 583 527; x_wconf 87' lang='lat' dir='ltr'>conscientia</span> <span class='ocrx_word' id='word_1_24' title='bbox 622 476 812 526; x_wconf 92' lang='lat' dir='ltr'>iterum</span> <span class='ocrx_word' id='word_1_25' title='bbox 852 475 1007 525; x_wconf 89' lang='lat' dir='ltr'>latius</span> <span class='ocrx_word' id='word_1_26' title='bbox 1046 474 1130 525; x_wconf 89' lang='lat' dir='ltr'>vel</span> <span class='ocrx_word' id='word_1_27' title='bbox 1170 475 1399 525; x_wconf 81' lang='lat' dir='ltr'>strictius</span> <span class='ocrx_word' id='word_1_28' title='bbox 1439 476 1575 525; x_wconf 88' lang='lat' dir='ltr'>sumi</span> <span class='ocrx_word' id='word_1_29' title='bbox 1615 485 1809 541; x_wconf 92' lang='lat' dir='ltr'>potest.</span> 
     </span>
    </p>

    <p class='ocr_par' dir='ltr' id='par_1_3' title="bbox 135 557 1961 627">
     <span class='ocr_line' id='line_1_5' title="bbox 135 557 1961 627; baseline 0.001 -19"><span class='ocrx_word' id='word_1_30' title='bbox 135 558 360 608; x_wconf 64' lang='lat' dir='ltr'>Latiare</span> <span class='ocrx_word' id='word_1_31' title='bbox 397 575 552 627; x_wconf 76' lang='lat' dir='ltr'>sensu</span> <span class='ocrx_word' id='word_1_32' title='bbox 589 558 852 623; x_wconf 87' lang='lat' dir='ltr'>significat</span> <span class='ocrx_word' id='word_1_33' title='bbox 889 575 1038 607; x_wconf 74' lang='lat' dir='ltr'>mnne</span> <span class='ocrx_word' id='word_1_34' title='bbox 1065 557 1318 607; x_wconf 74' lang='lat' dir='ltr'>indicium</span> <span class='ocrx_word' id='word_1_35' title='bbox 1349 557 1652 622; x_wconf 67' lang='lat' dir='ltr'>practicam</span> <span class='ocrx_word' id='word_1_36' title='bbox 1694 558 1761 607; x_wconf 95' lang='lat' dir='ltr'>de</span> <span class='ocrx_word' id='word_1_37' title='bbox 1801 559 1961 609; x_wconf 89' lang='lat' dir='ltr'>hone-</span> 
     </span>
    </p>

    <p class='ocr_par' dir='ltr' id='par_1_4' title="bbox 0 628 1964 1690">
     <span class='ocr_line' id='line_1_6' title="bbox 61 628 1961 709; baseline -0.001 -18"><span class='ocrx_word' id='word_1_38' title='bbox 61 647 196 691; x_wconf 85' lang='lat' dir='ltr'>state</span> <span class='ocrx_word' id='word_1_39' title='bbox 235 640 323 709; x_wconf 11' lang='lat' dir='ltr'>vel*</span> <span class='ocrx_word' id='word_1_40' title='bbox 356 628 694 703; x_wconf 85' lang='lat' dir='ltr'>inhonestate</span> <span class='ocrx_word' id='word_1_41' title='bbox 733 638 1127 705; x_wconf 78' lang='lat' dir='ltr'>particularium</span> <span class='ocrx_word' id='word_1_42' title='bbox 1167 639 1437 689; x_wconf 90' lang='lat' dir='ltr'>actionum</span> <span class='ocrx_word' id='word_1_43' title='bbox 1479 647 1799 703; x_wconf 88' lang='lat' dir='ltr'>nostrarum,</span> <span class='ocrx_word' id='word_1_44' title='bbox 1854 641 1961 690; x_wconf 85' lang='lat' dir='ltr'>sive</span> 
     </span>
     <span class='ocr_line' id='line_1_7' title="bbox 0 710 1961 792; baseline 0.001 -22"><span class='ocrx_word' id='word_1_45' title='bbox 0 774 1 792; x_wconf 28' lang='lat'>2</span> <span class='ocrx_word' id='word_1_46' title='bbox 60 710 377 789; x_wconf 62' lang='lat' dir='ltr'>praeteritae</span> <span class='ocrx_word' id='word_1_47' title='bbox 425 722 566 781; x_wconf 41' lang='lat' dir='ltr'>,sintL</span> <span class='ocrx_word' id='word_1_48' title='bbox 601 722 716 777; x_wconf 88' lang='lat' dir='ltr'>sive</span> <span class='ocrx_word' id='word_1_49' title='bbox 768 730 1100 787; x_wconf 79' lang='lat' dir='ltr'>praesentes,</span> <span class='ocrx_word' id='word_1_50' title='bbox 1157 721 1266 771; x_wconf 85' lang='lat' dir='ltr'>sive</span> <span class='ocrx_word' id='word_1_51' title='bbox 1319 721 1538 771; x_wconf 87' lang='lat' dir='ltr'>futurae.</span> <span class='ocrx_word' id='word_1_52' title='bbox 1618 721 1742 771; x_wconf 92' lang='lat' dir='ltr'>Hoc</span> <span class='ocrx_word' id='word_1_53' title='bbox 1796 722 1961 772; x_wconf 90' lang='lat' dir='ltr'>modo</span> 
     </span>
     <span class='ocr_line' id='line_1_8' title="bbox 0 794 1963 870; baseline -0.001 -16"><span class='ocrx_word' id='word_1_54' title='bbox 0 794 1 798; x_wconf 25' lang='lat'>¹</span> <span class='ocrx_word' id='word_1_55' title='bbox 60 811 282 869; x_wconf 85' lang='lat' dir='ltr'>accepta</span> <span class='ocrx_word' id='word_1_56' title='bbox 310 803 633 853; x_wconf 87' lang='lat' dir='ltr'>conscientia</span> <span class='ocrx_word' id='word_1_57' title='bbox 661 810 904 869; x_wconf 89' lang='lat' dir='ltr'>respectu</span> <span class='ocrx_word' id='word_1_58' title='bbox 933 811 1148 852; x_wconf 82' lang='lat' dir='ltr'>actuum</span> <span class='ocrx_word' id='word_1_59' title='bbox 1190 802 1479 852; x_wconf 85' lang='lat' dir='ltr'>futurorum</span> <span class='ocrx_word' id='word_1_60' title='bbox 1511 803 1675 864; x_wconf 90' lang='lat' dir='ltr'>ducis,</span> <span class='ocrx_word' id='word_1_61' title='bbox 1720 813 1963 870; x_wconf 91' lang='lat' dir='ltr'>respectu</span> 
     </span>
     <span class='ocr_line' id='line_1_9' title="bbox 60 884 1964 953; baseline 0 -18"><span class='ocrx_word' id='word_1_62' title='bbox 60 885 418 953; x_wconf 87' lang='lat' dir='ltr'>praesentium</span> <span class='ocrx_word' id='word_1_63' title='bbox 459 893 512 934; x_wconf 93' lang='lat' dir='ltr'>et</span> <span class='ocrx_word' id='word_1_64' title='bbox 563 886 970 951; x_wconf 88' lang='lat' dir='ltr'>praeteritorum</span> <span class='ocrx_word' id='word_1_65' title='bbox 1015 884 1200 953; x_wconf 87' lang='lat' dir='ltr'>iudicis</span> <span class='ocrx_word' id='word_1_66' title='bbox 1240 902 1459 935; x_wconf 90' lang='lat' dir='ltr'>munere</span> <span class='ocrx_word' id='word_1_67' title='bbox 1510 885 1767 950; x_wconf 81' lang='lat' dir='ltr'>fungitur3</span> <span class='ocrx_word' id='word_1_68' title='bbox 1822 886 1964 951; x_wconf 87' lang='lat' dir='ltr'>prior</span> 
     </span>
     <span class='ocr_line' id='line_1_10' title="bbox 60 966 1962 1033; baseline -0.001 -15"><span class='ocrx_word' id='word_1_69' title='bbox 60 975 280 1018; x_wconf 86' lang='lat' dir='ltr'>vocatur</span> <span class='ocrx_word' id='word_1_70' title='bbox 337 966 673 1028; x_wconf 77' lang='lat' dir='ltr'>antecedens,</span> <span class='ocrx_word' id='word_1_71' title='bbox 736 967 999 1033; x_wconf 81' lang='lat' dir='ltr'>posterior</span> <span class='ocrx_word' id='word_1_72' title='bbox 1053 983 1382 1032; x_wconf 77' lang='lat' dir='ltr'>consequens.</span> <span class='ocrx_word' id='word_1_73' title='bbox 1478 966 1750 1017; x_wconf 83' lang='lat' dir='ltr'>Strictiore</span> <span class='ocrx_word' id='word_1_74' title='bbox 1805 985 1962 1017; x_wconf 90' lang='lat' dir='ltr'>sensu</span> 
     </span>
     <span class='ocr_line' id='line_1_11' title="bbox 60 1040 1962 1116; baseline 0 -17"><span class='ocrx_word' id='word_1_75' title='bbox 60 1040 286 1099; x_wconf 90' lang='lat' dir='ltr'>nomine</span> <span class='ocrx_word' id='word_1_76' title='bbox 313 1047 672 1099; x_wconf 89' lang='lat' dir='ltr'>conscientiae</span> <span class='ocrx_word' id='word_1_77' title='bbox 711 1049 856 1098; x_wconf 87' lang='lat' dir='ltr'>venit</span> <span class='ocrx_word' id='word_1_78' title='bbox 907 1047 1022 1098; x_wconf 88' lang='lat' dir='ltr'>sola</span> <span class='ocrx_word' id='word_1_79' title='bbox 1074 1049 1399 1098; x_wconf 91' lang='lat' dir='ltr'>conscientia</span> <span class='ocrx_word' id='word_1_80' title='bbox 1439 1049 1774 1110; x_wconf 70' lang='lat' dir='ltr'>antecedens,</span> <span class='ocrx_word' id='word_1_81' title='bbox 1827 1067 1962 1116; x_wconf 86' lang='lat' dir='ltr'>quae</span> 
     </span>
     <span class='ocr_line' id='line_1_12' title="bbox 61 1130 1961 1196; baseline 0 -15"><span class='ocrx_word' id='word_1_82' title='bbox 61 1131 330 1181; x_wconf 85' lang='lat' dir='ltr'>definitur:</span> <span class='ocrx_word' id='word_1_83' title='bbox 373 1130 628 1180; x_wconf 73' lang='lat' dir='ltr'>indiciam</span> <span class='ocrx_word' id='word_1_84' title='bbox 669 1130 1168 1196; x_wconf 56' lang='lat' dir='ltr'>ultimofflacncmn</span> <span class='ocrx_word' id='word_1_85' title='bbox 1211 1131 1274 1180; x_wconf 83' lang='lat' dir='ltr'>de</span> <span class='ocrx_word' id='word_1_86' title='bbox 1314 1131 1586 1181; x_wconf 54' lang='lat' dir='ltr'>leones-late</span> <span class='ocrx_word' id='word_1_87' title='bbox 1625 1131 1715 1181; x_wconf 79' lang='lat' dir='ltr'>vel</span> <span class='ocrx_word' id='word_1_88' title='bbox 1752 1131 1961 1182; x_wconf 70' lang='lat' dir='ltr'>inhone-</span> 
     </span>
     <span class='ocr_line' id='line_1_13' title="bbox 61 1213 585 1278; baseline -0.004 -15"><span class='ocrx_word' id='word_1_89' title='bbox 61 1221 199 1264; x_wconf 79' lang='lat' dir='ltr'>state</span> <span class='ocrx_word' id='word_1_90' title='bbox 237 1213 585 1278; x_wconf 70' lang='lat' dir='ltr'>agendorum.</span> 
     </span>
     <span class='ocr_line' id='line_1_14' title="bbox 91 1294 1959 1364; baseline 0 -19"><span class='ocrx_word' id='word_1_91' title='bbox 91 1295 280 1364; x_wconf 49' lang='lat' dir='ltr'>‘Eius</span> <span class='ocrx_word' id='word_1_92' title='bbox 317 1303 464 1344; x_wconf 75' lang='lat' dir='ltr'>aclas</span> <span class='ocrx_word' id='word_1_93' title='bbox 521 1302 668 1345; x_wconf 89' lang='lat' dir='ltr'>sunt:</span> <span class='ocrx_word' id='word_1_94' title='bbox 740 1308 781 1344; x_wconf 91' lang='grc' dir='ltr'>Ι.</span> <span class='ocrx_word' id='word_1_95' title='bbox 841 1294 1005 1360; x_wconf 90' lang='lat' dir='ltr'>ligare</span> <span class='ocrx_word' id='word_1_96' title='bbox 1064 1294 1368 1361; x_wconf 88' lang='lat' dir='ltr'>instigando</span> <span class='ocrx_word' id='word_1_97' title='bbox 1436 1312 1530 1360; x_wconf 91' lang='lat' dir='ltr'>per</span> <span class='ocrx_word' id='word_1_98' title='bbox 1595 1304 1959 1362; x_wconf 87' lang='lat' dir='ltr'>praeceptum,</span> 
     </span>
     <span class='ocr_line' id='line_1_15' title="bbox 62 1364 1961 1444; baseline 0.001 -18"><span class='ocrx_word' id='word_1_99' title='bbox 62 1391 108 1427; x_wconf 85' lang='lat'>2.</span> <span class='ocrx_word' id='word_1_100' title='bbox 149 1364 315 1443; x_wconf 65' lang='lat' dir='ltr'>ligare</span> <span class='ocrx_word' id='word_1_101' title='bbox 356 1377 660 1426; x_wconf 86' lang='lat' dir='ltr'>revocando</span> <span class='ocrx_word' id='word_1_102' title='bbox 714 1393 808 1443; x_wconf 91' lang='lat' dir='ltr'>per</span> <span class='ocrx_word' id='word_1_103' title='bbox 852 1376 1293 1442; x_wconf 87' lang='lat' dir='ltr'>prohibitionem,</span> <span class='ocrx_word' id='word_1_104' title='bbox 1351 1390 1396 1440; x_wconf 79' lang='lat'>3.</span> <span class='ocrx_word' id='word_1_105' title='bbox 1441 1377 1667 1427; x_wconf 85' lang='lat' dir='ltr'>suadere</span> <span class='ocrx_word' id='word_1_106' title='bbox 1708 1395 1802 1444; x_wconf 90' lang='lat' dir='ltr'>per</span> <span class='ocrx_word' id='word_1_107' title='bbox 1842 1395 1961 1428; x_wconf 91' lang='lat' dir='ltr'>con-</span> 
     </span>
     <span class='ocr_line' id='line_1_16' title="bbox 58 1458 1962 1524; baseline 0.001 -16"><span class='ocrx_word' id='word_1_108' title='bbox 58 1458 258 1520; x_wconf 84' lang='lat' dir='ltr'>silium,</span> <span class='ocrx_word' id='word_1_109' title='bbox 310 1473 360 1521; x_wconf 80' lang='lat'>4.</span> <span class='ocrx_word' id='word_1_110' title='bbox 404 1459 710 1524; x_wconf 89' lang='lat' dir='ltr'>permittere</span> <span class='ocrx_word' id='word_1_111' title='bbox 762 1458 1047 1509; x_wconf 87' lang='lat' dir='ltr'>iudicando</span> <span class='ocrx_word' id='word_1_112' title='bbox 1099 1460 1366 1509; x_wconf 89' lang='lat' dir='ltr'>actionem</span> <span class='ocrx_word' id='word_1_113' title='bbox 1419 1476 1533 1509; x_wconf 90' lang='lat' dir='ltr'>esse</span> <span class='ocrx_word' id='word_1_114' title='bbox 1585 1459 1795 1510; x_wconf 91' lang='lat' dir='ltr'>licitam.</span> <span class='ocrx_word' id='word_1_115' title='bbox 1878 1461 1962 1510; x_wconf 91' lang='lat' dir='ltr'>De</span> 
     </span>
     <span class='ocr_line' id='line_1_17' title="bbox 59 1540 1962 1609; baseline 0.001 -18"><span class='ocrx_word' id='word_1_116' title='bbox 59 1541 159 1592; x_wconf 92' lang='lat' dir='ltr'>hac</span> <span class='ocrx_word' id='word_1_117' title='bbox 200 1541 524 1592; x_wconf 84' lang='lat' dir='ltr'>conscientia</span> <span class='ocrx_word' id='word_1_118' title='bbox 562 1541 914 1590; x_wconf 89' lang='lat' dir='ltr'>antecedente</span> <span class='ocrx_word' id='word_1_119' title='bbox 941 1540 1056 1591; x_wconf 90' lang='lat' dir='ltr'>sola</span> <span class='ocrx_word' id='word_1_120' title='bbox 1096 1541 1180 1591; x_wconf 89' lang='lat' dir='ltr'>hic</span> <span class='ocrx_word' id='word_1_121' title='bbox 1210 1542 1431 1607; x_wconf 79' lang='lat' dir='ltr'>agimus,</span> <span class='ocrx_word' id='word_1_122' title='bbox 1476 1542 1597 1607; x_wconf 82' lang='lat' dir='ltr'>quia</span> <span class='ocrx_word' id='word_1_123' title='bbox 1633 1542 1747 1592; x_wconf 90' lang='lat' dir='ltr'>sola</span> <span class='ocrx_word' id='word_1_124' title='bbox 1786 1541 1962 1609; x_wconf 91' lang='lat' dir='ltr'>legem</span> 
     </span>
     <span class='ocr_line' id='line_1_18' title="bbox 60 1622 1272 1690; baseline 0 -17"><span class='ocrx_word' id='word_1_125' title='bbox 60 1623 294 1690; x_wconf 89' lang='lat' dir='ltr'>applicat</span> <span class='ocrx_word' id='word_1_126' title='bbox 333 1630 387 1673; x_wconf 91' lang='lat' dir='ltr'>et</span> <span class='ocrx_word' id='word_1_127' title='bbox 425 1622 756 1673; x_wconf 84' lang='lat' dir='ltr'>voluntatem</span> <span class='ocrx_word' id='word_1_128' title='bbox 797 1624 1041 1689; x_wconf 78' lang='lat' dir='ltr'>proxime</span> <span class='ocrx_word' id='word_1_129' title='bbox 1083 1624 1272 1688; x_wconf 81' lang='lat' dir='ltr'>dirigit.</span> 
     </span>
    </p>

    <p class='ocr_par' dir='ltr' id='par_1_5' title="bbox 57 1704 1963 2342">
     <span class='ocr_line' id='line_1_19' title="bbox 134 1704 1957 1774; baseline 0.002 -19"><span class='ocrx_word' id='word_1_130' title='bbox 134 1704 471 1774; x_wconf 60' lang='lat' dir='ltr'>Conscientia</span> <span class='ocrx_word' id='word_1_131' title='bbox 523 1704 778 1755; x_wconf 89' lang='lat' dir='ltr'>formatur</span> <span class='ocrx_word' id='word_1_132' title='bbox 818 1723 922 1771; x_wconf 92' lang='lat' dir='ltr'>ope</span> <span class='ocrx_word' id='word_1_133' title='bbox 962 1704 1261 1772; x_wconf 82' lang='lat' dir='ltr'>syllogismi</span> <span class='ocrx_word' id='word_1_134' title='bbox 1301 1707 1381 1770; x_wconf 78' lang='grc' dir='ltr'>(Ι,</span> <span class='ocrx_word' id='word_1_135' title='bbox 1440 1719 1496 1767; x_wconf 86' lang='lat'>2,</span> <span class='ocrx_word' id='word_1_136' title='bbox 1552 1724 1602 1772; x_wconf 86' lang='lat' dir='ltr'>q.</span> <span class='ocrx_word' id='word_1_137' title='bbox 1649 1707 1745 1770; x_wconf 82' lang='lat'>76,</span> <span class='ocrx_word' id='word_1_138' title='bbox 1800 1724 1845 1758; x_wconf 86' lang='lat' dir='ltr'>a.</span> <span class='ocrx_word' id='word_1_139' title='bbox 1898 1709 1957 1772; x_wconf 77' lang='grc' dir='ltr'>Ι).</span> 
     </span>
     <span class='ocr_line' id='line_1_20' title="bbox 60 1787 1963 1854; baseline 0.001 -16"><span class='ocrx_word' id='word_1_140' title='bbox 60 1788 199 1839; x_wconf 91' lang='lat' dir='ltr'>Nam</span> <span class='ocrx_word' id='word_1_141' title='bbox 252 1787 383 1838; x_wconf 90' lang='lat' dir='ltr'>ratio</span> <span class='ocrx_word' id='word_1_142' title='bbox 439 1788 576 1837; x_wconf 91' lang='lat' dir='ltr'>sicut</span> <span class='ocrx_word' id='word_1_143' title='bbox 629 1788 682 1837; x_wconf 89' lang='lat' dir='ltr'>in</span> <span class='ocrx_word' id='word_1_144' title='bbox 736 1787 1100 1854; x_wconf 84' lang='lat' dir='ltr'>speculativis,</span> <span class='ocrx_word' id='word_1_145' title='bbox 1159 1789 1231 1838; x_wconf 90' lang='lat' dir='ltr'>ita</span> <span class='ocrx_word' id='word_1_146' title='bbox 1285 1789 1443 1838; x_wconf 86' lang='lat' dir='ltr'>etiam</span> <span class='ocrx_word' id='word_1_147' title='bbox 1498 1789 1549 1837; x_wconf 91' lang='lat' dir='ltr'>in</span> <span class='ocrx_word' id='word_1_148' title='bbox 1606 1789 1963 1854; x_wconf 87' lang='lat' dir='ltr'>operabilibus</span> 
     </span>
     <span class='ocr_line' id='line_1_21' title="bbox 59 1869 1961 1937; baseline 0.001 -17"><span class='ocrx_word' id='word_1_149' title='bbox 59 1871 217 1920; x_wconf 89' lang='lat' dir='ltr'>utitur</span> <span class='ocrx_word' id='word_1_150' title='bbox 266 1869 596 1936; x_wconf 91' lang='lat' dir='ltr'>syllogismo.</span> <span class='ocrx_word' id='word_1_151' title='bbox 678 1870 849 1920; x_wconf 87' lang='lat' dir='ltr'>Maior</span> <span class='ocrx_word' id='word_1_152' title='bbox 900 1878 981 1919; x_wconf 88' lang='lat' dir='ltr'>est</span> <span class='ocrx_word' id='word_1_153' title='bbox 1033 1870 1207 1936; x_wconf 84' lang='lat' dir='ltr'>aliqua</span> <span class='ocrx_word' id='word_1_154' title='bbox 1259 1870 1440 1936; x_wconf 87' lang='lat' dir='ltr'>regula</span> <span class='ocrx_word' id='word_1_155' title='bbox 1490 1871 1724 1937; x_wconf 89' lang='lat' dir='ltr'>practica</span> <span class='ocrx_word' id='word_1_156' title='bbox 1763 1872 1961 1921; x_wconf 79' lang='lat' dir='ltr'>univer-</span> 
     </span>
     <span class='ocr_line' id='line_1_22' title="bbox 57 1951 1961 2019; baseline 0.001 -17"><span class='ocrx_word' id='word_1_157' title='bbox 57 1951 178 2003; x_wconf 91' lang='lat' dir='ltr'>salis</span> <span class='ocrx_word' id='word_1_158' title='bbox 218 1953 328 2002; x_wconf 85' lang='lat' dir='ltr'>sive</span> <span class='ocrx_word' id='word_1_159' title='bbox 368 1951 618 2002; x_wconf 90' lang='lat' dir='ltr'>naturalis</span> <span class='ocrx_word' id='word_1_160' title='bbox 658 1952 767 2002; x_wconf 87' lang='lat' dir='ltr'>sive</span> <span class='ocrx_word' id='word_1_161' title='bbox 808 1952 1061 2019; x_wconf 73' lang='lat' dir='ltr'>positiva,</span> <span class='ocrx_word' id='word_1_162' title='bbox 1105 1953 1277 2002; x_wconf 89' lang='lat' dir='ltr'>minor</span> <span class='ocrx_word' id='word_1_163' title='bbox 1316 1970 1443 2003; x_wconf 80' lang='lat' dir='ltr'>vero</span> <span class='ocrx_word' id='word_1_164' title='bbox 1485 1953 1724 2003; x_wconf 89' lang='lat' dir='ltr'>enuntiat</span> <span class='ocrx_word' id='word_1_165' title='bbox 1766 1953 1961 2004; x_wconf 89' lang='lat' dir='ltr'>factum</span> 
     </span>
     <span class='ocr_line' id='line_1_23' title="bbox 58 2033 1960 2100; baseline 0.001 -16"><span class='ocrx_word' id='word_1_166' title='bbox 58 2034 195 2084; x_wconf 90' lang='lat' dir='ltr'>hanc</span> <span class='ocrx_word' id='word_1_167' title='bbox 235 2033 318 2084; x_wconf 87' lang='lat' dir='ltr'>vel</span> <span class='ocrx_word' id='word_1_168' title='bbox 359 2033 501 2083; x_wconf 89' lang='lat' dir='ltr'>illam</span> <span class='ocrx_word' id='word_1_169' title='bbox 541 2034 808 2084; x_wconf 87' lang='lat' dir='ltr'>actionem</span> <span class='ocrx_word' id='word_1_170' title='bbox 850 2051 942 2084; x_wconf 93' lang='lat' dir='ltr'>seu</span> <span class='ocrx_word' id='word_1_171' title='bbox 972 2035 1314 2085; x_wconf 86' lang='lat' dir='ltr'>omissionem</span> <span class='ocrx_word' id='word_1_172' title='bbox 1344 2035 1444 2085; x_wconf 87' lang='lat' dir='ltr'>sub</span> <span class='ocrx_word' id='word_1_173' title='bbox 1484 2034 1570 2084; x_wconf 87' lang='lat' dir='ltr'>illa</span> <span class='ocrx_word' id='word_1_174' title='bbox 1611 2035 1793 2100; x_wconf 86' lang='lat' dir='ltr'>regula</span> <span class='ocrx_word' id='word_1_175' title='bbox 1821 2053 1960 2086; x_wconf 88' lang='lat' dir='ltr'>com-</span> 
     </span>
     <span class='ocr_line' id='line_1_24' title="bbox 58 2114 1962 2184; baseline 0.001 -18"><span class='ocrx_word' id='word_1_176' title='bbox 58 2117 317 2183; x_wconf 91' lang='lat' dir='ltr'>prehendi</span> <span class='ocrx_word' id='word_1_177' title='bbox 355 2114 439 2166; x_wconf 86' lang='lat' dir='ltr'>vel</span> <span class='ocrx_word' id='word_1_178' title='bbox 479 2133 648 2167; x_wconf 89' lang='lat' dir='ltr'>secus.</span> <span class='ocrx_word' id='word_1_179' title='bbox 728 2116 859 2166; x_wconf 91' lang='lat' dir='ltr'>Inde</span> <span class='ocrx_word' id='word_1_180' title='bbox 899 2118 1138 2183; x_wconf 85' lang='lat' dir='ltr'>sequitur</span> <span class='ocrx_word' id='word_1_181' title='bbox 1184 2117 1457 2167; x_wconf 89' lang='lat' dir='ltr'>conclusio</span> <span class='ocrx_word' id='word_1_182' title='bbox 1510 2118 1768 2183; x_wconf 83' lang='lat' dir='ltr'>practica,</span> <span class='ocrx_word' id='word_1_183' title='bbox 1825 2135 1962 2184; x_wconf 86' lang='lat' dir='ltr'>quae</span> 
     </span>
     <span class='ocr_line' id='line_1_25' title="bbox 58 2198 1962 2265; baseline 0.001 -16"><span class='ocrx_word' id='word_1_184' title='bbox 58 2199 269 2265; x_wconf 89' lang='lat' dir='ltr'>proprie</span> <span class='ocrx_word' id='word_1_185' title='bbox 310 2198 634 2249; x_wconf 85' lang='lat' dir='ltr'>conscientia</span> <span class='ocrx_word' id='word_1_186' title='bbox 673 2206 907 2260; x_wconf 79' lang='lat' dir='ltr'>vocatur,</span> <span class='ocrx_word' id='word_1_187' title='bbox 951 2199 1055 2249; x_wconf 89' lang='lat' dir='ltr'>hoc</span> <span class='ocrx_word' id='word_1_188' title='bbox 1084 2199 1166 2249; x_wconf 88' lang='lat' dir='ltr'>vel</span> <span class='ocrx_word' id='word_1_189' title='bbox 1207 2199 1335 2249; x_wconf 89' lang='lat' dir='ltr'>illud</span> <span class='ocrx_word' id='word_1_190' title='bbox 1378 2200 1465 2250; x_wconf 74' lang='lat' dir='ltr'>ln&#39;c</span> <span class='ocrx_word' id='word_1_191' title='bbox 1492 2208 1698 2250; x_wconf 73' lang='lat' dir='ltr'>etnnnc</span> <span class='ocrx_word' id='word_1_192' title='bbox 1738 2218 1768 2250; x_wconf 89' lang='lat' dir='ltr'>a</span> <span class='ocrx_word' id='word_1_193' title='bbox 1809 2200 1962 2251; x_wconf 88' lang='lat' dir='ltr'>nobis</span> 
     </span>
     <span class='ocr_line' id='line_1_26' title="bbox 59 2280 1195 2342; baseline 0.001 -11"><span class='ocrx_word' id='word_1_194' title='bbox 59 2298 173 2331; x_wconf 89' lang='lat' dir='ltr'>esse</span> <span class='ocrx_word' id='word_1_195' title='bbox 214 2280 514 2331; x_wconf 91' lang='lat' dir='ltr'>faciendum</span> <span class='ocrx_word' id='word_1_196' title='bbox 554 2280 636 2330; x_wconf 86' lang='lat' dir='ltr'>vel</span> <span class='ocrx_word' id='word_1_197' title='bbox 679 2281 1052 2342; x_wconf 90' lang='lat' dir='ltr'>omittendum,</span> <span class='ocrx_word' id='word_1_198' title='bbox 1096 2290 1195 2332; x_wconf 85' lang='lat' dir='ltr'>ete.</span> 
     </span>
    </p>
   </div>
   <div class='ocr_carea' id='block_1_3' title="bbox 508 2426 1505 2481">
    <p class='ocr_par' dir='ltr' id='par_1_6' title="bbox 508 2426 1505 2481">
     <span class='ocr_line' id='line_1_27' title="bbox 508 2426 1505 2481; baseline 0.002 -13"><span class='ocrx_word' id='word_1_199' title='bbox 508 2426 535 2481; x_wconf 64' lang='grc' dir='ltr'>ξ</span> <span class='ocrx_word' id='word_1_200' title='bbox 571 2441 608 2469; x_wconf 88' lang='lat'>2.</span> <span class='ocrx_word' id='word_1_201' title='bbox 658 2430 1014 2480; x_wconf 72' lang='lat' dir='ltr'>QUOTUPLEX</span> <span class='ocrx_word' id='word_1_202' title='bbox 1048 2431 1505 2472; x_wconf 64' lang='lat' dir='ltr'><strong>DISTINGUATUR.</strong></span> 
     </span>
    </p>
   </div>
   <div class='ocr_carea' id='block_1_4' title="bbox 56 2528 1962 3414">
    <p class='ocr_par' dir='ltr' id='par_1_7' title="bbox 56 2528 1962 3006">
     <span class='ocr_line' id='line_1_28' title="bbox 67 2528 1961 2594; baseline 0.001 -19"><span class='ocrx_word' id='word_1_203' title='bbox 67 2537 204 2590; x_wconf 87' lang='lat'><strong>197.</strong></span> <span class='ocrx_word' id='word_1_204' title='bbox 293 2543 333 2579; x_wconf 94' lang='grc' dir='ltr'>Ι.</span> <span class='ocrx_word' id='word_1_205' title='bbox 392 2528 619 2578; x_wconf 74' lang='lat' dir='ltr'>Ratione</span> <span class='ocrx_word' id='word_1_206' title='bbox 670 2529 1070 2594; x_wconf 67' lang='lat' dir='ltr'>cetffal‘nn‘lalis</span> <span class='ocrx_word' id='word_1_207' title='bbox 1121 2547 1242 2579; x_wconf 90' lang='lat' dir='ltr'>cum</span> <span class='ocrx_word' id='word_1_208' title='bbox 1296 2530 1560 2579; x_wconf 86' lang='lat' dir='ltr'>obiectiva</span> <span class='ocrx_word' id='word_1_209' title='bbox 1613 2529 1685 2578; x_wconf 92' lang='lat' dir='ltr'>rei</span> <span class='ocrx_word' id='word_1_210' title='bbox 1742 2529 1961 2578; x_wconf 75' lang='lat' dir='ltr'>veritate</span> 
     </span>
     <span class='ocr_line' id='line_1_29' title="bbox 58 2610 1962 2677; baseline 0.001 -20"><span class='ocrx_word' id='word_1_211' title='bbox 58 2610 380 2660; x_wconf 90' lang='lat' dir='ltr'>conscientia</span> <span class='ocrx_word' id='word_1_212' title='bbox 420 2619 501 2660; x_wconf 93' lang='lat' dir='ltr'>est</span> <span class='ocrx_word' id='word_1_213' title='bbox 539 2610 623 2660; x_wconf 87' lang='lat' dir='ltr'>vel</span> <span class='ocrx_word' id='word_1_214' title='bbox 671 2628 804 2660; x_wconf 69' lang='lat' dir='ltr'>vera</span> <span class='ocrx_word' id='word_1_215' title='bbox 844 2611 927 2661; x_wconf 86' lang='lat' dir='ltr'>vel</span> <span class='ocrx_word' id='word_1_216' title='bbox 969 2629 1228 2673; x_wconf 66' lang='lat' dir='ltr'>erronea,</span> <span class='ocrx_word' id='word_1_217' title='bbox 1285 2620 1336 2661; x_wconf 90' lang='lat' dir='ltr'>et</span> <span class='ocrx_word' id='word_1_218' title='bbox 1391 2611 1524 2661; x_wconf 90' lang='lat' dir='ltr'>haec</span> <span class='ocrx_word' id='word_1_219' title='bbox 1577 2611 1840 2677; x_wconf 89' lang='lat' dir='ltr'>posterior</span> <span class='ocrx_word' id='word_1_220' title='bbox 1877 2610 1962 2660; x_wconf 83' lang='lat' dir='ltr'>vel</span> 
     </span>
     <span class='ocr_line' id='line_1_30' title="bbox 56 2690 1960 2759; baseline 0.001 -19"><span class='ocrx_word' id='word_1_221' title='bbox 56 2690 382 2742; x_wconf 61' lang='lat' dir='ltr'>vincibiliter</span> <span class='ocrx_word' id='word_1_222' title='bbox 420 2691 503 2742; x_wconf 84' lang='lat' dir='ltr'>vel</span> <span class='ocrx_word' id='word_1_223' title='bbox 554 2692 940 2743; x_wconf 70' lang='lat' dir='ltr'>z‘nw&#39;ncz‘bz&#39;liter</span> <span class='ocrx_word' id='word_1_224' title='bbox 980 2710 1215 2744; x_wconf 87' lang='lat' dir='ltr'>erronea.</span> <span class='ocrx_word' id='word_1_225' title='bbox 1297 2693 1354 2744; x_wconf 82' lang='lat' dir='ltr'>Si</span> <span class='ocrx_word' id='word_1_226' title='bbox 1393 2711 1463 2743; x_wconf 73' lang='lat' dir='ltr'>ex</span> <span class='ocrx_word' id='word_1_227' title='bbox 1513 2693 1812 2759; x_wconf 87' lang='lat' dir='ltr'>praemissis</span> <span class='ocrx_word' id='word_1_228' title='bbox 1852 2693 1960 2742; x_wconf 85' lang='lat' dir='ltr'>sive</span> 
     </span>
     <span class='ocr_line' id='line_1_31' title="bbox 61 2773 1956 2841; baseline 0.001 -20"><span class='ocrx_word' id='word_1_229' title='bbox 61 2773 195 2822; x_wconf 89' lang='lat' dir='ltr'>veris</span> <span class='ocrx_word' id='word_1_230' title='bbox 245 2773 355 2823; x_wconf 85' lang='lat' dir='ltr'>sive</span> <span class='ocrx_word' id='word_1_231' title='bbox 406 2774 773 2825; x_wconf 87' lang='lat' dir='ltr'>invincibiliter</span> <span class='ocrx_word' id='word_1_232' title='bbox 823 2777 1055 2825; x_wconf 89' lang='lat' dir='ltr'>erroneis</span> <span class='ocrx_word' id='word_1_233' title='bbox 1109 2775 1379 2826; x_wconf 89' lang='lat' dir='ltr'>conclusio</span> <span class='ocrx_word' id='word_1_234' title='bbox 1436 2775 1669 2841; x_wconf 89' lang='lat' dir='ltr'>legitime</span> <span class='ocrx_word' id='word_1_235' title='bbox 1725 2775 1956 2834; x_wconf 85' lang='lat' dir='ltr'>infertur,</span> 
     </span>
     <span class='ocr_line' id='line_1_32' title="bbox 57 2853 1958 2922; baseline 0.001 -19"><span class='ocrx_word' id='word_1_236' title='bbox 57 2853 281 2905; x_wconf 89' lang='lat' dir='ltr'>habetur</span> <span class='ocrx_word' id='word_1_237' title='bbox 335 2857 657 2907; x_wconf 90' lang='lat' dir='ltr'>conscientia</span> <span class='ocrx_word' id='word_1_238' title='bbox 715 2866 886 2919; x_wconf 66' lang='lat' dir='ltr'>Vecta,</span> <span class='ocrx_word' id='word_1_239' title='bbox 943 2875 1095 2908; x_wconf 89' lang='lat' dir='ltr'>secus</span> <span class='ocrx_word' id='word_1_240' title='bbox 1137 2857 1319 2922; x_wconf 78' lang='lat' dir='ltr'>falsa.</span> <span class='ocrx_word' id='word_1_241' title='bbox 1415 2857 1599 2908; x_wconf 88' lang='lat' dir='ltr'>Potest</span> <span class='ocrx_word' id='word_1_242' title='bbox 1653 2874 1782 2922; x_wconf 91' lang='lat' dir='ltr'>ergo</span> <span class='ocrx_word' id='word_1_243' title='bbox 1838 2873 1958 2906; x_wconf 92' lang='lat' dir='ltr'>con-</span> 
     </span>
     <span class='ocr_line' id='line_1_33' title="bbox 56 2937 1428 3006; baseline 0.003 -21"><span class='ocrx_word' id='word_1_244' title='bbox 56 2937 272 2987; x_wconf 88' lang='lat' dir='ltr'>scientia</span> <span class='ocrx_word' id='word_1_245' title='bbox 312 2955 428 2988; x_wconf 92' lang='lat' dir='ltr'>esse</span> <span class='ocrx_word' id='word_1_246' title='bbox 469 2947 628 3000; x_wconf 88' lang='lat' dir='ltr'>recta,</span> <span class='ocrx_word' id='word_1_247' title='bbox 672 2940 798 3006; x_wconf 90' lang='lat' dir='ltr'>quin</span> <span class='ocrx_word' id='word_1_248' title='bbox 838 2941 905 2989; x_wconf 91' lang='lat' dir='ltr'>sit</span> <span class='ocrx_word' id='word_1_249' title='bbox 944 2939 1253 3006; x_wconf 88' lang='lat' dir='ltr'>simpliciter</span> <span class='ocrx_word' id='word_1_250' title='bbox 1291 2957 1428 2990; x_wconf 85' lang='lat' dir='ltr'>vera.</span> 
     </span>
    </p>

    <p class='ocr_par' dir='ltr' id='par_1_8' title="bbox 56 3019 1958 3414">
     <span class='ocr_line' id='line_1_34' title="bbox 133 3019 1958 3086; baseline 0.001 -18"><span class='ocrx_word' id='word_1_251' title='bbox 133 3031 179 3068; x_wconf 89' lang='lat'>2.</span> <span class='ocrx_word' id='word_1_252' title='bbox 221 3019 450 3070; x_wconf 75' lang='lat' dir='ltr'>Ratione</span> <span class='ocrx_word' id='word_1_253' title='bbox 487 3029 658 3071; x_wconf 76' lang='lat' dir='ltr'>slatus</span> <span class='ocrx_word' id='word_1_254' title='bbox 696 3022 989 3072; x_wconf 74' lang='lat' dir='ltr'>intellectus</span> <span class='ocrx_word' id='word_1_255' title='bbox 1030 3023 1355 3072; x_wconf 85' lang='lat' dir='ltr'>conscientia</span> <span class='ocrx_word' id='word_1_256' title='bbox 1391 3031 1497 3072; x_wconf 89' lang='lat' dir='ltr'>est:</span> <span class='ocrx_word' id='word_1_257' title='bbox 1542 3023 1590 3086; x_wconf 82' lang='lat' dir='ltr'>a)</span> <span class='ocrx_word' id='word_1_258' title='bbox 1632 3029 1796 3082; x_wconf 61' lang='lat' dir='ltr'>cesla,</span> <span class='ocrx_word' id='word_1_259' title='bbox 1838 3038 1958 3070; x_wconf 89' lang='lat' dir='ltr'>cum</span> 
     </span>
     <span class='ocr_line' id='line_1_35' title="bbox 57 3099 1957 3170; baseline 0.002 -22"><span class='ocrx_word' id='word_1_260' title='bbox 57 3099 172 3164; x_wconf 90' lang='lat' dir='ltr'>quis</span> <span class='ocrx_word' id='word_1_261' title='bbox 222 3101 422 3152; x_wconf 90' lang='lat' dir='ltr'>iudicat</span> <span class='ocrx_word' id='word_1_262' title='bbox 471 3103 676 3168; x_wconf 87' lang='lat' dir='ltr'>absque</span> <span class='ocrx_word' id='word_1_263' title='bbox 727 3103 1006 3154; x_wconf 85' lang='lat' dir='ltr'>formidine</span> <span class='ocrx_word' id='word_1_264' title='bbox 1049 3105 1116 3154; x_wconf 89' lang='lat' dir='ltr'>de</span> <span class='ocrx_word' id='word_1_265' title='bbox 1156 3105 1376 3154; x_wconf 84' lang='lat' dir='ltr'>veritate</span> <span class='ocrx_word' id='word_1_266' title='bbox 1429 3104 1687 3170; x_wconf 82' lang='lat' dir='ltr'>oppositi3</span> <span class='ocrx_word' id='word_1_267' title='bbox 1743 3103 1798 3166; x_wconf 87' lang='lat' dir='ltr'>b)</span> <span class='ocrx_word' id='word_1_268' title='bbox 1828 3110 1957 3167; x_wconf 66' lang='lat' dir='ltr'>pro-</span> 
     </span>
     <span class='ocr_line' id='line_1_36' title="bbox 57 3178 1958 3251; baseline 0.002 -21"><span class='ocrx_word' id='word_1_269' title='bbox 57 3178 276 3244; x_wconf 76' lang='lat' dir='ltr'>babilis,</span> <span class='ocrx_word' id='word_1_270' title='bbox 330 3201 451 3233; x_wconf 90' lang='lat' dir='ltr'>cum</span> <span class='ocrx_word' id='word_1_271' title='bbox 491 3186 609 3251; x_wconf 90' lang='lat' dir='ltr'>quis</span> <span class='ocrx_word' id='word_1_272' title='bbox 649 3185 884 3235; x_wconf 88' lang='lat' dir='ltr'>alterutri</span> <span class='ocrx_word' id='word_1_273' title='bbox 924 3203 993 3235; x_wconf 78' lang='lat' dir='ltr'>ex</span> <span class='ocrx_word' id='word_1_274' title='bbox 1035 3186 1251 3235; x_wconf 88' lang='lat' dir='ltr'>duobus</span> <span class='ocrx_word' id='word_1_275' title='bbox 1291 3186 1495 3235; x_wconf 89' lang='lat' dir='ltr'>iudiciis</span> <span class='ocrx_word' id='word_1_276' title='bbox 1536 3184 1958 3235; x_wconf 89' lang='lat' dir='ltr'>contradictoriis</span> 
     </span>
     <span class='ocr_line' id='line_1_37' title="bbox 56 3264 1955 3333; baseline 0.002 -22"><span class='ocrx_word' id='word_1_277' title='bbox 56 3264 335 3314; x_wconf 89' lang='lat' dir='ltr'>assentitur</span> <span class='ocrx_word' id='word_1_278' title='bbox 374 3282 495 3315; x_wconf 90' lang='lat' dir='ltr'>cum</span> <span class='ocrx_word' id='word_1_279' title='bbox 535 3266 815 3317; x_wconf 90' lang='lat' dir='ltr'>formidine</span> <span class='ocrx_word' id='word_1_280' title='bbox 856 3268 923 3317; x_wconf 93' lang='lat' dir='ltr'>de</span> <span class='ocrx_word' id='word_1_281' title='bbox 963 3268 1184 3317; x_wconf 84' lang='lat' dir='ltr'>veritate</span> <span class='ocrx_word' id='word_1_282' title='bbox 1221 3268 1481 3333; x_wconf 88' lang='lat' dir='ltr'>oppositi;</span> <span class='ocrx_word' id='word_1_283' title='bbox 1526 3267 1574 3330; x_wconf 87' lang='lat' dir='ltr'>c)</span> <span class='ocrx_word' id='word_1_284' title='bbox 1615 3266 1793 3327; x_wconf 70' lang='lat' dir='ltr'>dabla,</span> <span class='ocrx_word' id='word_1_285' title='bbox 1836 3283 1955 3315; x_wconf 91' lang='lat' dir='ltr'>cum</span> 
     </span>
     <span class='ocr_line' id='line_1_38' title="bbox 57 3343 1955 3414; baseline 0.003 -22"><span class='ocrx_word' id='word_1_286' title='bbox 57 3343 259 3394; x_wconf 85' lang='lat' dir='ltr'>animus</span> <span class='ocrx_word' id='word_1_287' title='bbox 299 3345 481 3396; x_wconf 85' lang='lat' dir='ltr'>haeret</span> <span class='ocrx_word' id='word_1_288' title='bbox 518 3363 717 3414; x_wconf 87' lang='lat' dir='ltr'>anceps</span> <span class='ocrx_word' id='word_1_289' title='bbox 744 3349 879 3399; x_wconf 92' lang='lat' dir='ltr'>inter</span> <span class='ocrx_word' id='word_1_290' title='bbox 918 3349 1025 3399; x_wconf 92' lang='lat' dir='ltr'>duo</span> <span class='ocrx_word' id='word_1_291' title='bbox 1054 3349 1465 3399; x_wconf 86' lang='lat' dir='ltr'>contradictoria</span> <span class='ocrx_word' id='word_1_292' title='bbox 1493 3356 1545 3397; x_wconf 93' lang='lat' dir='ltr'>et</span> <span class='ocrx_word' id='word_1_293' title='bbox 1585 3347 1755 3397; x_wconf 87' lang='lat' dir='ltr'>neutri</span> <span class='ocrx_word' id='word_1_294' title='bbox 1783 3364 1955 3397; x_wconf 89' lang='lat' dir='ltr'>assen-</span> 
     </span>
    </p>
   </div>
  </div>
 </body>
</html>
