2182 3682
200 151 306 187 200
605 148 718 177 PARS
754 148 781 178 1.
835 148 1150 178 PHILOSOPHIA
1185 150 1386 178 MORALIS
1421 151 1699 181 GENERALIS.

196 293 254 334 ut
293 284 458 335 homo
499 286 550 334 in
592 286 807 352 agendo
849 286 1219 353 independens
1258 287 1325 336 sit
1363 287 1433 337 ab
1462 286 1573 337 aliis
1600 288 1818 358 motivis
1851 294 1905 338 et
1945 288 2114 358 unice·-

196 367 421 417 ducatur
461 368 664 418 motivo
706 368 865 418 officii
883 384 892 430 3

271 479 317 528 3.
362 464 570 515 obiecto.
651 466 792 515 Nam
832 464 980 530 leges
1019 465 1297 527 iuridicae,
1348 466 1377 516 i.
1422 483 1466 516 e.
1510 466 1577 516 ab
1620 474 1841 517 externa
1880 467 2099 516 auctori-

194 554 303 596 tate
355 545 518 608 latae,
571 546 744 597 solum
796 555 1073 597 versantur
1120 548 1258 597 circa
1308 548 1547 598 actiones
1599 556 1869 611 externas;
1924 565 2100 615 neque

195 637 380 679 curant
421 629 694 691 motivum,
736 647 803 680 ex
845 647 951 695 quo
980 630 1121 679 actio
1164 629 1270 691 fiat,
1314 631 1410 680 sed
1450 629 1626 680 solum
1665 629 1942 697 postulant
1978 647 2099 680 con-

194 711 517 761 formitatem
572 720 849 762 externam
905 728 1028 761 cum
1082 710 1202 777 lege
1256 729 1349 762 seu
1404 712 1776 777 legalitatem;
1830 711 2100 780 lex-vero

194 793 369 843 ethica
419 810 476 843 se
529 794 772 844 extendit
810 794 879 844 ad
931 794 1171 843 actiones
1223 802 1337 843 tum
1388 795 1619 844 internas
1669 803 1800 864 tumr
1837 800 2099 847 externas,

194 875 452 941 Praecipit
493 876 660 937 enim,
716 883 773 926 ut
811 876 891 937 id,
948 876 1096 941 quod
1138 893 1168 925 a
1208 875 1541 942 legislatione
1582 884 1804 927 externa
1853 876 2103 942 praescri·
2156 946 2159 949 Δ

193 957 362 1018 bitur,
417 958 577 1008 etiam
628 957 792 1008 libere
843 958 936 1008 fiat
987 960 1055 1010 ab
1108 959 1324 1009 homine
1368 976 1437 1008 ex
1489 960 1692 1009 motivo
1735 959 1910 1012 officii.
1993 960 2101 1011 Ob-

192 1040 419 1089 servatio
473 1041 611 1090 enim
664 1041 863 1091 ordinis
914 1041 1118 1091 iuridici
1169 1050 1249 1091 est
1296 1041 1594 1091 secundum
1635 1041 1893 1092 Kantium
1924 1030 2102 1109 pariit-

192 1121 361 1172 latnm
405 1123 661 1184 ralionz'S,
717 1124 840 1189 quia
880 1124 1174 1174 necessaria
1216 1131 1294 1173 est
1344 1123 1412 1173 ad
1465 1123 1763 1173 libertatem
1806 1134 2099 1187 externam,

193 1204 304 1254 sine
345 1222 452 1270 qua
503 1205 718 1255 libertas
771 1206 975 1256 interna
1017 1206 1307 1256 consistere
1349 1213 1595 1272 nequeat.
1676 1205 1807 1256 Ideo
1861 1207 1992 1257 ratio
2034 1225 2104 1257 ex

193 1287 395 1336 motivo
437 1287 597 1337 officii
649 1288 749 1337 sibi
801 1288 1030 1354 imponit
1070 1287 1453 1353 obligationem
1498 1288 1819 1338 observandi
1859 1289 2102 1340 ordinem

192 1368 495 1431 iuridicum;
540 1369 662 1419 hinc
703 1369 877 1419 solum
919 1370 1175 1420 indirecte
1216 1370 1351 1420 ordo
1392 1370 1641 1420 iuridicus
1682 1370 1740 1420 fit
1780 1370 2012 1435 ethicus;

266 1479 316 1527 4.
361 1464 700 1530 obhgalione.
789 1466 923 1515 Nam
965 1465 1227 1532 legislatio
1269 1475 1489 1516 externa
1530 1484 1599 1516 ex
1636 1483 1692 1516 se
1732 1484 1840 1516 non
1895 1467 2102 1534 obligat

192 1548 242 1597 in
296 1548 646 1608 conscientia,
702 1548 797 1598 sed
849 1547 1024 1598 solum
1078 1549 1358 1598 coactione
1405 1557 1626 1598 externa
1677 1549 1882 1611 nititur3
1937 1566 2101 1616 quare

192 1630 271 1679 ius
310 1630 607 1680 secundum
649 1629 905 1680 Kantium
951 1632 1194 1697 «concipi
1235 1638 1415 1697 potest
1456 1640 1729 1697 tamquam
1777 1632 2101 1698 possibilitas

193 1712 535 1762 omnimodae
577 1714 869 1763 coactionis
911 1721 1127 1763 mutuae
1169 1713 1562 1780 compossibilis
1604 1731 1725 1764 cum
1754 1713 1963 1780 aequali
1990 1732 2100 1765 om-

192 1795 336 1844 nium
377 1794 673 1845 libertate».

266 1884 353 1934 Ex
412 1884 565 1934 dictis
626 1893 774 1951 patet
831 1885 1129 1935 secundum
1188 1884 1448 1935 Kantium
1509 1893 1796 1952 utrumque
1856 1885 2103 1953 ordinem⁷

193 1966 427 2017 ethicum
469 1977 521 2017 et
562 1967 857 2028 iuridicum,
902 1967 1026 2018 licet
1067 1967 1379 2033 ceteroquin
1407 1968 1512 2018 sint
1554 1968 1761 2029 diversi,
1805 1968 1857 2017 in
1886 1985 1950 2019 eo
1980 1985 2101 2018 con-

191 2050 396 2109 venire,
453 2049 599 2115 quod
653 2067 751 2116 pro
794 2049 898 2099 fine
950 2049 1184 2100 habeant
1236 2051 1368 2100 tueri
1418 2050 1717 2100 libertatem
1759 2059 1812 2100 et
1851 2050 2102 2117 indepen-

193 2132 427 2182 dentiam
485 2132 714 2182 hominis
766 2133 816 2181 in
870 2132 1113 2198 agendo,
1171 2133 1243 2181 ita
1295 2141 1353 2182 ut
1409 2132 1573 2182 homo
1625 2149 1839 2199 semper
1890 2141 2104 2183 maneat

192 2213 324 2265 liber
375 2223 428 2265 et
480 2214 598 2265 finis
649 2216 702 2264 in
753 2232 836 2275 se,
893 2231 1184 2281 numquam
1232 2231 1359 2264 vero
1413 2214 1504 2264 fiat
1556 2215 1790 2264 medium
1842 2232 1940 2281 pro
1982 2213 2100 2266 alio.

194 2297 412 2347 Habent
441 2297 581 2346 enim
610 2314 797 2347 omnes
838 2297 1082 2346 homines
1110 2313 1272 2346 unum
1309 2297 1389 2346 ius
1430 2296 1686 2358 innatum,
1730 2298 2102 2364 primigenium

193 2387 247 2430 et
285 2379 525 2446 aequale,
569 2378 659 2430 scl.
703 2379 787 2429 ins
827 2379 1111 2429 lz'berlalz's.

198 2545 343 2597 241.
425 2543 591 2582 PARS
622 2544 654 2582 I.
723 2543 851 2582 Ordo
884 2543 1115 2582 iuridicus
1152 2546 1231 2582 est
1258 2555 1378 2592 pars
1416 2543 1597 2581 ordinis
1630 2542 1844 2581 moralis.

271 2645 436 2692 Prob.
478 2659 518 2692 1.
585 2644 673 2693 Ex
714 2652 980 2710 conceptu
1023 2645 1222 2695 ordinis
1264 2644 1491 2695 moralis.
1550 2644 1701 2695 Ordo
1744 2643 1957 2694 moralis
1998 2645 2104 2694 uni-

193 2743 375 2776 versus
416 2725 828 2792 comprehendit
857 2727 1051 2787 omnia,
1096 2744 1233 2793 quae
1273 2727 1570 2776 necessaria
1596 2736 1733 2788 sunt,
1779 2733 1838 2776 ut
1865 2727 2105 2776 activitas

194 2808 423 2859 hominis
483 2808 647 2858 libera
702 2809 1002 2859 secundum
1060 2826 1275 2859 omnem
1333 2815 1636 2875 respectum
1691 2809 1758 2858 sit
1812 2809 1956 2859 bona
2010 2826 2104 2859 seu

196 2898 340 2940 recte
382 2890 640 2940 ordinata.
697 2890 869 2956 Atqui
906 2891 974 2940 ad
1016 2891 1148 2941 haec
1190 2892 1352 2940 etiam
1391 2892 1621 2957 pertinet
1661 2891 1796 2940 ordo
1836 2891 2100 2941 iuridicus.

194 2972 348 3038 Effuge
389 2972 474 3023 hic
515 2973 744 3039 pertinet
782 2973 851 3023 ad
894 2973 1134 3023 ordinem
1177 2973 1450 3023 moralem.

270 3075 428 3126 Proh.
472 3075 599 3125 mai.
682 3075 854 3126 Maior
892 3076 1101 3126 videtur
1151 3093 1246 3142 per
1284 3093 1341 3126 se
1393 3077 1648 3143 evidens„
1706 3075 1913 3126 Morale
1963 3077 2104 3126 enim

203 3157 471 3207 derivatur
512 3175 542 3207 a
594 3173 757 3208 more.
839 3158 994 3223 Ergo
1047 3158 1309 3224 quidquid
1360 3159 1664 3225 requiritur,
1718 3167 1777 3208 ut
1828 3158 2105 3208 hominum

200 3256 376 3289 mores
432 3240 560 3290 recti
618 3248 671 3290 et
729 3240 858 3290 boni
917 3240 1047 3301 sint,
1109 3240 1339 3306 pertinet
1398 3241 1466 3290 ad
1528 3241 1770 3290 ordinem
1829 3239 2101 3291 moralem.

203 3321 479 3371 Praeterea
518 3329 668 3388 patet
696 3339 764 3371 ex
796 3322 869 3383 iis,
915 3339 1050 3388 quae
1079 3322 1308 3371 diximus
1338 3322 1405 3371 de
1445 3321 1565 3388 lege
1593 3321 1816 3372 naturali
1845 3323 1913 3387 (n.
1953 3324 2014 3372 18
2025 3322 2100 3386 5):

2172 0 2182 202 1

2178 217 2182 365 ι
