2182 3682
229 179 333 232 170
631 179 744 208 PARS
780 180 808 208 1.
859 179 1174 208 PHILOSOPHIA
1209 178 1413 207 MORALIS
1448 179 1731 209 GENERALIS.

221 314 338 365 bilis
378 332 439 364 ac
481 315 746 381 opposita,
775 280 832 365 ’si
872 315 1095 365 dubium
1135 323 1372 364 versatur
1400 315 1538 365 circa
1565 315 1935 366 exsistentiam
1977 315 2124 382 legis,

219 414 327 447 non
367 414 494 447 vero
535 397 577 446 si
616 405 856 447 versatur
895 398 1032 447 circa
1074 397 1184 446 eius
1225 396 1582 446 cessationem.
1640 397 1957 463 Principium
1987 399 2126 448 enim

220 478 618 529 fundamentale
674 496 857 528 eorum
916 488 996 529 est
1056 479 1398 545 principium:
1460 479 1519 528 In
1580 479 1746 528 dubio
1806 479 1993 529 melior
2047 489 2127 530 est

219 561 465 611 condicio
506 562 842 627 possidentis.
899 561 1031 610 Inde
1059 560 1388 611 concludunt
1428 562 1478 610 in
1507 560 1713 626 aequali
1751 561 2127 627 probabilitate

219 643 287 693 de
322 644 632 693 exsistentia
675 643 806 707 legis
842 643 999 693 licere
1037 643 1189 709 sequi
1230 643 1599 708 benigniorem
1626 644 1961 706 sententiam,
2005 645 2127 710 quia
2169 678 2172 679 ν

217 725 432 775 libertas
468 734 547 775 est
587 726 637 774 in
679 726 1034 791 possessione,
1078 726 1128 774 in
1158 725 1324 774 dubio
1353 742 1478 774 vero
1508 724 1715 790 aequali
1743 725 1811 775 de
1839 726 2128 777 cessatione

217 807 349 874 legis
389 808 706 857 servandam
748 825 864 885 esse
906 806 1099 873 legem,
1144 807 1267 873 quia
1308 807 1441 857 haec
1483 814 1563 857 est
1603 808 1653 856 in
1694 808 2048 873 possessione.

297 897 364 961 5)1‘
401 894 761 965 Communior}
799 896 1062 946 sententia
1117 905 1264 945 tenet
1319 897 1387 946 ad
1443 896 1770 962 sequendam
1829 896 1968 947 licite
2019 898 2127 964 opi-

216 979 429 1030 nionem
459 966 750 1029 *faventem
803 978 1031 1028 libertati
1082 977 1205 1028 nihil
1259 979 1474 1045 requiri,
1530 979 1627 1028 nisi
1677 988 1733 1028 ut
1783 979 1849 1028 sit
1900 987 2039 1028 cerlo
2080 988 2131 1030 et

215 1061 387 1112 solide
407 1061 733 1128 probabilis,
777 1062 876 1111 etsi
905 1061 1166 1111 contraria
1193 1061 1257 1110 sit
1287 1060 1616 1127 probabilior
1646 1061 2122 1128 (probabz‘lismus).

216 1143 374 1194 Hanc
425 1144 772 1204 sententiam,
827 1160 964 1209 quae
1018 1144 1252 1208 practice
1304 1160 1517 1209 semper
1568 1144 1620 1192 in
1661 1143 1904 1193 Ecclesia
1943 1144 2122 1209 viguit,

214 1226 413 1292 primus
440 1226 733 1276 theoretice
762 1224 998 1275 excoluit
1024 1225 1223 1274 Barth.
1255 1225 1319 1274 dc
1343 1225 1574 1274 Medma
1599 1224 1663 1275 O.
1689 1225 1761 1285 P.,
1794 1242 1956 1291 quem
1985 1242 2124 1275 com-

215 1308 440 1358 muniter
467 1308 709 1373 theologi
737 1325 906 1373 usque
932 1307 1001 1357 ad
1031 1307 1265 1357 medium
1291 1306 1563 1356 saeculum
1591 1307 1762 1358 XVII.
1792 1307 1960 1357 secuti
1986 1316 2122 1358 sunt.

290 1398 343 1461 6)
387 1396 524 1447 Sunt
565 1397 824 1463 denique,
880 1397 971 1463 qui
1025 1396 1254 1446 eandem
1307 1396 1607 1446 libertatem
1649 1396 1717 1445 ad
1759 1413 1974 1446 omnem
2017 1397 2126 1462 opi-

215 1480 429 1529 nionem
462 1479 623 1529 etiam
663 1480 890 1529 severiter
918 1479 1007 1528 rel
1043 1478 1198 1528 dubie
1224 1487 1427 1528 lantum
1459 1478 1800 1544 probabilem
1830 1479 2126 1529 extendant

216 1560 243 1623 ί
238 1561 263 1610 l
262 1562 507 1612 axismus
499 1563 548 1628 )

291 1649 586 1716 Opiniones
646 1651 817 1716 primo
875 1658 927 1699 et
987 1648 1174 1699 ultimo
1236 1649 1358 1700 loco
1419 1649 1710 1700 recensitae
1765 1649 1833 1699 ab
1885 1648 2125 1700 Ecclesia

215 1733 535 1798 reprobatae
590 1742 728 1782 sunt.
826 1732 1000 1782 Etiam
1059 1733 1383 1782 tutiorismus
1439 1732 1711 1797 mitigatus
1767 1741 1819 1781 et
1878 1732 2123 1798 probabi-

214 1814 476 1865 liorismus
522 1815 685 1864 hodie
727 1814 1035 1865 defensores
1075 1815 1177 1864 iam
1220 1832 1328 1863 non
1381 1814 1597 1864 habent.
1640 1845 1713 1849 —
1752 1814 2121 1876 Defendimus,

213 1906 271 1946 ut
311 1915 380 1947 ex
421 1907 606 1947 tenore
647 1897 811 1947 thesis
852 1906 1091 1964 apparet,
1135 1897 1453 1946 sententiam
1483 1897 1668 1962 quinto
1710 1895 1832 1947 loco
1873 1898 2119 1963 positam.

214 1978 351 2045 Quia
379 1979 918 2046 aequiprobabilistae
946 1980 1256 2045 praesertim
1283 1979 1350 2028 ad
1380 1979 1751 2029 auctoritatem
1773 1978 1828 2029 S.
1852 1979 2128 2044 Alphonsz'

211 2070 524 2127 provocant,
568 2072 754 2113 notare
794 2063 954 2123 iuvat,
998 2061 1050 2112 S.
1090 2062 1194 2111 Rit.
1240 2060 1510 2127 Congreg.
1556 2062 1641 2111 die
1684 2075 1768 2110 21.
1808 2061 1939 2111 Iunii
1985 2064 2115 2126 1871

213 2144 539 2195 declarasse:
595 2144 988 2211 approbatione
1042 2145 1167 2194 data
1218 2161 1248 2193 a
1288 2141 1487 2194 Sancta
1538 2142 1681 2194 Sede
1733 2142 1786 2194 S.
1832 2143 2122 2210 Alphonso

211 2225 411 2276 nullum
465 2227 718 2277 iudicium
775 2226 892 2276 ferri
949 2227 1017 2277 de
1074 2227 1435 2276 controversia
1489 2227 1625 2275 inter
1679 2224 2122 2292 probabilismum

212 2317 265 2357 et
304 2309 922 2376 aequiprobabilismum.
1005 2308 1382 2359 Controversia
1429 2325 1559 2373 ergo
1613 2308 1904 2359 rationibus
1955 2308 2120 2375 philo-

210 2391 446 2457 sophicis
488 2392 789 2442 decidenda
830 2401 923 2441 est.

215 2542 360 2596 205.
435 2546 482 2582 2.
507 2532 937 2582 Probabilismus
963 2539 1170 2582 tantum
1192 2532 1333 2582 valet
1354 2533 1407 2581 in
1429 2531 1610 2593 dubio,
1638 2532 1786 2598 quod
1812 2531 2120 2581 immediate

209 2624 449 2665 versatur
490 2615 627 2664 circa
668 2614 954 2664 lz'ceitatem
996 2613 1080 2664 vel
1122 2614 1447 2664 honestatem
1489 2613 1739 2675 actionis,
1782 2630 1876 2663 seu
1917 2613 1969 2662 in
2011 2631 2117 2680 quo

208 2697 515 2746 immediate
556 2697 837 2762 quaeritur,
880 2706 1055 2746 utrum
1088 2697 1229 2746 actio
1259 2695 1435 2762 aliqua
1475 2697 1541 2745 sit
1570 2703 1866 2761 praecepta
1895 2713 1960 2745 an
1990 2705 2118 2761 pro-

210 2778 408 2839 hibita,
450 2779 669 2828 honesta
711 2797 777 2829 an
818 2779 1115 2829 z‘nlconesla.
1196 2779 1322 2828 Non
1364 2795 1494 2844 ergo
1535 2778 1676 2827 valet
1717 2778 1786 2827 de
1828 2778 2024 2839 dubio,
2066 2778 2117 2827 in

211 2878 318 2926 quo
370 2861 569 2911 directe
622 2879 729 2911 non
771 2862 1040 2928 quaeritur
1092 2861 1159 2911 de
1210 2861 1472 2920 lz'cez‘tate,
1522 2860 1617 2910 sed
1666 2860 1734 2909 de
1775 2858 1878 2909 alio
1919 2859 2114 2925 aliquo,

208 2961 256 2992 v.
300 2960 351 3009 g.
395 2952 571 2992 utrum
623 2943 1017 2993 matrimonium
1069 2943 1174 2992 hoc
1213 2942 1297 2992 vel
1349 2942 1476 2992 illud
1517 2943 1582 2992 sit
1622 2940 1884 3003 validum,
1939 2950 2117 2991 utrum

209 3033 586 3075 testamentum
627 3027 694 3075 sit
733 3025 1052 3091 legitimum,
1109 3035 1285 3074 utrum
1327 3025 1590 3074 medicina
1629 3024 1762 3074 haec
1802 3023 1886 3073 vel
1926 3023 2012 3073 illa
2051 3024 2117 3073 sit

209 3106 330 3157 huic
370 3107 453 3156 vel
505 3107 575 3156 illi
626 3107 828 3157 homini
879 3107 1017 3157 utilis
1063 3116 1155 3157 aut
1206 3108 1421 3168 nociva,
1473 3115 1572 3156 etc.
1654 3105 1845 3171 Neque
1883 3105 2025 3156 valet
2063 3106 2115 3154 in

211 3189 376 3238 dubio
403 3190 582 3254 sacti,
633 3190 684 3239 in
726 3207 833 3255 quo
876 3190 1168 3255 quaeritur,
1223 3198 1400 3239 utrum
1441 3187 1642 3254 aliquid
1695 3187 1895 3238 factum
1943 3187 2111 3248 fuerit,

209 3288 257 3321 v.
313 3288 362 3336 g.
421 3280 597 3321 utrum
647 3280 831 3321 votum
888 3271 1043 3321 fuerit
1094 3271 1368 3332 emissum,
1426 3279 1602 3320 utrum
1653 3278 1799 3320 aetas
1853 3269 2115 3335 septennii

212 3353 497 3419 completa,
541 3363 717 3403 utrum
758 3354 1055 3419 baptismus
1087 3353 1171 3402 vel
1213 3353 1617 3419 presbyteratus
1657 3350 1897 3413 collatus,
1939 3360 2113 3401 utrum
