2182 3682
214 151 316 201 292
621 146 732 174 PARS
767 146 814 174 11.
867 143 1179 173 PHILOSOPHIA
1214 142 1415 172 MORALIS
1451 142 1700 171 SPECIALIS.

289 297 334 334 2.
390 283 602 332 Praeter
642 282 1055 348 occupationem
1095 280 1473 330 tantummodo
1514 278 1597 328 vel
1638 286 1853 345 pactum
1897 276 2115 344 aliquod

210 365 293 415 vel
349 364 500 415 labor
555 364 713 414 rebus
771 365 1043 430 impensus
1099 361 1181 412 vel
1241 362 1518 412 decretum
1575 360 1794 411 alicuius
1849 360 2114 427 principis,

210 466 256 498 v.
289 465 340 514 g.
372 447 574 497 Adami
615 446 698 497 vel
727 447 863 507 Noe,
907 446 1171 496 eiusmodi
1204 444 1343 495 facta
1383 444 1647 511 primitiva
1677 451 1816 505 sunt,
1861 460 1998 510 quae
2037 443 2118 492 ius

212 530 548 596 proprietatis
588 530 638 579 in
681 537 935 578 concreto
986 528 1120 578 forte
1162 527 1515 577 determinare
1562 527 1875 593 potuissent.
1952 524 2124 591 Atqui

211 612 414 662 nullum
456 629 525 661 ex
565 612 644 661 his
685 618 866 677 potest
907 628 1023 661 esse
1065 610 1265 660 factum
1305 609 1644 676 primitivum.
1726 608 1920 674 Ergo.
1957 651 1964 658 .
1999 648 2008 658 .

286 703 334 767 a)
382 702 507 751 Non
549 709 782 766 pactum.
864 701 1048 751 Potest
1088 700 1307 766 quidem
1348 699 1555 749 admitti
1595 700 1647 749 in
1687 697 1952 765 aliquibus
1993 697 2118 748 casi-

211 784 328 844 bus,
371 792 531 833 aucto
573 784 677 832 iam
718 800 940 833 numero
982 782 1275 843 hominum,
1326 782 1706 848 proprietatem
1750 781 1909 831 etiam
1949 781 2119 846 pactis

212 866 620 916 determinatam
664 865 851 926 fuisse,
907 873 1170 931 quatenus
1212 865 1355 915 bona
1407 863 1718 914 familiarum
1758 862 1843 913 vel
1885 862 2118 913 tribuum

212 956 372 1014 pacto
415 948 884 998 distribuebantur.
967 947 1074 998 Sed
1117 947 1251 998 haec
1292 947 1593 997 distributio
1634 947 1737 996 iarn
1777 945 2119 1012 supponebat

209 1031 590 1096 proprietatem
643 1029 956 1080 familiarum
1008 1048 1103 1096 per
1153 1030 1372 1097 aliquod
1421 1029 1620 1080 factum
1662 1029 1990 1096 praecedens
2031 1027 2117 1078 de-

209 1114 560 1163 terminatam.
593 1145 662 1150 ——
705 1113 844 1162 Dein
885 1112 1045 1162 talem
1087 1113 1401 1163 divisionem
1442 1113 1510 1162 ab
1552 1112 1698 1161 initio
1739 1110 2037 1161 necessario
2067 1118 2120 1159 et

211 1195 410 1262 ubique
465 1195 661 1245 factam
714 1194 872 1245 fuisse
925 1197 1087 1261 gratis
1138 1195 1386 1245 asseritur
1437 1204 1489 1245 et
1530 1195 1598 1244 de
1638 1212 1695 1244 se
1736 1202 1816 1244 est
1855 1192 2119 1260 improba-

211 1277 329 1327 bile.
411 1277 599 1339 Adde,
658 1278 805 1344 quod
847 1277 1037 1328 saltem
1078 1278 1146 1328 ad
1188 1295 1343 1327 usum
1395 1278 1761 1344 unusquisque
1807 1276 1983 1343 potuit
2021 1276 2120 1326 sibi

212 1377 292 1410 res
340 1361 662 1410 necessarias
713 1359 971 1410 stabiliter
1017 1377 1297 1426 occupare.
1379 1360 1525 1426 Ergo
1566 1359 1710 1409 nulla
1749 1366 1830 1409 est
1871 1359 2003 1409 ratio
2042 1375 2119 1409 as-

210 1443 421 1492 serendi
472 1460 592 1492 eum
646 1460 755 1493 non
795 1445 1034 1509 potuisse
1073 1443 1172 1493 sibi
1213 1443 1430 1493 easdem
1483 1442 1741 1493 stabiliter
1779 1450 1838 1492 ut
1877 1441 2120 1509 proprias

213 1525 497 1576 vindicare.

287 1613 341 1679 b)
384 1614 576 1680 Neque
617 1614 776 1665 labor
814 1613 960 1665 solus
1002 1622 1182 1681 potest
1222 1631 1338 1664 esse
1380 1615 1580 1665 factum
1621 1614 2023 1681 primigenium,
2077 1613 2118 1663 si

211 1697 425 1746 nomine
465 1695 662 1746 laboris
690 1714 798 1747 non
827 1697 1151 1763 intellegitur
1190 1714 1335 1746 mera
1376 1698 1676 1764 occupatio,
1720 1697 1815 1747 sed
1845 1713 2010 1763 opera
2037 1713 2119 1746 res

212 1787 569 1829 transmutans
609 1780 777 1846 iisque
818 1798 1018 1830 novum
1050 1779 1287 1830 valorem
1329 1780 1583 1830 tribuens.
1646 1780 1787 1830 Nam
1828 1780 1880 1844 α)
1921 1777 2121 1828 multae

213 1878 294 1911 res
335 1860 480 1910 nullo
523 1860 706 1911 labore
758 1863 1029 1928 indigent,
1083 1863 1178 1912 sed
1221 1880 1251 1912 a
1292 1869 1478 1912 natura
1518 1863 1632 1928 ipsa
1671 1863 1722 1912 in
1763 1878 1917 1911 usum
1959 1860 2123 1911 homi-

211 1960 337 1992 num
378 1953 724 2010 praeparatae
765 1953 913 2006 sunt,
964 1952 1023 1994 ut
1062 1943 1266 2010 lignum
1307 1945 1374 1994 ad
1417 1944 1860 2005 comburendum,
1905 1943 2120 2004 fructus,

212 2025 455 2076 animalia
484 2035 584 2076 etc.
654 2024 853 2091 Quoad
896 2028 990 2077 has
1032 2036 1175 2077 certe
1217 2026 1368 2077 labor
1408 2045 1515 2077 non
1558 2034 1737 2094 potest
1777 2043 1893 2077 esse
1923 2026 2122 2077 factum

213 2108 570 2159 determinans
622 2110 702 2159 ius
754 2110 1106 2176 proprietatis.
1187 2110 1245 2177 β)
1290 2108 1425 2159 Cum
1477 2110 1594 2176 quis
1635 2108 1867 2176 aliquam
1908 2126 2020 2159 rem
2059 2124 2122 2158 ea

212 2191 504 2240 intentione
544 2192 643 2241 sibi
683 2193 918 2253 assumit,
963 2201 1021 2241 ut
1049 2209 1166 2242 eam
1197 2201 1386 2258 postea
1426 2191 1610 2242 labore
1644 2198 1974 2253 transmutet,
2018 2191 2122 2241 iam

213 2289 242 2322 a
283 2273 453 2339 primo
495 2282 773 2324 momento
816 2275 1186 2341 occupationis
1227 2275 1295 2324 ad
1337 2292 1459 2325 eum
1501 2274 1744 2341 pertinet,
1789 2292 1942 2325 secus
1983 2274 2124 2324 enim

213 2355 435 2422 quilibet
488 2366 674 2422 posset
725 2357 837 2407 eius
879 2356 1118 2407 laborem
1172 2357 1405 2423 ideoque
1455 2358 1614 2407 etiam
1665 2358 1746 2407 ius
1786 2356 2125 2423 proprietatis

211 2438 323 2487 sine
363 2438 614 2489 iniustitia
654 2440 927 2506 impedire.

287 2527 335 2591 c)
377 2526 568 2593 Neque
597 2527 861 2578 decreram
903 2529 1152 2595 principis
1192 2537 1370 2595 potest
1407 2546 1524 2579 esse
1553 2528 1753 2580 factum
1780 2529 2119 2596 primitivum.

214 2609 354 2658 Nam
396 2610 658 2660 eiusmodi
700 2611 976 2661 decretum
1005 2612 1261 2678 supponit
1301 2612 1448 2662 initio
1478 2613 1657 2662 omnia
1698 2611 1857 2662 fuisse
1897 2612 2123 2678 positive

214 2693 519 2741 communia
546 2692 629 2742 vel
667 2693 854 2743 saltem
884 2694 1085 2759 primos
1114 2694 1380 2760 principes
1420 2693 1669 2744 habuisse
1708 2694 2123 2744 iurisdictionem

213 2774 264 2823 in
305 2774 604 2824 universam
646 2784 854 2826 terram.
937 2776 1197 2827 Neutrum
1249 2783 1430 2826 autem
1472 2775 1852 2827 rationabiliter
1890 2775 2124 2843 supponi

215 2864 395 2922 potest
423 2857 492 2921 (n.
527 2857 669 2922 367).
731 2856 808 2908 Cf.
854 2875 991 2925 quae
1033 2859 1248 2925 egregie
1293 2859 1361 2908 de
1390 2858 1490 2909 hac
1519 2875 1574 2908 re
1615 2858 1852 2925 disputat
1879 2858 1944 2908 de
1970 2857 2123 2923 Lugo

217 2937 245 2988 l.
292 2956 334 2989 c.
381 2939 515 3006 disp.
560 2939 609 3000 6,
653 2957 692 2989 s.
746 2955 786 3001 Ι,
830 2957 880 2990 n.
923 2955 973 3003 4.

219 3080 364 3133 379.
451 3069 651 3121 Coroll.
735 3071 880 3137 Ergo
922 3073 973 3121 in
1014 3073 1282 3138 praesenti
1332 3089 1507 3122 rerum
1559 3072 1747 3122 ordine
1790 3072 1994 3138 privata
2033 3070 2125 3121 do-

217 3153 375 3201 minia
415 3153 712 3218 generatim
751 3162 994 3219 spectata
1034 3171 1143 3204 non
1183 3163 1305 3204 sunt
1343 3154 1520 3204 solum
1558 3154 1681 3203 iuris
1723 3152 1974 3204 naturalis
2013 3169 2124 3203 con-

217 3233 446 3284 cedentis
485 3233 569 3284 vel
609 3235 978 3301 permittentis,
1021 3236 1118 3285 sed
1147 3236 1554 3301 praecipientis
1616 3235 1711 3286 Ad
1751 3236 1832 3285 ius
1859 3236 2000 3285 enim
2039 3250 2125 3284 na-

219 3314 385 3365 turale
426 3317 758 3382 praecipiens
799 3317 1063 3383 pertinent
1102 3318 1297 3379 omnia,
1340 3334 1479 3383 quae
1520 3316 1652 3367 ratio
1693 3315 1944 3367 naturalis
1982 3315 2126 3366 inde<
