2182 3682
180 158 290 209 490

179 290 469 342 Irreligiositas
503 300 601 344 275.

178 350 385 389 Iudicium
419 351 683 391 temerarium
723 363 821 403 309.

178 411 247 449 Ius
281 410 388 458 226;
435 410 536 451 iuris
569 412 663 451 finis
698 423 777 463 231
798 444 807 461 ,
851 411 1091 452 eoactivitas

239 480 347 520 232;
377 470 476 509 iuris
499 472 695 511 naturalis
718 472 959 511 exsistentia
983 481 1087 523 237;

238 530 301 569 ius
334 537 396 569 est
439 544 536 583 pars
570 532 727 571 ordinis
771 531 943 571 moralis
979 542 1088 580 240;

235 612 294 616 —-
339 591 531 643 gentium
584 601 625 631 et
672 592 790 631 civile
843 592 928 641 246
977 591 1087 642 38Ι;

237 672 293 676 —-
325 650 539 702 publicum
572 659 614 690 et
645 652 852 704 privatum
888 662 997 700 2443
1033 674 1087 678 —

237 711 552 749 consuetudinis
598 720 679 763 245
729 720 838 762 2523
885 732 934 738 -—
973 711 1089 750 iuris-

237 770 434 809 dictionis
469 780 578 822 251;
619 794 675 798 -—
709 772 1011 810 dominativum
1049 779 1090 810 et

235 831 550 882 praeceptivum
575 832 659 870 226
695 842 780 881 244
815 841 922 883 2503
958 854 1015 858 -—
1047 832 1088 869 in

234 903 280 928 re
314 898 355 929 et
382 890 435 929 ad
467 904 555 930 rem
589 900 697 942 252;
734 913 788 918 -—
821 892 1088 944 proprietatis

236 960 320 1000 323
345 964 446 1002 sqq3
492 973 550 977 —
594 951 835 991 hereditatis
880 960 989 1004 395;
1033 975 1087 979 —

236 1010 559 1050 internationale
594 1012 692 1060 642.

174 1069 335 1109 Iustitia
373 1081 452 1119 129
500 1082 580 1121 130
630 1082 710 1123 139
757 1072 865 1119 228;
912 1085 1012 1111 num
1045 1072 1087 1111 in

235 1131 331 1169 Deo
365 1130 417 1170 sit
449 1131 651 1184 obligatio
685 1132 863 1171 iustitiae
898 1142 995 1172 222.

177 1251 356 1290 Kantius
400 1251 452 1290 de
485 1251 686 1290 methodo
729 1251 1028 1304 philosophiae
1063 1264 1086 1304 3

237 1318 277 1349 et
308 1323 359 1359 4;
393 1333 451 1338 -
485 1311 537 1350 de
581 1311 664 1351 fine
703 1312 883 1351 hominis
922 1324 994 1361 14;
1032 1338 1085 1342 -—

237 1371 290 1409 de
334 1384 479 1410 norma
524 1372 755 1411 honestatis
800 1372 853 1422 87
901 1383 980 1422 94;
1033 1396 1084 1400 ——

239 1431 290 1469 de
339 1431 599 1483 obligatione
649 1441 727 1484 159
778 1432 882 1480 1603
932 1455 990 1459 —
1035 1433 1087 1471 de

237 1491 325 1542 iure
351 1502 436 1540 240
461 1502 567 1540 242;
595 1515 647 1520 —
674 1493 726 1531 de
748 1493 956 1544 religione
981 1502 1084 1543 272;

237 1573 293 1577 —
327 1551 380 1590 de
403 1552 489 1591 iure
512 1552 780 1604 proprietatis
804 1554 912 1604 3633
949 1574 1005 1580 —
1035 1554 1087 1592 de

238 1610 320 1650 fine
354 1612 530 1651 civitatis
568 1621 663 1664 509.

178 1670 343 1710 Krause
379 1681 475 1723 512.

178 1790 423 1843 Laboulaye
461 1800 556 1843 529.

177 1851 341 1890 Lasson
375 1852 425 1891 A.
462 1862 543 1902 237
583 1861 678 1904 512.

177 1911 319 1950 Latria
353 1912 450 1961 269.

178 1971 390 2022 Laveleye
423 1972 470 2011 E.
506 1972 558 2011 de
593 1981 676 2024 352
712 1981 810 2024 353.

176 2031 391 2071 Laxismus
425 2043 521 2081 204.

175 2092 394 2144 Laymann
429 2103 513 2141 204
550 2100 632 2144 205
669 2092 768 2144 383.

175 2152 236 2190 Le
269 2152 472 2191 Bachelet
505 2163 591 2201 204
630 2162 728 2203 207.

175 2213 383 2264 Legatum
418 2221 516 2263 395.

175 2272 415 2311 Lehmkuhl
450 2283 535 2320 204
571 2281 652 2324 205
690 2273 773 2312 208
809 2273 890 2325 385
927 2284 1026 2324 413.

174 2332 352 2371 Leibniz
385 2332 438 2372 82
477 2341 529 2384 95
569 2341 665 2384 512.

175 2391 409 2431 Leiinbach
445 2402 543 2441 204.

174 2452 263 2490 Leo
295 2452 402 2490 XIII
434 2451 475 2491 S.
511 2453 554 2491 P.
591 2453 642 2490 de
686 2452 774 2491 iure
817 2453 1088 2506 proprietatis

235 2511 343 2562 383;
379 2534 435 2538 -
469 2513 520 2551 de
555 2511 920 2552 indissolubilitate
952 2514 1088 2552 matri-

234 2571 365 2610 monii
398 2582 508 2622 447;
554 2594 612 2598 —
657 2573 708 2611 de
754 2573 916 2626 origine
960 2574 1088 2613 socie-

234 2631 328 2670 tatis
373 2632 501 2671 civilis
547 2632 631 2683 483
666 2632 776 2682 487;
824 2656 877 2661 —
913 2634 965 2672 de
1006 2633 1088 2672 fine

237 2691 412 2731 civitatis
439 2701 517 2743 511
549 2701 655 2743 5203
685 2714 737 2719 -—
763 2693 815 2731 de
839 2694 1088 2733 auctoritate

235 2750 350 2790 civili
399 2760 505 2803 5443
555 2774 608 2778 —
654 2752 706 2791 de
749 2753 952 2792 relatione
997 2754 1089 2793 civi-

235 2811 329 2850 tatis
375 2812 429 2850 ad
471 2811 721 2864 religionem
767 2821 873 2864 5513
922 2813 975 2852 ad
1013 2813 1089 2853 Ec-

237 2871 407 2910 clesiam
442 2880 527 2923 554
563 2880 669 2923 559;
710 2894 763 2899 -
799 2873 852 2912 de
884 2873 1088 2913 relatione

235 2930 413 2970 filiorum
456 2932 510 2970 ad
554 2931 762 2971 civitatem
798 2941 905 2984 570;
948 2956 1002 2960 -—
1036 2934 1089 2972 de

236 2991 392 3030 scholis
444 2991 702 3030 simultaneis
758 3001 864 3044 593;
928 3015 981 3019 —
1036 2994 1088 3033 de

235 3051 481 3103 quaestione
514 3051 660 3090 sociali
686 3053 767 3103 596
805 3061 910 3104 597;
949 3075 1002 3079 -
1037 3054 1088 3092 de

236 3117 454 3150 contractu
485 3111 594 3150 inter
621 3113 858 3164 operarium
882 3120 922 3151 et
943 3113 1088 3152 herum

239 3178 346 3221 597;
374 3193 428 3197 —
453 3171 506 3210 de
528 3171 786 3211 liberalismo
810 3173 919 3220 600;
954 3194 1012 3199 ——-
1035 3173 1087 3211 de

236 3231 571 3283 praescriptione
635 3232 892 3271 auctoritatis
956 3232 1088 3272 civilis

240 3290 338 3328 610.

178 3349 358 3402 Lessing
390 3349 437 3389 E.
474 3350 525 3390 G.
561 3360 599 3400 3.

857 154 1008 184 INDEX
1041 154 1414 184 ALPHABETICUS.

1179 292 1351 331 Lessius
1390 304 1439 331 12
1479 305 1528 344 13
1578 303 1631 346 54
1666 303 1721 344 74
1770 302 1847 345 137
1888 305 1968 345 139
2007 305 2086 347 145

1244 352 1324 401 146
1375 361 1456 402 174
1502 364 1585 403 209
1631 364 1714 392 222
1761 363 1844 406 252
1885 355 1970 393 260
2003 366 2089 407 304

1241 412 1325 462 306
1360 413 1443 462 308
1479 413 1561 464 383
1597 422 1696 465 425.

1178 473 1268 511 Lex
1307 472 1410 520 148;
1446 495 1503 499 —
1536 481 1707 513 aeterna
1743 482 1848 526 152;
1886 494 1938 500 —
1973 481 2090 513 natu-

1237 532 1335 571 ralis
1384 533 1488 584 156;
1537 555 1593 561 —
1638 534 1806 573 moralis
1853 546 1977 573 sensu
2019 534 2090 573 im-

1237 592 1408 644 proprio
1467 602 1571 645 150;
1629 616 1683 619 ——
1729 593 1924 647 poenalis
1982 602 2086 646 151;

1239 674 1292 679 —-
1316 652 1493 704 positiva
1522 653 1622 701 188;
1646 675 1706 682 —-
1723 653 1856 692 civilis
1880 653 1964 693 628
1989 654 2088 705 630.

1178 711 1479 752 Liberalismus
1514 713 1621 761 600;
1672 736 1725 740 —
1758 713 1954 753 catholic.
1990 714 2087 765 603.

1177 771 1430 811 Liberalitas
1469 783 1563 822 144.

1178 831 1426 871 Liberatore
1462 841 1482 884 5
1524 833 1602 885 185
1640 841 1721 885 255
1758 834 1842 884 363
1885 842 1970 885 510
2005 842 2089 886 554

1241 900 1322 943 595
1364 893 1462 942 607-

1178 951 1409 991 Libertatis
1442 953 1503 991 ius
1537 963 1646 1003 319;
1695 975 1748 980 —
1782 952 1954 993 libertas
1994 967 2090 993 con-

1238 1012 1437 1051 scientiae
1476 1023 1585 1063 321;
1631 1035 1688 1040 ——
1720 1013 1944 1067 religionis
1989 1024 2087 1065 322.

1178 1072 1376 1111 Liberum
1412 1083 1480 1123 32.

1178 1132 1309 1171 Littre'
1345 1133 1413 1182 78.

1178 1192 1354 1232 Locatio
1388 1204 1498 1241 412;
1545 1214 1602 1219 -—
1636 1193 1744 1232 inter
1782 1193 2017 1246 operarium
2049 1201 2091 1234 et

1236 1253 1385 1291 herum
1418 1263 1502 1301 412
1540 1262 1636 1304 597.

1177 1313 1322 1352 Locke
1356 1314 1437 1364 365
1474 1315 1574 1352 622.

1177 1373 1314 1425 Loqui
1348 1373 1450 1425 quid
1483 1374 1537 1412 sit
1571 1382 1669 1423 297.

1177 1433 1307 1472 Lotze
1340 1434 1396 1472 H.
1435 1433 1502 1484 78.

1177 1493 1359 1532 Lucrum
1393 1507 1561 1532 cessans
1593 1501 1693 1544 415.

1177 1554 1299 1605 Lugo
1344 1553 1469 1593 Card.
1516 1554 1568 1593 de
1618 1564 1697 1604 139
1748 1564 1827 1604 143
1875 1563 1958 1591 222
2003 1554 2087 1593 226

1239 1622 1321 1662 227
1370 1622 1452 1665 259
1501 1614 1583 1653 282
1631 1613 1714 1664 296
1761 1622 1843 1663 297
1883 1623 1967 1664 302
2003 1614 2087 1663 306

1239 1673 1323 1723 308
1369 1685 1452 1724 309
1500 1685 1582 1724 313
1628 1684 1715 1723 404
1758 1674 1843 1725 467
1883 1684 1969 1723 494
2004 1681 2086 1725 597

1238 1733 1321 1782 607
1363 1734 1461 1784 637.

1178 1793 1388 1832 Lutherus
1420 1794 1477 1832 M.
1514 1804 1537 1844 3
1576 1793 1671 1845 588.

1176 1853 1359 1892 Luxuria
1398 1862 1491 1905 135.

1179 1972 1479 2012 Macchiavelli
1514 1981 1594 2024 515
1633 1981 1730 2024 541.

1176 2032 1501 2086 Magnanimitas
1540 2041 1633 2083 145.

1177 2093 1494 2145 Magnificentia
1532 2101 1626 2144 145.

1178 2153 1338 2192 Malitia
1360 2153 1566 2192 obiectiva
1590 2163 1668 2202 90;
1696 2175 1749 2178 —
1773 2151 1957 2191 formalis
1985 2162 2085 2203 1093

1237 2236 1293 2240 -—
1327 2220 1491 2252 actuum
1526 2213 1775 2252 exteriorum
1814 2221 1907 2262 117.

1180 2274 1459 2312 Malthusiana
1491 2273 1558 2312 lex
1591 2272 1873 2325 populationis
1905 2282 2005 2321 441.

1178 2332 1437 2373 Mandeville
1469 2334 1517 2373 B.
1553 2333 1621 2372 61.

1177 2393 1460 2432 Mansuetudo
1499 2393 1595 2441 146.

1161 2453 1340 2493 'Marres
1374 2453 1472 2504 385.

1177 2513 1415 2553 Martineau
1449 2513 1516 2564 85.

1177 2573 1327 2613 Marxii
1360 2573 1549 2612 doctrina
1581 2571 1806 2612 socialismi
1840 2581 1938 2622 329.

1176 2633 1432 2673 Matrimonii
1477 2633 1703 2672 necessitas
1740 2640 1849 2683 435;
1897 2655 1950 2660 —
1995 2630 2089 2669 finis

1238 2702 1347 2744 4373
1382 2715 1441 2720 —
1471 2693 1752 2746 proprietates
1785 2702 1896 2742 443;
1930 2712 1989 2718 —-
2020 2690 2089 2729 de-

1236 2753 1369 2792 finitio
1403 2761 1502 2804 450.

1176 2813 1491 2852 Matrimonium
1534 2813 1582 2852 B.
1616 2812 1668 2852 V.
1715 2825 1808 2851 cum
1854 2810 1895 2850 S.
1932 2809 2087 2863 Ioseph

1237 2881 1336 2924 451·

1176 2934 1298 2984 Mayr
1329 2934 1381 2972 A.
1418 2942 1515 2980 204.

1177 2993 1352 3033 Medina
1383 2991 1572 3031 Barthol.
1608 3006 1629 3030 a
1665 3002 1762 3040 204.

1176 3053 1362 3091 Medium
1395 3051 1568 3090 rationis
1607 3051 1711 3099 126;
1748 3073 1804 3078 —-
1835 3049 1896 3089 rei
1935 3060 2029 3099 140.

1176 3112 1381 3152 Memoria
1418 3111 1511 3162 138.

1176 3172 1445 3211 Mendacium
1480 3179 1578 3220 297.

1176 3232 1378 3271 Mendive
1413 3241 1491 3281 321
1533 3231 1629 3282 548.

1175 3292 1400 3330 Mensurae
1434 3288 1598 3342 (duella
1629 3285 1906 3340 studentium)
1941 3287 2039 3339 316.

1177 3352 1341 3390 Merces
1373 3350 1554 3402 operarii
1585 3359 1684 3398 412.
