<?xml version="1.0" encoding="UTF-8"?>
<!DOCTYPE html PUBLIC "-//W3C//DTD XHTML 1.0 Transitional//EN"
    "http://www.w3.org/TR/xhtml1/DTD/xhtml1-transitional.dtd">
<html xmlns="http://www.w3.org/1999/xhtml" xml:lang="en" lang="en">
 <head>
  <title>
</title>
<meta http-equiv="Content-Type" content="text/html;charset=utf-8" />
  <meta name='ocr-system' content='tesseract 3.04.00' />
  <meta name='ocr-capabilities' content='ocr_page ocr_carea ocr_par ocr_line ocrx_word'/>
</head>
<body>
  <div class='ocr_page' id='page_1' title='image "./philosophiamoral00cath_0255.png"; bbox 0 0 2182 3682; ppageno 0'>
   <div class='ocr_carea' id='block_1_1' title="bbox 1838 209 1864 219">
    <p class='ocr_par' dir='ltr' id='par_1_1' title="bbox 1838 209 1864 219">
     <span class='ocr_line' id='line_1_1' title="bbox 1838 209 1864 219; baseline 0 0"><span class='ocrx_word' id='word_1_1' title='bbox 1838 209 1864 219; x_wconf 64' lang='lat' dir='ltr'>fl</span> 
     </span>
    </p>
   </div>
   <div class='ocr_carea' id='block_1_2' title="bbox 301 178 1935 234">
    <p class='ocr_par' dir='ltr' id='par_1_2' title="bbox 301 178 1935 234">
     <span class='ocr_line' id='line_1_2' title="bbox 301 178 1935 234; baseline 0.001 -26"><span class='ocrx_word' id='word_1_2' title='bbox 301 180 386 209; x_wconf 86' lang='lat' dir='ltr'><strong>LIB.</strong></span> <span class='ocrx_word' id='word_1_3' title='bbox 423 179 449 208; x_wconf 89' lang='grc' dir='ltr'>Ι.</span> <span class='ocrx_word' id='word_1_4' title='bbox 495 179 595 208; x_wconf 86' lang='lat' dir='ltr'><strong>CAP.</strong></span> <span class='ocrx_word' id='word_1_5' title='bbox 632 178 679 207; x_wconf 87' lang='lat'>11.</span> <span class='ocrx_word' id='word_1_6' title='bbox 726 178 788 206; x_wconf 91' lang='lat' dir='ltr'>DE</span> <span class='ocrx_word' id='word_1_7' title='bbox 822 178 1022 207; x_wconf 84' lang='lat' dir='ltr'>OFFICIIS</span> <span class='ocrx_word' id='word_1_8' title='bbox 1058 179 1259 209; x_wconf 77' lang='lat' dir='ltr'>HOMINIS</span> <span class='ocrx_word' id='word_1_9' title='bbox 1294 180 1418 208; x_wconf 84' lang='lat' dir='ltr'>ERGA</span> <span class='ocrx_word' id='word_1_10' title='bbox 1453 181 1504 209; x_wconf 92' lang='lat' dir='ltr'>SE</span> <span class='ocrx_word' id='word_1_11' title='bbox 1538 182 1692 211; x_wconf 88' lang='lat' dir='ltr'><strong>IPSUM.</strong></span> <span class='ocrx_word' id='word_1_12' title='bbox 1838 183 1935 234; x_wconf 70' lang='lat'>031</span> 
     </span>
    </p>
   </div>
   <div class='ocr_carea' id='block_1_3' title="bbox 49 313 1950 1344">
    <p class='ocr_par' dir='ltr' id='par_1_3' title="bbox 49 313 1950 1344">
     <span class='ocr_line' id='line_1_3' title="bbox 129 313 1943 379; baseline 0.001 -15"><span class='ocrx_word' id='word_1_13' title='bbox 129 313 327 364; x_wconf 67' lang='lat' dir='ltr'>Cot‘oll.</span> <span class='ocrx_word' id='word_1_14' title='bbox 372 329 420 364; x_wconf 79' lang='lat'>2.</span> <span class='ocrx_word' id='word_1_15' title='bbox 501 314 649 379; x_wconf 86' lang='lat' dir='ltr'>Ergo</span> <span class='ocrx_word' id='word_1_16' title='bbox 703 314 1059 374; x_wconf 76' lang='lat' dir='ltr'>austeritates,</span> <span class='ocrx_word' id='word_1_17' title='bbox 1117 331 1249 379; x_wconf 85' lang='lat' dir='ltr'>quas</span> <span class='ocrx_word' id='word_1_18' title='bbox 1303 316 1497 364; x_wconf 76' lang='lat' dir='ltr'>ascesis</span> <span class='ocrx_word' id='word_1_19' title='bbox 1549 316 1829 366; x_wconf 90' lang='lat' dir='ltr'>christiana</span> <span class='ocrx_word' id='word_1_20' title='bbox 1873 317 1943 366; x_wconf 89' lang='lat' dir='ltr'>ad</span> 
     </span>
     <span class='ocr_line' id='line_1_4' title="bbox 51 394 1942 461; baseline 0.001 -15"><span class='ocrx_word' id='word_1_21' title='bbox 51 395 264 446; x_wconf 89' lang='lat' dir='ltr'>vitanda</span> <span class='ocrx_word' id='word_1_22' title='bbox 315 396 521 461; x_wconf 91' lang='lat' dir='ltr'>peccati</span> <span class='ocrx_word' id='word_1_23' title='bbox 573 394 807 461; x_wconf 90' lang='lat' dir='ltr'>pericula</span> <span class='ocrx_word' id='word_1_24' title='bbox 847 402 901 444; x_wconf 91' lang='lat' dir='ltr'>et</span> <span class='ocrx_word' id='word_1_25' title='bbox 939 395 1156 444; x_wconf 88' lang='lat' dir='ltr'>virtutes</span> <span class='ocrx_word' id='word_1_26' title='bbox 1196 397 1543 461; x_wconf 88' lang='lat' dir='ltr'>acquirendas</span> <span class='ocrx_word' id='word_1_27' title='bbox 1584 398 1942 459; x_wconf 79' lang='lat' dir='ltr'>commendat,</span> 
     </span>
     <span class='ocr_line' id='line_1_5' title="bbox 52 468 1946 537; baseline 0.001 -10"><span class='ocrx_word' id='word_1_28' title='bbox 52 470 157 527; x_wconf 77' lang='lat' dir='ltr'>nOn</span> <span class='ocrx_word' id='word_1_29' title='bbox 197 468 370 526; x_wconf 79' lang='lat' dir='ltr'>Solum</span> <span class='ocrx_word' id='word_1_30' title='bbox 422 476 620 537; x_wconf 89' lang='lat' dir='ltr'>licitae,</span> <span class='ocrx_word' id='word_1_31' title='bbox 675 477 770 526; x_wconf 92' lang='lat' dir='ltr'>sed</span> <span class='ocrx_word' id='word_1_32' title='bbox 823 476 978 525; x_wconf 89' lang='lat' dir='ltr'>etiam</span> <span class='ocrx_word' id='word_1_33' title='bbox 1029 474 1322 526; x_wconf 87' lang='lat' dir='ltr'>laudabiles</span> <span class='ocrx_word' id='word_1_34' title='bbox 1361 486 1505 537; x_wconf 92' lang='lat' dir='ltr'>sunt,</span> <span class='ocrx_word' id='word_1_35' title='bbox 1561 480 1770 528; x_wconf 88' lang='lat' dir='ltr'>tametsi</span> <span class='ocrx_word' id='word_1_36' title='bbox 1812 479 1946 529; x_wconf 88' lang='lat' dir='ltr'>forte</span> 
     </span>
     <span class='ocr_line' id='line_1_6' title="bbox 50 556 1944 625; baseline 0.001 -17"><span class='ocrx_word' id='word_1_37' title='bbox 50 576 144 625; x_wconf 90' lang='lat' dir='ltr'>per</span> <span class='ocrx_word' id='word_1_38' title='bbox 183 575 271 608; x_wconf 90' lang='lat' dir='ltr'>eas</span> <span class='ocrx_word' id='word_1_39' title='bbox 322 559 559 624; x_wconf 91' lang='lat' dir='ltr'>corporis</span> <span class='ocrx_word' id='word_1_40' title='bbox 599 558 734 607; x_wconf 90' lang='lat' dir='ltr'>vires</span> <span class='ocrx_word' id='word_1_41' title='bbox 784 556 1116 623; x_wconf 87' lang='lat' dir='ltr'>aliquatenus</span> <span class='ocrx_word' id='word_1_42' title='bbox 1169 565 1461 608; x_wconf 84' lang='lat' dir='ltr'>atterantur</span> <span class='ocrx_word' id='word_1_43' title='bbox 1512 567 1603 608; x_wconf 92' lang='lat' dir='ltr'>aut</span> <span class='ocrx_word' id='word_1_44' title='bbox 1651 560 1809 609; x_wconf 87' lang='lat' dir='ltr'>etiam</span> <span class='ocrx_word' id='word_1_45' title='bbox 1861 561 1944 609; x_wconf 92' lang='lat' dir='ltr'>ali-</span> 
     </span>
     <span class='ocr_line' id='line_1_7' title="bbox 51 639 1946 706; baseline 0.001 -17"><span class='ocrx_word' id='word_1_46' title='bbox 51 648 309 706; x_wconf 89' lang='lat' dir='ltr'>quantum</span> <span class='ocrx_word' id='word_1_47' title='bbox 356 640 461 689; x_wconf 88' lang='lat' dir='ltr'>vita</span> <span class='ocrx_word' id='word_1_48' title='bbox 507 639 799 689; x_wconf 87' lang='lat' dir='ltr'>abbreviari</span> <span class='ocrx_word' id='word_1_49' title='bbox 851 640 1232 705; x_wconf 78' lang='lat' dir='ltr'>praevideatur.</span> <span class='ocrx_word' id='word_1_50' title='bbox 1314 640 1441 689; x_wconf 86' lang='lat' dir='ltr'>Vita</span> <span class='ocrx_word' id='word_1_51' title='bbox 1481 641 1619 690; x_wconf 88' lang='lat' dir='ltr'>enim</span> <span class='ocrx_word' id='word_1_52' title='bbox 1661 649 1712 690; x_wconf 92' lang='lat' dir='ltr'>et</span> <span class='ocrx_word' id='word_1_53' title='bbox 1752 643 1946 691; x_wconf 87' lang='lat' dir='ltr'>sanitas</span> 
     </span>
     <span class='ocr_line' id='line_1_8' title="bbox 52 720 1947 788; baseline 0.001 -18"><span class='ocrx_word' id='word_1_54' title='bbox 52 721 205 771; x_wconf 92' lang='lat' dir='ltr'>bonis</span> <span class='ocrx_word' id='word_1_55' title='bbox 255 722 452 771; x_wconf 76' lang='lat' dir='ltr'>ordinis</span> <span class='ocrx_word' id='word_1_56' title='bbox 502 720 782 787; x_wconf 89' lang='lat' dir='ltr'>spiritualis</span> <span class='ocrx_word' id='word_1_57' title='bbox 831 722 1240 787; x_wconf 84' lang='lat' dir='ltr'>postponendae</span> <span class='ocrx_word' id='word_1_58' title='bbox 1280 728 1415 771; x_wconf 89' lang='lat' dir='ltr'>sunt.</span> <span class='ocrx_word' id='word_1_59' title='bbox 1497 722 1669 772; x_wconf 90' lang='lat' dir='ltr'>Immo</span> <span class='ocrx_word' id='word_1_60' title='bbox 1722 732 1947 788; x_wconf 88' lang='lat' dir='ltr'>possunt</span> 
     </span>
     <span class='ocr_line' id='line_1_9' title="bbox 50 802 1947 854; baseline 0 -1"><span class='ocrx_word' id='word_1_61' title='bbox 50 802 150 853; x_wconf 91' lang='lat' dir='ltr'>hae</span> <span class='ocrx_word' id='word_1_62' title='bbox 215 803 546 852; x_wconf 87' lang='lat' dir='ltr'>austeritates</span> <span class='ocrx_word' id='word_1_63' title='bbox 610 803 874 852; x_wconf 89' lang='lat' dir='ltr'>interdum</span> <span class='ocrx_word' id='word_1_64' title='bbox 941 820 1056 852; x_wconf 87' lang='lat' dir='ltr'>esse</span> <span class='ocrx_word' id='word_1_65' title='bbox 1122 805 1448 853; x_wconf 89' lang='lat' dir='ltr'>necessariae</span> <span class='ocrx_word' id='word_1_66' title='bbox 1513 804 1580 853; x_wconf 91' lang='lat' dir='ltr'>ad</span> <span class='ocrx_word' id='word_1_67' title='bbox 1649 804 1947 854; x_wconf 91' lang='lat' dir='ltr'>domandas</span> 
     </span>
     <span class='ocr_line' id='line_1_10' title="bbox 51 884 1947 952; baseline 0.001 -18"><span class='ocrx_word' id='word_1_68' title='bbox 51 885 324 952; x_wconf 86' lang='lat' dir='ltr'>passiones</span> <span class='ocrx_word' id='word_1_69' title='bbox 364 885 702 935; x_wconf 89' lang='lat' dir='ltr'>inordinatas.</span> <span class='ocrx_word' id='word_1_70' title='bbox 786 884 997 950; x_wconf 75' lang='lat' dir='ltr'>Quodsi</span> <span class='ocrx_word' id='word_1_71' title='bbox 1039 885 1109 935; x_wconf 95' lang='lat' dir='ltr'>ob</span> <span class='ocrx_word' id='word_1_72' title='bbox 1152 884 1355 935; x_wconf 90' lang='lat' dir='ltr'>lucrum</span> <span class='ocrx_word' id='word_1_73' title='bbox 1403 885 1699 951; x_wconf 85' lang='lat' dir='ltr'>temporale</span> <span class='ocrx_word' id='word_1_74' title='bbox 1739 887 1947 936; x_wconf 90' lang='lat' dir='ltr'>nemine</span> 
     </span>
     <span class='ocr_line' id='line_1_11' title="bbox 52 966 1948 1032; baseline 0.001 -16"><span class='ocrx_word' id='word_1_75' title='bbox 52 967 450 1017; x_wconf 89' lang='lat' dir='ltr'>contradicente</span> <span class='ocrx_word' id='word_1_76' title='bbox 502 966 624 1016; x_wconf 90' lang='lat' dir='ltr'>licet</span> <span class='ocrx_word' id='word_1_77' title='bbox 676 967 788 1016; x_wconf 88' lang='lat' dir='ltr'>dies</span> <span class='ocrx_word' id='word_1_78' title='bbox 848 973 1140 1032; x_wconf 82' lang='lat' dir='ltr'>noctesque</span> <span class='ocrx_word' id='word_1_79' title='bbox 1196 967 1516 1032; x_wconf 83' lang='lat' dir='ltr'>gravissimis</span> <span class='ocrx_word' id='word_1_80' title='bbox 1571 966 1840 1017; x_wconf 88' lang='lat' dir='ltr'>laboribus</span> <span class='ocrx_word' id='word_1_81' title='bbox 1892 985 1948 1017; x_wconf 92' lang='lat' dir='ltr'>se</span> 
     </span>
     <span class='ocr_line' id='line_1_12' title="bbox 51 1047 1947 1115; baseline 0.001 -18"><span class='ocrx_word' id='word_1_82' title='bbox 51 1049 379 1114; x_wconf 88' lang='lat' dir='ltr'>mancipare,</span> <span class='ocrx_word' id='word_1_83' title='bbox 421 1050 472 1097; x_wconf 90' lang='lat' dir='ltr'>in</span> <span class='ocrx_word' id='word_1_84' title='bbox 516 1048 709 1098; x_wconf 85' lang='lat' dir='ltr'>fodinis</span> <span class='ocrx_word' id='word_1_85' title='bbox 749 1065 805 1098; x_wconf 93' lang='lat' dir='ltr'>se</span> <span class='ocrx_word' id='word_1_86' title='bbox 846 1047 960 1098; x_wconf 92' lang='lat' dir='ltr'>luce</span> <span class='ocrx_word' id='word_1_87' title='bbox 999 1048 1126 1098; x_wconf 90' lang='lat' dir='ltr'>solis</span> <span class='ocrx_word' id='word_1_88' title='bbox 1166 1049 1369 1114; x_wconf 86' lang='lat' dir='ltr'>privare</span> <span class='ocrx_word' id='word_1_89' title='bbox 1411 1058 1463 1098; x_wconf 91' lang='lat' dir='ltr'>et</span> <span class='ocrx_word' id='word_1_90' title='bbox 1504 1049 1780 1099; x_wconf 87' lang='lat' dir='ltr'>cotidianis</span> <span class='ocrx_word' id='word_1_91' title='bbox 1819 1051 1947 1115; x_wconf 90' lang='lat' dir='ltr'>peri-</span> 
     </span>
     <span class='ocr_line' id='line_1_13' title="bbox 50 1129 1950 1196; baseline 0.001 -17"><span class='ocrx_word' id='word_1_92' title='bbox 50 1129 177 1180; x_wconf 92' lang='lat' dir='ltr'>culis</span> <span class='ocrx_word' id='word_1_93' title='bbox 205 1147 261 1179; x_wconf 94' lang='lat' dir='ltr'>se</span> <span class='ocrx_word' id='word_1_94' title='bbox 290 1131 501 1180; x_wconf 91' lang='lat' dir='ltr'>obicere</span> <span class='ocrx_word' id='word_1_95' title='bbox 542 1131 699 1179; x_wconf 90' lang='lat' dir='ltr'>etiam</span> <span class='ocrx_word' id='word_1_96' title='bbox 743 1147 864 1180; x_wconf 91' lang='lat' dir='ltr'>cum</span> <span class='ocrx_word' id='word_1_97' title='bbox 907 1131 1235 1196; x_wconf 82' lang='lat' dir='ltr'>praevisione</span> <span class='ocrx_word' id='word_1_98' title='bbox 1264 1130 1511 1180; x_wconf 90' lang='lat' dir='ltr'>notabilis</span> <span class='ocrx_word' id='word_1_99' title='bbox 1538 1131 1950 1181; x_wconf 80' lang='lat' dir='ltr'>abbreviationis</span> 
     </span>
     <span class='ocr_line' id='line_1_14' title="bbox 49 1211 1948 1278; baseline 0.001 -17"><span class='ocrx_word' id='word_1_100' title='bbox 49 1213 202 1272; x_wconf 85' lang='lat' dir='ltr'>vitae,</span> <span class='ocrx_word' id='word_1_101' title='bbox 247 1212 429 1278; x_wconf 85' lang='lat' dir='ltr'>quidni</span> <span class='ocrx_word' id='word_1_102' title='bbox 469 1211 623 1262; x_wconf 90' lang='lat' dir='ltr'>liceat</span> <span class='ocrx_word' id='word_1_103' title='bbox 663 1229 856 1278; x_wconf 89' lang='lat' dir='ltr'>corpus</span> <span class='ocrx_word' id='word_1_104' title='bbox 897 1212 946 1261; x_wconf 89' lang='lat' dir='ltr'>in</span> <span class='ocrx_word' id='word_1_105' title='bbox 980 1213 1288 1262; x_wconf 87' lang='lat' dir='ltr'>servitutem</span> <span class='ocrx_word' id='word_1_106' title='bbox 1330 1213 1569 1277; x_wconf 80' lang='lat' dir='ltr'>redigere</span> <span class='ocrx_word' id='word_1_107' title='bbox 1598 1212 1664 1262; x_wconf 91' lang='lat' dir='ltr'>ad</span> <span class='ocrx_word' id='word_1_108' title='bbox 1695 1230 1948 1263; x_wconf 90' lang='lat' dir='ltr'>coronam</span> 
     </span>
     <span class='ocr_line' id='line_1_15' title="bbox 49 1293 961 1344; baseline 0.001 -1"><span class='ocrx_word' id='word_1_109' title='bbox 49 1293 539 1344; x_wconf 87' lang='lat' dir='ltr'>immarcescibilem</span> <span class='ocrx_word' id='word_1_110' title='bbox 582 1293 961 1344; x_wconf 84' lang='lat' dir='ltr'>obtinendam?</span> 
     </span>
    </p>
   </div>
   <div class='ocr_carea' id='block_1_4' title="bbox 48 1409 1953 2283">
    <p class='ocr_par' dir='ltr' id='par_1_4' title="bbox 48 1409 1953 2283">
     <span class='ocr_line' id='line_1_16' title="bbox 53 1409 1947 1473; baseline -0.001 -11"><span class='ocrx_word' id='word_1_111' title='bbox 53 1409 198 1463; x_wconf 88' lang='lat'><strong>288.</strong></span> <span class='ocrx_word' id='word_1_112' title='bbox 279 1410 454 1461; x_wconf 67' lang='lat' dir='ltr'>Sellol.</span> <span class='ocrx_word' id='word_1_113' title='bbox 518 1412 767 1461; x_wconf 78' lang='lat' dir='ltr'>Diximus</span> <span class='ocrx_word' id='word_1_114' title='bbox 824 1429 930 1461; x_wconf 91' lang='lat' dir='ltr'>non</span> <span class='ocrx_word' id='word_1_115' title='bbox 982 1411 1138 1462; x_wconf 88' lang='lat' dir='ltr'>licere</span> <span class='ocrx_word' id='word_1_116' title='bbox 1190 1412 1464 1461; x_wconf 87' lang='lat' dir='ltr'>intendere</span> <span class='ocrx_word' id='word_1_117' title='bbox 1513 1420 1739 1462; x_wconf 89' lang='lat' dir='ltr'>mortem</span> <span class='ocrx_word' id='word_1_118' title='bbox 1781 1412 1830 1461; x_wconf 90' lang='lat' dir='ltr'>in</span> <span class='ocrx_word' id='word_1_119' title='bbox 1874 1430 1947 1473; x_wconf 86' lang='lat' dir='ltr'>se,</span> 
     </span>
     <span class='ocr_line' id='line_1_17' title="bbox 48 1494 1948 1560; baseline 0.001 -17"><span class='ocrx_word' id='word_1_120' title='bbox 48 1510 209 1560; x_wconf 90' lang='lat' dir='ltr'>saepe</span> <span class='ocrx_word' id='word_1_121' title='bbox 250 1502 428 1543; x_wconf 88' lang='lat' dir='ltr'>tamen</span> <span class='ocrx_word' id='word_1_122' title='bbox 470 1494 669 1543; x_wconf 89' lang='lat' dir='ltr'>licitum</span> <span class='ocrx_word' id='word_1_123' title='bbox 712 1511 827 1543; x_wconf 88' lang='lat' dir='ltr'>esse</span> <span class='ocrx_word' id='word_1_124' title='bbox 868 1495 1134 1544; x_wconf 90' lang='lat' dir='ltr'>actionem</span> <span class='ocrx_word' id='word_1_125' title='bbox 1175 1512 1389 1560; x_wconf 88' lang='lat' dir='ltr'>ponere,</span> <span class='ocrx_word' id='word_1_126' title='bbox 1435 1511 1503 1543; x_wconf 81' lang='lat' dir='ltr'>ex</span> <span class='ocrx_word' id='word_1_127' title='bbox 1532 1512 1636 1560; x_wconf 83' lang='lat' dir='ltr'>qua</span> <span class='ocrx_word' id='word_1_128' title='bbox 1664 1512 1806 1544; x_wconf 94' lang='lat' dir='ltr'>mors</span> <span class='ocrx_word' id='word_1_129' title='bbox 1835 1512 1948 1560; x_wconf 86' lang='lat' dir='ltr'>pro-</span> 
     </span>
     <span class='ocr_line' id='line_1_18' title="bbox 49 1574 1947 1643; baseline 0.001 -18"><span class='ocrx_word' id='word_1_130' title='bbox 49 1574 293 1625; x_wconf 87' lang='lat' dir='ltr'>babiliter</span> <span class='ocrx_word' id='word_1_131' title='bbox 320 1575 402 1625; x_wconf 87' lang='lat' dir='ltr'>vel</span> <span class='ocrx_word' id='word_1_132' title='bbox 434 1577 592 1626; x_wconf 91' lang='lat' dir='ltr'>etiam</span> <span class='ocrx_word' id='word_1_133' title='bbox 622 1576 890 1626; x_wconf 89' lang='lat' dir='ltr'>moraliter</span> <span class='ocrx_word' id='word_1_134' title='bbox 913 1586 1058 1626; x_wconf 91' lang='lat' dir='ltr'>certo</span> <span class='ocrx_word' id='word_1_135' title='bbox 1081 1586 1290 1643; x_wconf 87' lang='lat' dir='ltr'>praeter</span> <span class='ocrx_word' id='word_1_136' title='bbox 1312 1577 1659 1626; x_wconf 91' lang='lat' dir='ltr'>intentionem</span> <span class='ocrx_word' id='word_1_137' title='bbox 1680 1585 1947 1643; x_wconf 86' lang='lat' dir='ltr'>sequatur.</span> 
     </span>
     <span class='ocr_line' id='line_1_19' title="bbox 49 1656 1952 1724; baseline 0.002 -18"><span class='ocrx_word' id='word_1_138' title='bbox 49 1656 141 1707; x_wconf 89' lang='lat' dir='ltr'>Ad</span> <span class='ocrx_word' id='word_1_139' title='bbox 184 1658 598 1719; x_wconf 88' lang='lat' dir='ltr'>diiudicandum,</span> <span class='ocrx_word' id='word_1_140' title='bbox 643 1659 987 1724; x_wconf 84' lang='lat' dir='ltr'>quandonam</span> <span class='ocrx_word' id='word_1_141' title='bbox 1027 1658 1144 1708; x_wconf 90' lang='lat' dir='ltr'>talis</span> <span class='ocrx_word' id='word_1_142' title='bbox 1173 1659 1310 1708; x_wconf 91' lang='lat' dir='ltr'>actio</span> <span class='ocrx_word' id='word_1_143' title='bbox 1339 1659 1405 1707; x_wconf 90' lang='lat' dir='ltr'>sit</span> <span class='ocrx_word' id='word_1_144' title='bbox 1433 1658 1586 1719; x_wconf 87' lang='lat' dir='ltr'>licita,</span> <span class='ocrx_word' id='word_1_145' title='bbox 1631 1675 1756 1724; x_wconf 89' lang='lat' dir='ltr'>prae</span> <span class='ocrx_word' id='word_1_146' title='bbox 1785 1658 1952 1709; x_wconf 88' lang='lat' dir='ltr'>oculis</span> 
     </span>
     <span class='ocr_line' id='line_1_20' title="bbox 49 1739 1952 1807; baseline 0.001 -19"><span class='ocrx_word' id='word_1_147' title='bbox 49 1739 298 1789; x_wconf 88' lang='lat' dir='ltr'>habenda</span> <span class='ocrx_word' id='word_1_148' title='bbox 324 1749 461 1802; x_wconf 89' lang='lat' dir='ltr'>sunt,</span> <span class='ocrx_word' id='word_1_149' title='bbox 494 1757 631 1806; x_wconf 87' lang='lat' dir='ltr'>quae</span> <span class='ocrx_word' id='word_1_150' title='bbox 661 1741 890 1790; x_wconf 74' lang='lat' dir='ltr'>diximus</span> <span class='ocrx_word' id='word_1_151' title='bbox 913 1742 981 1805; x_wconf 68' lang='lat' dir='ltr'>(n.</span> <span class='ocrx_word' id='word_1_152' title='bbox 1011 1742 1098 1804; x_wconf 71' lang='lat'>34)</span> <span class='ocrx_word' id='word_1_153' title='bbox 1130 1741 1197 1790; x_wconf 94' lang='lat' dir='ltr'>de</span> <span class='ocrx_word' id='word_1_154' title='bbox 1227 1740 1453 1790; x_wconf 87' lang='lat' dir='ltr'>liceitate</span> <span class='ocrx_word' id='word_1_155' title='bbox 1482 1741 1717 1800; x_wconf 89' lang='lat' dir='ltr'>actionis,</span> <span class='ocrx_word' id='word_1_156' title='bbox 1750 1759 1819 1790; x_wconf 78' lang='lat' dir='ltr'>ex</span> <span class='ocrx_word' id='word_1_157' title='bbox 1848 1759 1952 1807; x_wconf 85' lang='lat' dir='ltr'>qua</span> 
     </span>
     <span class='ocr_line' id='line_1_21' title="bbox 50 1821 1950 1888; baseline 0.001 -18"><span class='ocrx_word' id='word_1_158' title='bbox 50 1821 156 1871; x_wconf 89' lang='lat' dir='ltr'>duo</span> <span class='ocrx_word' id='word_1_159' title='bbox 198 1821 443 1872; x_wconf 84' lang='lat' dir='ltr'>effectus:</span> <span class='ocrx_word' id='word_1_160' title='bbox 487 1839 619 1871; x_wconf 92' lang='lat' dir='ltr'>unus</span> <span class='ocrx_word' id='word_1_161' title='bbox 661 1821 842 1883; x_wconf 89' lang='lat' dir='ltr'>malus,</span> <span class='ocrx_word' id='word_1_162' title='bbox 887 1822 1017 1872; x_wconf 89' lang='lat' dir='ltr'>alter</span> <span class='ocrx_word' id='word_1_163' title='bbox 1059 1823 1244 1882; x_wconf 90' lang='lat' dir='ltr'>bonus,</span> <span class='ocrx_word' id='word_1_164' title='bbox 1288 1831 1594 1888; x_wconf 86' lang='lat' dir='ltr'>sequuntur.</span> <span class='ocrx_word' id='word_1_165' title='bbox 1647 1823 1765 1872; x_wconf 90' lang='lat' dir='ltr'>Hac</span> <span class='ocrx_word' id='word_1_166' title='bbox 1792 1824 1950 1873; x_wconf 89' lang='lat' dir='ltr'>anim-</span> 
     </span>
     <span class='ocr_line' id='line_1_22' title="bbox 49 1904 1952 1970; baseline 0.001 -17"><span class='ocrx_word' id='word_1_167' title='bbox 49 1904 362 1954; x_wconf 89' lang='lat' dir='ltr'>adversione</span> <span class='ocrx_word' id='word_1_168' title='bbox 403 1905 691 1970; x_wconf 89' lang='lat' dir='ltr'>praemissa</span> <span class='ocrx_word' id='word_1_169' title='bbox 731 1904 882 1954; x_wconf 89' lang='lat' dir='ltr'>facile</span> <span class='ocrx_word' id='word_1_170' title='bbox 923 1904 1098 1954; x_wconf 86' lang='lat' dir='ltr'>solves</span> <span class='ocrx_word' id='word_1_171' title='bbox 1134 1904 1233 1954; x_wconf 90' lang='lat' dir='ltr'>hos</span> <span class='ocrx_word' id='word_1_172' title='bbox 1262 1921 1440 1954; x_wconf 90' lang='lat' dir='ltr'>casus:</span> <span class='ocrx_word' id='word_1_173' title='bbox 1494 1919 1532 1954; x_wconf 87' lang='grc' dir='ltr'>Ι.</span> <span class='ocrx_word' id='word_1_174' title='bbox 1566 1904 1788 1955; x_wconf 89' lang='lat' dir='ltr'>Licetne</span> <span class='ocrx_word' id='word_1_175' title='bbox 1829 1904 1952 1954; x_wconf 90' lang='lat' dir='ltr'>mili-</span> 
     </span>
     <span class='ocr_line' id='line_1_23' title="bbox 49 1986 1953 2053; baseline 0.002 -19"><span class='ocrx_word' id='word_1_176' title='bbox 49 1986 189 2035; x_wconf 90' lang='lat' dir='ltr'>tibus</span> <span class='ocrx_word' id='word_1_177' title='bbox 244 2003 392 2036; x_wconf 90' lang='lat' dir='ltr'>suam</span> <span class='ocrx_word' id='word_1_178' title='bbox 445 2004 632 2037; x_wconf 88' lang='lat' dir='ltr'>necem</span> <span class='ocrx_word' id='word_1_179' title='bbox 683 1987 1114 2053; x_wconf 85' lang='lat' dir='ltr'>praevidentibus</span> <span class='ocrx_word' id='word_1_180' title='bbox 1164 2004 1221 2036; x_wconf 93' lang='lat' dir='ltr'>se</span> <span class='ocrx_word' id='word_1_181' title='bbox 1274 1987 1546 2048; x_wconf 91' lang='lat' dir='ltr'>occidere,</span> <span class='ocrx_word' id='word_1_182' title='bbox 1605 2004 1671 2036; x_wconf 95' lang='lat' dir='ltr'>ne</span> <span class='ocrx_word' id='word_1_183' title='bbox 1722 1996 1953 2052; x_wconf 78' lang='lat' dir='ltr'>augeant</span> 
     </span>
     <span class='ocr_line' id='line_1_24' title="bbox 50 2067 1952 2135; baseline 0.002 -19"><span class='ocrx_word' id='word_1_184' title='bbox 50 2067 281 2117; x_wconf 88' lang='lat' dir='ltr'>hostium</span> <span class='ocrx_word' id='word_1_185' title='bbox 322 2068 489 2118; x_wconf 83' lang='lat' dir='ltr'>vires?</span> <span class='ocrx_word' id='word_1_186' title='bbox 544 2083 590 2120; x_wconf 85' lang='lat'>2.</span> <span class='ocrx_word' id='word_1_187' title='bbox 635 2069 856 2119; x_wconf 91' lang='lat' dir='ltr'>Licetne</span> <span class='ocrx_word' id='word_1_188' title='bbox 897 2087 953 2119; x_wconf 88' lang='lat' dir='ltr'>se</span> <span class='ocrx_word' id='word_1_189' title='bbox 995 2087 1061 2119; x_wconf 78' lang='lat' dir='ltr'>ex</span> <span class='ocrx_word' id='word_1_190' title='bbox 1103 2069 1222 2118; x_wconf 84' lang='lat' dir='ltr'>navi</span> <span class='ocrx_word' id='word_1_191' title='bbox 1264 2068 1519 2133; x_wconf 84' lang='lat' dir='ltr'>flagrante</span> <span class='ocrx_word' id='word_1_192' title='bbox 1561 2069 1610 2118; x_wconf 93' lang='lat' dir='ltr'>in</span> <span class='ocrx_word' id='word_1_193' title='bbox 1652 2086 1795 2119; x_wconf 89' lang='lat' dir='ltr'>mare</span> <span class='ocrx_word' id='word_1_194' title='bbox 1837 2087 1952 2135; x_wconf 92' lang='lat' dir='ltr'>pro-</span> 
     </span>
     <span class='ocr_line' id='line_1_25' title="bbox 48 2149 1952 2217; baseline 0.002 -19"><span class='ocrx_word' id='word_1_195' title='bbox 48 2149 184 2199; x_wconf 88' lang='lat' dir='ltr'>icere</span> <span class='ocrx_word' id='word_1_196' title='bbox 224 2150 293 2200; x_wconf 90' lang='lat' dir='ltr'>ad</span> <span class='ocrx_word' id='word_1_197' title='bbox 323 2151 627 2201; x_wconf 85' lang='lat' dir='ltr'>evitandam</span> <span class='ocrx_word' id='word_1_198' title='bbox 656 2160 881 2201; x_wconf 83' lang='lat' dir='ltr'>mortem</span> <span class='ocrx_word' id='word_1_199' title='bbox 917 2152 1311 2202; x_wconf 90' lang='lat' dir='ltr'>acerbissimam</span> <span class='ocrx_word' id='word_1_200' title='bbox 1352 2168 1446 2217; x_wconf 90' lang='lat' dir='ltr'>per</span> <span class='ocrx_word' id='word_1_201' title='bbox 1483 2149 1690 2216; x_wconf 84' lang='lat' dir='ltr'>ignem?</span> <span class='ocrx_word' id='word_1_202' title='bbox 1745 2165 1791 2215; x_wconf 79' lang='lat'>3.</span> <span class='ocrx_word' id='word_1_203' title='bbox 1835 2152 1952 2201; x_wconf 89' lang='lat' dir='ltr'>Pot-</span> 
     </span>
     <span class='ocr_line' id='line_1_26' title="bbox 48 2231 1951 2283; baseline 0.001 -2"><span class='ocrx_word' id='word_1_204' title='bbox 48 2240 198 2281; x_wconf 87' lang='lat' dir='ltr'>estne</span> <span class='ocrx_word' id='word_1_205' title='bbox 226 2231 376 2282; x_wconf 90' lang='lat' dir='ltr'>miles</span> <span class='ocrx_word' id='word_1_206' title='bbox 404 2233 455 2282; x_wconf 90' lang='lat' dir='ltr'>in</span> <span class='ocrx_word' id='word_1_207' title='bbox 483 2232 627 2283; x_wconf 92' lang='lat' dir='ltr'>bello</span> <span class='ocrx_word' id='word_1_208' title='bbox 655 2233 836 2283; x_wconf 90' lang='lat' dir='ltr'>turrim</span> <span class='ocrx_word' id='word_1_209' title='bbox 867 2232 948 2283; x_wconf 87' lang='lat' dir='ltr'>vel</span> <span class='ocrx_word' id='word_1_210' title='bbox 979 2250 1166 2283; x_wconf 89' lang='lat' dir='ltr'>navem</span> <span class='ocrx_word' id='word_1_211' title='bbox 1196 2233 1491 2283; x_wconf 88' lang='lat' dir='ltr'>accendere</span> <span class='ocrx_word' id='word_1_212' title='bbox 1521 2250 1642 2283; x_wconf 88' lang='lat' dir='ltr'>cum</span> <span class='ocrx_word' id='word_1_213' title='bbox 1673 2242 1816 2283; x_wconf 87' lang='lat' dir='ltr'>certa</span> <span class='ocrx_word' id='word_1_214' title='bbox 1854 2234 1951 2283; x_wconf 89' lang='lat' dir='ltr'>iac-</span> 
     </span>
    </p>
   </div>
   <div class='ocr_carea' id='block_1_5' title="bbox 48 2314 1954 2382">
    <p class='ocr_par' dir='ltr' id='par_1_5' title="bbox 48 2314 1954 2382">
     <span class='ocr_line' id='line_1_27' title="bbox 48 2314 1954 2382; baseline 0.001 -19"><span class='ocrx_word' id='word_1_215' title='bbox 48 2322 163 2364; x_wconf 91' lang='lat' dir='ltr'>tura</span> <span class='ocrx_word' id='word_1_216' title='bbox 183 2315 320 2364; x_wconf 86' lang='lat' dir='ltr'>vitae</span> <span class='ocrx_word' id='word_1_217' title='bbox 348 2316 609 2381; x_wconf 86' lang='lat' dir='ltr'>propriae,</span> <span class='ocrx_word' id='word_1_218' title='bbox 641 2317 682 2365; x_wconf 93' lang='lat' dir='ltr'>si</span> <span class='ocrx_word' id='word_1_219' title='bbox 712 2333 805 2382; x_wconf 91' lang='lat' dir='ltr'>per</span> <span class='ocrx_word' id='word_1_220' title='bbox 834 2316 937 2366; x_wconf 93' lang='lat' dir='ltr'>hoc</span> <span class='ocrx_word' id='word_1_221' title='bbox 967 2332 1128 2381; x_wconf 86' lang='lat' dir='ltr'>grave</span> <span class='ocrx_word' id='word_1_222' title='bbox 1152 2316 1409 2365; x_wconf 91' lang='lat' dir='ltr'>damnum</span> <span class='ocrx_word' id='word_1_223' title='bbox 1438 2315 1683 2365; x_wconf 87' lang='lat' dir='ltr'>hostibus</span> <span class='ocrx_word' id='word_1_224' title='bbox 1710 2314 1954 2365; x_wconf 85' lang='lat' dir='ltr'>infertur?</span> 
     </span>
    </p>
   </div>
   <div class='ocr_carea' id='block_1_6' title="bbox 362 2463 1637 2602">
    <p class='ocr_par' dir='ltr' id='par_1_6' title="bbox 362 2463 1637 2602">
     <span class='ocr_line' id='line_1_28' title="bbox 778 2463 1214 2503; baseline 0 -1"><span class='ocrx_word' id='word_1_225' title='bbox 778 2463 1106 2503; x_wconf 72' lang='lat' dir='ltr'>ARTICULUS</span> <span class='ocrx_word' id='word_1_226' title='bbox 1140 2464 1214 2502; x_wconf 88' lang='grc' dir='ltr'><strong>ΙΙΙ.</strong></span> 
     </span>
     <span class='ocr_line' id='line_1_29' title="bbox 362 2553 1637 2602; baseline 0.002 -3"><span class='ocrx_word' id='word_1_227' title='bbox 362 2555 454 2599; x_wconf 88' lang='lat' dir='ltr'>DE</span> <span class='ocrx_word' id='word_1_228' title='bbox 494 2553 779 2601; x_wconf 80' lang='lat' dir='ltr'>OFFICHS</span> <span class='ocrx_word' id='word_1_229' title='bbox 819 2554 1029 2601; x_wconf 78' lang='lat' dir='ltr'><strong>CIRCA</strong></span> <span class='ocrx_word' id='word_1_230' title='bbox 1066 2555 1253 2602; x_wconf 73' lang='lat' dir='ltr'>BONA</span> <span class='ocrx_word' id='word_1_231' title='bbox 1292 2555 1637 2602; x_wconf 73' lang='lat' dir='ltr'><strong>EXTERNA.</strong></span> 
     </span>
    </p>
   </div>
   <div class='ocr_carea' id='block_1_7' title="bbox 812 2671 1182 2720">
    <p class='ocr_par' dir='ltr' id='par_1_7' title="bbox 812 2671 1182 2720">
     <span class='ocr_line' id='line_1_30' title="bbox 812 2671 1182 2720; baseline 0 -1"><span class='ocrx_word' id='word_1_232' title='bbox 812 2671 1080 2720; x_wconf 89' lang='lat' dir='ltr'>THESIS</span> <span class='ocrx_word' id='word_1_233' title='bbox 1119 2673 1182 2719; x_wconf 90' lang='lat' dir='ltr'>L.</span> 
     </span>
    </p>
   </div>
   <div class='ocr_carea' id='block_1_8' title="bbox 47 2757 1953 3128">
    <p class='ocr_par' dir='ltr' id='par_1_8' title="bbox 47 2757 1953 3128">
     <span class='ocr_line' id='line_1_31' title="bbox 51 2757 1952 2830; baseline 0.001 -15"><span class='ocrx_word' id='word_1_234' title='bbox 51 2757 196 2822; x_wconf 86' lang='lat'>289·</span> <span class='ocrx_word' id='word_1_235' title='bbox 280 2769 441 2816; x_wconf 88' lang='lat' dir='ltr'>Bona</span> <span class='ocrx_word' id='word_1_236' title='bbox 467 2775 694 2816; x_wconf 85' lang='lat' dir='ltr'>externa</span> <span class='ocrx_word' id='word_1_237' title='bbox 717 2768 773 2815; x_wconf 89' lang='lat' dir='ltr'>in</span> <span class='ocrx_word' id='word_1_238' title='bbox 799 2775 1022 2815; x_wconf 88' lang='lat' dir='ltr'>tantum</span> <span class='ocrx_word' id='word_1_239' title='bbox 1049 2783 1355 2829; x_wconf 87' lang='lat' dir='ltr'>procurare</span> <span class='ocrx_word' id='word_1_240' title='bbox 1380 2775 1660 2825; x_wconf 88' lang='lat' dir='ltr'>tenemur,</span> <span class='ocrx_word' id='word_1_241' title='bbox 1698 2769 1753 2815; x_wconf 91' lang='lat' dir='ltr'>in</span> <span class='ocrx_word' id='word_1_242' title='bbox 1781 2784 1952 2830; x_wconf 88' lang='lat' dir='ltr'>quan-</span> 
     </span>
     <span class='ocr_line' id='line_1_32' title="bbox 47 2842 1952 2904; baseline 0.002 -16"><span class='ocrx_word' id='word_1_243' title='bbox 47 2848 171 2889; x_wconf 89' lang='lat' dir='ltr'>tum</span> <span class='ocrx_word' id='word_1_244' title='bbox 220 2844 289 2889; x_wconf 91' lang='lat' dir='ltr'>ad</span> <span class='ocrx_word' id='word_1_245' title='bbox 337 2842 627 2903; x_wconf 91' lang='lat' dir='ltr'>implenda</span> <span class='ocrx_word' id='word_1_246' title='bbox 674 2843 856 2891; x_wconf 85' lang='lat' dir='ltr'>officia</span> <span class='ocrx_word' id='word_1_247' title='bbox 905 2842 1067 2890; x_wconf 90' lang='lat' dir='ltr'>nobis</span> <span class='ocrx_word' id='word_1_248' title='bbox 1118 2843 1438 2891; x_wconf 90' lang='lat' dir='ltr'>necessaria</span> <span class='ocrx_word' id='word_1_249' title='bbox 1489 2850 1649 2899; x_wconf 90' lang='lat' dir='ltr'>sunt;</span> <span class='ocrx_word' id='word_1_250' title='bbox 1704 2844 1952 2904; x_wconf 88' lang='lat' dir='ltr'>seposito</span> 
     </span>
     <span class='ocr_line' id='line_1_33' title="bbox 47 2917 1951 2979; baseline 0.001 -16"><span class='ocrx_word' id='word_1_251' title='bbox 47 2931 181 2965; x_wconf 91' lang='lat' dir='ltr'>vero</span> <span class='ocrx_word' id='word_1_252' title='bbox 218 2919 327 2965; x_wconf 92' lang='lat' dir='ltr'>hoc</span> <span class='ocrx_word' id='word_1_253' title='bbox 364 2924 626 2978; x_wconf 87' lang='lat' dir='ltr'>respectu</span> <span class='ocrx_word' id='word_1_254' title='bbox 665 2918 734 2964; x_wconf 90' lang='lat' dir='ltr'>ad</span> <span class='ocrx_word' id='word_1_255' title='bbox 771 2917 1029 2965; x_wconf 89' lang='lat' dir='ltr'>ordinem</span> <span class='ocrx_word' id='word_1_256' title='bbox 1069 2918 1346 2965; x_wconf 86' lang='lat' dir='ltr'>moralem</span> <span class='ocrx_word' id='word_1_257' title='bbox 1395 2918 1776 2979; x_wconf 87' lang='lat' dir='ltr'>temporalem</span> <span class='ocrx_word' id='word_1_258' title='bbox 1825 2932 1951 2978; x_wconf 90' lang='lat' dir='ltr'>pro-</span> 
     </span>
     <span class='ocr_line' id='line_1_34' title="bbox 47 2991 1953 3054; baseline 0.001 -17"><span class='ocrx_word' id='word_1_259' title='bbox 47 2991 374 3052; x_wconf 88' lang='lat' dir='ltr'>speritatem</span> <span class='ocrx_word' id='word_1_260' title='bbox 401 3006 670 3053; x_wconf 87' lang='lat' dir='ltr'>quaerere</span> <span class='ocrx_word' id='word_1_261' title='bbox 697 3006 810 3040; x_wconf 92' lang='lat' dir='ltr'>non</span> <span class='ocrx_word' id='word_1_262' title='bbox 835 2998 1118 3048; x_wconf 87' lang='lat' dir='ltr'>tenemur,</span> <span class='ocrx_word' id='word_1_263' title='bbox 1157 2991 1338 3040; x_wconf 91' lang='lat' dir='ltr'>immo</span> <span class='ocrx_word' id='word_1_264' title='bbox 1365 2992 1678 3054; x_wconf 86' lang='lat' dir='ltr'>generatim</span> <span class='ocrx_word' id='word_1_265' title='bbox 1710 2991 1953 3039; x_wconf 88' lang='lat' dir='ltr'>nobilius</span> 
     </span>
     <span class='ocr_line' id='line_1_35' title="bbox 50 3067 646 3128; baseline 0.002 -16"><span class='ocrx_word' id='word_1_266' title='bbox 50 3071 135 3112; x_wconf 87' lang='lat' dir='ltr'>est</span> <span class='ocrx_word' id='word_1_267' title='bbox 170 3080 297 3113; x_wconf 91' lang='lat' dir='ltr'>earn</span> <span class='ocrx_word' id='word_1_268' title='bbox 336 3067 646 3128; x_wconf 86' lang='lat' dir='ltr'>neglegere.</span> 
     </span>
    </p>
   </div>
   <div class='ocr_carea' id='block_1_9' title="bbox 537 3160 1464 3216">
    <p class='ocr_par' dir='ltr' id='par_1_9' title="bbox 537 3160 1464 3216">
     <span class='ocr_line' id='line_1_36' title="bbox 537 3160 1464 3216; baseline 0.001 -15"><span class='ocrx_word' id='word_1_269' title='bbox 537 3160 715 3216; x_wconf 69' lang='lat' dir='ltr'>(Meyer,</span> <span class='ocrx_word' id='word_1_270' title='bbox 748 3163 927 3203; x_wconf 80' lang='lat' dir='ltr'>Institut.</span> <span class='ocrx_word' id='word_1_271' title='bbox 962 3164 1059 3203; x_wconf 87' lang='lat' dir='ltr'>iuris</span> <span class='ocrx_word' id='word_1_272' title='bbox 1092 3171 1174 3203; x_wconf 85' lang='lat' dir='ltr'>nat.</span> <span class='ocrx_word' id='word_1_273' title='bbox 1208 3165 1261 3213; x_wconf 81' lang='grc' dir='ltr'>ΙΙ,</span> <span class='ocrx_word' id='word_1_274' title='bbox 1296 3177 1335 3204; x_wconf 89' lang='lat' dir='ltr'>n.</span> <span class='ocrx_word' id='word_1_275' title='bbox 1371 3162 1464 3215; x_wconf 82' lang='lat'>46.)</span> 
     </span>
    </p>
   </div>
   <div class='ocr_carea' id='block_1_10' title="bbox 47 3253 1951 3410">
    <p class='ocr_par' dir='ltr' id='par_1_10' title="bbox 47 3253 1951 3410">
     <span class='ocr_line' id='line_1_37' title="bbox 123 3253 1951 3330; baseline 0 -24"><span class='ocrx_word' id='word_1_276' title='bbox 123 3253 212 3307; x_wconf 80' lang='lat' dir='ltr'>St.</span> <span class='ocrx_word' id='word_1_277' title='bbox 268 3255 344 3324; x_wconf 85' lang='lat' dir='ltr'>Q.</span> <span class='ocrx_word' id='word_1_278' title='bbox 424 3259 656 3308; x_wconf 88' lang='lat' dir='ltr'>Nomine</span> <span class='ocrx_word' id='word_1_279' title='bbox 713 3258 978 3309; x_wconf 89' lang='lat' dir='ltr'>bonorum</span> <span class='ocrx_word' id='word_1_280' title='bbox 1033 3267 1376 3330; x_wconf 81' lang='lat' dir='ltr'>externorum</span> <span class='ocrx_word' id='word_1_281' title='bbox 1433 3257 1789 3323; x_wconf 89' lang='lat' dir='ltr'>intellegimus</span> <span class='ocrx_word' id='word_1_282' title='bbox 1844 3275 1951 3307; x_wconf 92' lang='lat' dir='ltr'>non</span> 
     </span>
     <span class='ocr_line' id='line_1_38' title="bbox 47 3334 1949 3410; baseline 0.002 -24"><span class='ocrx_word' id='word_1_283' title='bbox 47 3336 221 3407; x_wconf 91' lang='lat' dir='ltr'>solum</span> <span class='ocrx_word' id='word_1_284' title='bbox 261 3339 483 3400; x_wconf 85' lang='lat' dir='ltr'>divitias,</span> <span class='ocrx_word' id='word_1_285' title='bbox 525 3340 622 3389; x_wconf 93' lang='lat' dir='ltr'>sed</span> <span class='ocrx_word' id='word_1_286' title='bbox 651 3340 810 3390; x_wconf 90' lang='lat' dir='ltr'>etiam</span> <span class='ocrx_word' id='word_1_287' title='bbox 843 3340 1104 3410; x_wconf 73' lang='lat' dir='ltr'>bonorem</span> <span class='ocrx_word' id='word_1_288' title='bbox 1145 3349 1198 3390; x_wconf 94' lang='lat' dir='ltr'>et</span> <span class='ocrx_word' id='word_1_289' title='bbox 1239 3334 1539 3390; x_wconf 89' lang='lat' dir='ltr'>libertatem</span> <span class='ocrx_word' id='word_1_290' title='bbox 1580 3347 1856 3388; x_wconf 82' lang='lat' dir='ltr'>externam</span> <span class='ocrx_word' id='word_1_291' title='bbox 1896 3347 1949 3389; x_wconf 91' lang='lat' dir='ltr'>et</span> 
     </span>
    </p>
   </div>
  </div>
 </body>
</html>
