2182 3682
800 174 986 203 TABULA
1019 172 1250 202 THESEON.

156 314 370 353 LXXVII.
414 312 637 351 Vinculum
682 311 919 360 iuridicum,
966 325 1048 363 quo
1092 310 1269 349 societas
1313 310 1444 349 civilis
1489 311 1769 358 constituitur,

81 382 177 421 oriri
209 381 351 433 nequit
381 393 432 418 ex
463 386 587 432 pacto
619 387 665 418 ut
697 392 820 418 causa
851 378 1041 430 proxima
1073 391 1147 430 per
1181 391 1224 416 se
1257 377 1457 416 efficienti
1497 410 1503 416 .

154 447 389 487 LXXVIII.
434 447 637 486 Doctrina
659 451 845 485 veterum
868 445 921 483 de
943 441 1108 497 origine
1139 445 1314 484 civitatis
1347 451 1388 483 et
1421 446 1636 496 potestatis
1669 446 1774 496 poli-

80 516 184 555 ticae
226 514 448 568 plurimum
482 512 618 552 differt
663 513 714 551 ab
748 525 816 561 ea,
851 526 975 564 quam
1007 512 1226 550 Rousseau
1270 511 1421 563 aliique
1454 512 1506 550 de
1539 512 1685 550 eadem
1732 524 1775 549 re

78 589 320 634 proponunt
562 612 569 618 .
696 611 703 618 .

152 648 347 687 LXXIX.
391 648 591 687 Veterum
624 647 814 686 doctrina
847 647 899 685 de
943 646 1102 698 origine
1135 645 1314 685 civitatis
1358 659 1434 698 per
1475 653 1642 698 pactum
1686 644 1775 683 uni-

78 715 228 755 versim
262 723 303 755 et
333 728 410 768 pro
442 714 556 754 omni
579 728 676 754 casu
698 727 796 753 vera
829 727 920 752 esse
954 727 1037 752 non
1061 713 1242 761 videtur3
1278 713 1377 752 hinc
1410 713 1533 752 etiam
1567 712 1774 751 immerito

78 782 304 821 affirmatur
335 789 586 835 potestatem
616 781 829 834 politicam
859 781 1093 820 necessario
1116 787 1158 819 et
1185 780 1340 832 ubique
1372 780 1561 833 primitus
1592 779 1774 818 residere

77 863 208 902 penes
240 856 372 888 totum
403 849 619 901 populum,
654 849 710 888 ita
732 856 776 888 ut
798 862 1021 901 numquam
1044 848 1176 900 possit
1198 847 1251 886 ab
1275 847 1413 900 aliquo
1442 847 1634 899 principe
1667 847 1774 886 iuste

77 916 335 955 haberi‘nisi
365 916 487 955 titulo
519 916 801 955 translationis
834 928 910 968 per
942 928 1193 954 consensum
1225 914 1372 966 populi

147 984 322 1023 LXXX.
360 983 667 1023 Determinatio
691 983 913 1035 originaria
935 983 1108 1022 subiecti
1131 982 1349 1034 potestatis
1373 981 1502 1020 civilis
1526 981 1614 1020 fieri
1635 988 1774 1034 potest

76 1051 196 1090 variis
229 1051 385 1100 causis,
420 1064 526 1103 quae
558 1051 678 1090 alicui
710 1063 915 1102 personae
949 1050 990 1088 in
1026 1050 1231 1089 concretis
1266 1048 1584 1088 circumstantiis
1617 1056 1775 1087 tantam

76 1118 275 1158 moralem
306 1117 734 1170 praeponderantiam
767 1126 808 1156 et
831 1117 1118 1156 auctoritatem
1142 1116 1373 1165 conferant,
1405 1123 1448 1154 ut
1478 1116 1568 1168 ipsa
1600 1116 1690 1155 sola
1723 1116 1776 1154 ad

76 1187 303 1238 regendam
336 1185 577 1225 societatem
600 1186 753 1224 idonea
775 1184 846 1232 sit;
880 1184 987 1223 inter
1015 1184 1090 1222 has
1115 1191 1251 1223 autem
1276 1197 1420 1222 causas
1452 1183 1682 1236 praecipua
1713 1190 1776 1222 est

77 1253 258 1306 dignitas
290 1252 593 1305 patriarchalis,
628 1253 852 1292 coniuncta
885 1265 976 1291 cum
1011 1251 1194 1291 dominio
1228 1251 1450 1290 fundorum
1499 1282 1506 1289 .

150 1320 348 1361 LXXXI.
403 1320 589 1359 Civitatis
630 1319 722 1358 finis
762 1333 847 1358 non
889 1326 951 1358 est
984 1319 1074 1358 sola
1107 1319 1295 1358 custodia
1327 1318 1486 1358 ordinis
1527 1318 1687 1357 iuridici
1721 1318 1774 1355 ad

76 1386 340 1426 efficiendam
373 1388 574 1427 libertatis
606 1387 865 1426 harmoniam
898 1387 1122 1426 necessarii

148 1455 367 1494 LXXXII.
422 1455 537 1494 Finis
561 1454 736 1493 civitatis
766 1468 851 1493 non
883 1461 944 1492 est
965 1454 1123 1493 bonum
1151 1453 1365 1505 publicum
1390 1453 1700 1492 consideratum
1730 1461 1774 1492 ut

75 1520 168 1560 finis
201 1521 242 1559 in
277 1535 321 1560 se
559 1553 566 1560 .

148 1588 390 1628 LXXXIII.
444 1588 555 1627 Finis
588 1588 764 1627 civitatis
805 1595 867 1626 est
905 1588 1161 1639 prosperitas
1202 1587 1373 1639 publica
1412 1587 1498 1626 sive
1532 1587 1773 1639 complexus

75 1656 368 1695 condicionum
399 1655 709 1708 requisitarum,
753 1662 796 1693 ut
827 1655 986 1703 omnia,
1029 1662 1228 1706 quantum
1261 1654 1347 1694 fieri
1387 1662 1544 1706 potest,
1588 1654 1774 1693 membra

76 1723 274 1775 organica
310 1723 523 1762 societatis
556 1723 836 1762 omnimodam
869 1722 1111 1761 felicitatem
1145 1722 1418 1773 temporalem
1451 1729 1491 1760 et
1523 1721 1594 1759 fini
1628 1722 1773 1760 ultimo

74 1790 387 1830 subordinatam
411 1791 566 1830 directe
597 1804 671 1842 per
693 1803 736 1829 se
760 1790 957 1842 consequi
979 1789 1158 1828 valeant.
1184 1811 1241 1815 ——
1263 1790 1375 1828 Inter
1405 1789 1479 1827 has
1510 1797 1648 1828 autem
1673 1803 1768 1828 con-

72 1857 261 1897 diciones
292 1857 535 1910 primarium
567 1857 704 1896 locum
728 1862 909 1910 occupat
940 1856 1079 1895 fruitio
1103 1856 1261 1895 ordinis
1293 1856 1472 1905 iuridici,
1504 1856 1669 1908 qualem
1703 1870 1768 1894 na-

71 1925 212 1964 turalis
230 1925 438 1964 societatis
455 1931 661 1964 structura
677 1924 880 1977 postulat3
906 1946 961 1951 —
980 1923 1269 1963 secundarium
1293 1936 1391 1962 vero
1415 1922 1627 1962 sufficiens
1647 1923 1768 1976 copia

70 1991 278 2031 bonorum
295 1991 422 2031 animi
440 1999 481 2031 et
499 1992 696 2044 corporis,
722 1992 873 2044 quibus
897 1992 949 2030 ad
966 1991 1223 2045 praedictam
1241 1990 1481 2030 felicitatem
1504 1990 1768 2030 efficiendam

69 2072 175 2111 opus
215 2067 297 2108 est,
331 2072 521 2112 quaeque
562 2059 771 2098 activitate
810 2059 972 2111 privata
1005 2058 1262 2098 sufficienter
1294 2058 1443 2110 attingi
1476 2071 1560 2097 non
1593 2066 1769 2110 possunt

143 2127 382 2165 LXXXIV.
436 2126 729 2179 Emancipatio
762 2126 933 2178 politica
965 2126 1212 2165 feminarum
1245 2125 1505 2164 admittenda
1539 2139 1623 2165 non
1658 2133 1719 2164 est
1759 2157 1766 2164 .

143 2193 360 2234 LXXXV.
414 2194 549 2233 Etiam
582 2193 760 2233 societas
794 2193 928 2233 civilis
961 2207 1043 2246 qua
1076 2193 1168 2232 talis
1203 2200 1367 2232 tenetur
1399 2194 1452 2231 ad
1486 2193 1640 2232 cultum
1675 2194 1770 2232 Deo

70 2260 353 2300 exhibendum
420 2292 426 2299 .
688 2293 695 2300 .

143 2328 382 2368 LXXXVI.
436 2328 669 2368 Reicienda
700 2335 763 2367 est
795 2328 1037 2367 omnimoda
1070 2329 1280 2382 separatio
1314 2328 1422 2367 inter
1455 2327 1687 2367 Ecclesiam
1729 2334 1770 2366 et

70 2394 278 2435 civitatem

142 2469 402 2509 LXXXVII.
456 2470 505 2508 In
549 2470 674 2509 rebus
718 2483 830 2509 mere
873 2470 1064 2509 civilibus
1105 2470 1246 2509 civitas
1286 2477 1348 2509 est
1391 2470 1444 2508 ab
1479 2469 1669 2509 Ecclesia
1713 2470 1769 2508 in-

70 2535 336 2588 dependens;
380 2537 568 2576 similiter
605 2537 795 2577 Ecclesia
839 2544 902 2576 est
945 2537 1239 2590 independens
1284 2552 1308 2576 a
1350 2537 1515 2576 civitate
1556 2537 1598 2575 in
1642 2536 1768 2576 rebus

69 2604 295 2643 moralibus
329 2611 369 2643 et
400 2603 620 2656 religiosis.
656 2604 808 2644 Earum
830 2619 929 2645 vero
952 2618 1102 2653 rerum,
1134 2619 1240 2657 quae
1270 2605 1346 2644 sub
1371 2604 1538 2643 diverso
1570 2611 1766 2657 respectu

68 2671 124 2709 ad
154 2672 290 2710 forum
322 2678 408 2710 turn
431 2671 755 2711 ecclesiasticum
785 2680 871 2711 tum
895 2673 1014 2712 civile
1037 2672 1262 2725 pertinent,
1298 2680 1338 2711 et
1370 2673 1411 2710 in
1445 2672 1595 2725 quibus
1627 2680 1768 2711 mutua

68 2738 348 2778 conventione
382 2739 609 2778 concordia
641 2753 726 2778 non
750 2739 982 2789 obtinetur,
1026 2753 1264 2793 supremum
1308 2739 1506 2779 iudicium
1542 2746 1606 2779 est
1638 2753 1768 2792 penes

69 2804 302 2844 Ecclesiam
552 2838 560 2846 .
686 2839 693 2845 .

142 2879 425 2919 LXXXVIII.
480 2881 550 2919 Ius
583 2881 741 2920 directe
774 2889 815 2920 et
855 2881 1094 2921 immediate
1128 2881 1302 2920 curandi
1336 2881 1630 2920 educationem
1670 2880 1769 2919 libe-

68 2959 210 2985 rorum
241 2946 283 2984 in
316 2947 464 2986 ordine
497 2961 610 2987 mere
643 2949 822 2987 naturali
854 2962 930 3001 per
961 2963 1005 2989 se
1038 2949 1091 2987 ad
1124 2949 1237 2988 solos
1268 2954 1464 3001 parentes
1496 2949 1680 3000 pertinet

142 3019 384 3061 LXXXIX.
427 3022 723 3074 Monopolium
746 3023 861 3076 quod
883 3032 1035 3063 vocant
1065 3023 1315 3071 scholarum,
1339 3023 1380 3061 vi
1406 3022 1522 3062 cuius
1545 3022 1768 3062 auctoritas

67 3086 236 3139 publica
268 3088 401 3127 civilis
433 3088 511 3127 sibi
542 3089 667 3130 unice
700 3090 764 3130 ius
795 3097 980 3130 reservat
1012 3090 1177 3130 scholas
1210 3089 1445 3143 aperiendi,
1486 3090 1562 3129 iuri
1594 3089 1768 3128 naturali

68 3163 276 3206 repugnat

141 3228 231 3268 XC.
274 3230 314 3267 A
353 3230 514 3269 fortiori
545 3231 759 3283 publicum
792 3232 1030 3272 scholarum
1061 3232 1349 3284 monopolium
1382 3232 1466 3284 legi
1500 3231 1674 3270 naturali
1706 3243 1766 3268 re-

65 3302 239 3347 pugnat,
263 3295 296 3334 si
318 3303 512 3348 parentes
534 3298 705 3350 insuper
725 3298 892 3351 legibus
915 3299 1239 3351 adstringantur,
1266 3306 1309 3338 ut
1330 3299 1489 3338 liberos
1511 3311 1587 3350 per
1609 3303 1765 3336 certum

67 3368 230 3413 tempus
261 3362 302 3400 in
336 3364 548 3414 publicam
580 3365 846 3418 disciplinam
879 3367 1045 3405 tradant
1085 3397 1091 3404 .
1614 3366 1618 3370 ⁷

1892 2057 1974 2108 387

1893 2135 1975 2176 397

1891 2269 1976 2310 407

1892 2405 1975 2445 413

1891 2818 1975 2856 414

1890 2958 1975 2996 420

1887 3167 1974 3206 424

1885 3366 1970 3414 426
