<?xml version="1.0" encoding="UTF-8"?>
<!DOCTYPE html PUBLIC "-//W3C//DTD XHTML 1.0 Transitional//EN"
    "http://www.w3.org/TR/xhtml1/DTD/xhtml1-transitional.dtd">
<html xmlns="http://www.w3.org/1999/xhtml" xml:lang="en" lang="en">
 <head>
  <title>
</title>
<meta http-equiv="Content-Type" content="text/html;charset=utf-8" />
  <meta name='ocr-system' content='tesseract 3.04.00' />
  <meta name='ocr-capabilities' content='ocr_page ocr_carea ocr_par ocr_line ocrx_word'/>
</head>
<body>
  <div class='ocr_page' id='page_1' title='image "./philosophiamoral00cath_0448.png"; bbox 0 0 2182 3682; ppageno 0'>
   <div class='ocr_carea' id='block_1_1' title="bbox 204 160 1695 216">
    <p class='ocr_par' dir='ltr' id='par_1_1' title="bbox 204 160 1695 216">
     <span class='ocr_line' id='line_1_1' title="bbox 204 160 1695 216; baseline -0.001 -25"><span class='ocrx_word' id='word_1_1' title='bbox 204 166 313 216; x_wconf 76' lang='lat'>424</span> <span class='ocrx_word' id='word_1_2' title='bbox 603 161 717 190; x_wconf 87' lang='lat' dir='ltr'>PARS</span> <span class='ocrx_word' id='word_1_3' title='bbox 752 162 801 191; x_wconf 89' lang='grc' dir='ltr'>ΙΙ.</span> <span class='ocrx_word' id='word_1_4' title='bbox 853 161 1167 190; x_wconf 88' lang='lat' dir='ltr'>PHILOSOPHIA</span> <span class='ocrx_word' id='word_1_5' title='bbox 1202 160 1410 189; x_wconf 85' lang='lat' dir='ltr'>MORALIS</span> <span class='ocrx_word' id='word_1_6' title='bbox 1446 160 1695 190; x_wconf 84' lang='lat' dir='ltr'>SPECIALIS.</span> 
     </span>
    </p>
   </div>
   <div class='ocr_carea' id='block_1_2' title="bbox 201 295 2175 692">
    <p class='ocr_par' dir='ltr' id='par_1_2' title="bbox 201 295 2175 692">
     <span class='ocr_line' id='line_1_2' title="bbox 203 295 2116 362; baseline -0.001 -14"><span class='ocrx_word' id='word_1_7' title='bbox 203 315 410 348; x_wconf 92' lang='lat' dir='ltr'>currere</span> <span class='ocrx_word' id='word_1_8' title='bbox 450 307 503 348; x_wconf 93' lang='lat' dir='ltr'>et</span> <span class='ocrx_word' id='word_1_9' title='bbox 555 316 623 348; x_wconf 79' lang='lat' dir='ltr'>ex</span> <span class='ocrx_word' id='word_1_10' title='bbox 665 297 1039 348; x_wconf 91' lang='lat' dir='ltr'>communibus</span> <span class='ocrx_word' id='word_1_11' title='bbox 1091 296 1278 345; x_wconf 88' lang='lat' dir='ltr'>mediis</span> <span class='ocrx_word' id='word_1_12' title='bbox 1318 295 1531 346; x_wconf 88' lang='lat' dir='ltr'>scholas</span> <span class='ocrx_word' id='word_1_13' title='bbox 1572 296 1802 362; x_wconf 89' lang='lat' dir='ltr'>erigere,</span> <span class='ocrx_word' id='word_1_14' title='bbox 1854 305 2116 362; x_wconf 88' lang='lat' dir='ltr'>quantum</span> 
     </span>
     <span class='ocr_line' id='line_1_3' title="bbox 203 378 2114 447; baseline -0.001 -17"><span class='ocrx_word' id='word_1_15' title='bbox 203 380 402 447; x_wconf 83' lang='lat' dir='ltr'>publici</span> <span class='ocrx_word' id='word_1_16' title='bbox 454 389 747 447; x_wconf 88' lang='lat' dir='ltr'>proventus</span> <span class='ocrx_word' id='word_1_17' title='bbox 799 380 1116 447; x_wconf 88' lang='lat' dir='ltr'>permittunt</span> <span class='ocrx_word' id='word_1_18' title='bbox 1156 386 1209 428; x_wconf 92' lang='lat' dir='ltr'>et</span> <span class='ocrx_word' id='word_1_19' title='bbox 1248 378 1318 428; x_wconf 89' lang='lat' dir='ltr'>ad</span> <span class='ocrx_word' id='word_1_20' title='bbox 1366 378 1570 428; x_wconf 90' lang='lat' dir='ltr'>bonum</span> <span class='ocrx_word' id='word_1_21' title='bbox 1612 395 1898 428; x_wconf 86' lang='lat' dir='ltr'>commune</span> <span class='ocrx_word' id='word_1_22' title='bbox 1938 396 2114 429; x_wconf 91' lang='lat' dir='ltr'>neces-</span> 
     </span>
     <span class='ocr_line' id='line_1_4' title="bbox 201 460 2112 528; baseline -0.001 -15"><span class='ocrx_word' id='word_1_23' title='bbox 201 464 396 513; x_wconf 90' lang='lat' dir='ltr'>sarium</span> <span class='ocrx_word' id='word_1_24' title='bbox 425 472 519 513; x_wconf 92' lang='lat' dir='ltr'>est.</span> <span class='ocrx_word' id='word_1_25' title='bbox 577 463 700 513; x_wconf 91' lang='lat' dir='ltr'>Hoc</span> <span class='ocrx_word' id='word_1_26' title='bbox 728 463 967 528; x_wconf 88' lang='lat' dir='ltr'>sequitur</span> <span class='ocrx_word' id='word_1_27' title='bbox 988 479 1057 511; x_wconf 77' lang='lat' dir='ltr'>ex</span> <span class='ocrx_word' id='word_1_28' title='bbox 1085 460 1189 510; x_wconf 88' lang='lat' dir='ltr'>fine</span> <span class='ocrx_word' id='word_1_29' title='bbox 1212 468 1266 510; x_wconf 90' lang='lat' dir='ltr'>et</span> <span class='ocrx_word' id='word_1_30' title='bbox 1294 460 1471 511; x_wconf 87' lang='lat' dir='ltr'>officio</span> <span class='ocrx_word' id='word_1_31' title='bbox 1495 461 1823 511; x_wconf 78' lang='lat' dir='ltr'>auctoritatis</span> <span class='ocrx_word' id='word_1_32' title='bbox 1851 461 2112 527; x_wconf 91' lang='lat' dir='ltr'>publicae,</span> 
     </span>
     <span class='ocr_line' id='line_1_5' title="bbox 203 543 2175 612; baseline -0.001 -16"><span class='ocrx_word' id='word_1_33' title='bbox 203 546 287 596; x_wconf 90' lang='lat' dir='ltr'>cui</span> <span class='ocrx_word' id='word_1_34' title='bbox 326 545 587 596; x_wconf 87' lang='lat' dir='ltr'>incumbit</span> <span class='ocrx_word' id='word_1_35' title='bbox 628 546 886 612; x_wconf 83' lang='lat' dir='ltr'>privatam</span> <span class='ocrx_word' id='word_1_36' title='bbox 929 544 1281 604; x_wconf 86' lang='lat' dir='ltr'>activitatem,</span> <span class='ocrx_word' id='word_1_37' title='bbox 1338 543 1429 592; x_wconf 89' lang='lat' dir='ltr'>ubi</span> <span class='ocrx_word' id='word_1_38' title='bbox 1468 543 1573 593; x_wconf 92' lang='lat' dir='ltr'>hoc</span> <span class='ocrx_word' id='word_1_39' title='bbox 1613 544 1682 593; x_wconf 86' lang='lat' dir='ltr'>ad</span> <span class='ocrx_word' id='word_1_40' title='bbox 1731 543 1932 593; x_wconf 91' lang='lat' dir='ltr'>bonum</span> <span class='ocrx_word' id='word_1_41' title='bbox 1976 561 2116 594; x_wconf 90' lang='lat' dir='ltr'>com·</span> <span class='ocrx_word' id='word_1_42' title='bbox 2171 594 2175 595; x_wconf 18' lang='lat'><em>⁷</em></span> 
     </span>
     <span class='ocr_line' id='line_1_6' title="bbox 203 625 1907 692; baseline -0.001 -14"><span class='ocrx_word' id='word_1_43' title='bbox 203 645 361 678; x_wconf 90' lang='lat' dir='ltr'>mune</span> <span class='ocrx_word' id='word_1_44' title='bbox 402 628 758 678; x_wconf 87' lang='lat' dir='ltr'>necessarium</span> <span class='ocrx_word' id='word_1_45' title='bbox 799 627 1056 687; x_wconf 86' lang='lat' dir='ltr'>videatur,</span> <span class='ocrx_word' id='word_1_46' title='bbox 1100 626 1279 676; x_wconf 84' lang='lat' dir='ltr'>iuvare</span> <span class='ocrx_word' id='word_1_47' title='bbox 1319 625 1403 675; x_wconf 87' lang='lat' dir='ltr'>vel</span> <span class='ocrx_word' id='word_1_48' title='bbox 1445 626 1603 675; x_wconf 89' lang='lat' dir='ltr'>etiam</span> <span class='ocrx_word' id='word_1_49' title='bbox 1643 625 1907 692; x_wconf 88' lang='lat' dir='ltr'>supplere.</span> 
     </span>
    </p>
   </div>
   <div class='ocr_carea' id='block_1_3' title="bbox 853 790 1465 840">
    <p class='ocr_par' dir='ltr' id='par_1_3' title="bbox 853 790 1465 840">
     <span class='ocr_line' id='line_1_7' title="bbox 853 790 1465 840; baseline -0.002 -1"><span class='ocrx_word' id='word_1_50' title='bbox 853 790 1122 840; x_wconf 89' lang='lat' dir='ltr'>THESIS</span> <span class='ocrx_word' id='word_1_51' title='bbox 1161 792 1465 839; x_wconf 90' lang='lat' dir='ltr'>LXXXIX.</span> 
     </span>
    </p>
   </div>
   <div class='ocr_carea' id='block_1_4' title="bbox 198 895 2112 1115">
    <p class='ocr_par' dir='ltr' id='par_1_4' title="bbox 198 895 2112 1115">
     <span class='ocr_line' id='line_1_8' title="bbox 203 895 2112 965; baseline -0.001 -13"><span class='ocrx_word' id='word_1_52' title='bbox 203 906 283 961; x_wconf 91' lang='lat'>57</span> <span class='ocrx_word' id='word_1_53' title='bbox 294 895 350 946; x_wconf 83' lang='lat'>8·</span> <span class='ocrx_word' id='word_1_54' title='bbox 433 903 830 964; x_wconf 90' lang='lat' dir='ltr'>Monopolium</span> <span class='ocrx_word' id='word_1_55' title='bbox 870 906 1021 965; x_wconf 91' lang='lat' dir='ltr'>quod</span> <span class='ocrx_word' id='word_1_56' title='bbox 1057 910 1263 951; x_wconf 88' lang='lat' dir='ltr'>vocant</span> <span class='ocrx_word' id='word_1_57' title='bbox 1299 904 1656 961; x_wconf 89' lang='lat' dir='ltr'>scholarum,</span> <span class='ocrx_word' id='word_1_58' title='bbox 1693 904 1748 951; x_wconf 90' lang='lat' dir='ltr'>vi</span> <span class='ocrx_word' id='word_1_59' title='bbox 1786 902 1948 952; x_wconf 87' lang='lat' dir='ltr'>cuius</span> <span class='ocrx_word' id='word_1_60' title='bbox 1984 917 2112 950; x_wconf 89' lang='lat' dir='ltr'>auc-</span> 
     </span>
     <span class='ocr_line' id='line_1_9' title="bbox 198 978 2112 1040; baseline 0 -14"><span class='ocrx_word' id='word_1_61' title='bbox 198 980 394 1028; x_wconf 87' lang='lat' dir='ltr'>toritas</span> <span class='ocrx_word' id='word_1_62' title='bbox 430 978 657 1040; x_wconf 89' lang='lat' dir='ltr'>publica</span> <span class='ocrx_word' id='word_1_63' title='bbox 695 978 870 1026; x_wconf 89' lang='lat' dir='ltr'>civilis</span> <span class='ocrx_word' id='word_1_64' title='bbox 906 979 1011 1026; x_wconf 90' lang='lat' dir='ltr'>sibi</span> <span class='ocrx_word' id='word_1_65' title='bbox 1061 979 1225 1026; x_wconf 92' lang='lat' dir='ltr'>unice</span> <span class='ocrx_word' id='word_1_66' title='bbox 1274 978 1362 1026; x_wconf 93' lang='lat' dir='ltr'>ius</span> <span class='ocrx_word' id='word_1_67' title='bbox 1410 986 1662 1027; x_wconf 88' lang='lat' dir='ltr'>reservat</span> <span class='ocrx_word' id='word_1_68' title='bbox 1708 979 1935 1027; x_wconf 89' lang='lat' dir='ltr'>scholas</span> <span class='ocrx_word' id='word_1_69' title='bbox 1983 993 2112 1039; x_wconf 88' lang='lat' dir='ltr'>ape-</span> 
     </span>
     <span class='ocr_line' id='line_1_10' title="bbox 200 1054 1142 1115; baseline -0.002 -12"><span class='ocrx_word' id='word_1_70' title='bbox 200 1055 393 1112; x_wconf 89' lang='lat' dir='ltr'>riendi,</span> <span class='ocrx_word' id='word_1_71' title='bbox 431 1054 537 1101; x_wconf 89' lang='lat' dir='ltr'>iuri</span> <span class='ocrx_word' id='word_1_72' title='bbox 575 1054 813 1101; x_wconf 87' lang='lat' dir='ltr'>naturali</span> <span class='ocrx_word' id='word_1_73' title='bbox 851 1061 1142 1115; x_wconf 82' lang='lat' dir='ltr'>repugnat.</span> 
     </span>
    </p>
   </div>
   <div class='ocr_carea' id='block_1_5' title="bbox 198 1164 2113 1286">
    <p class='ocr_par' dir='ltr' id='par_1_5' title="bbox 198 1164 2113 1286">
     <span class='ocr_line' id='line_1_11' title="bbox 200 1164 2111 1217; baseline -0.001 -12"><span class='ocrx_word' id='word_1_74' title='bbox 200 1164 288 1217; x_wconf 86' lang='lat' dir='ltr'><strong>(Cf.</strong></span> <span class='ocrx_word' id='word_1_75' title='bbox 321 1168 367 1206; x_wconf 79' lang='lat' dir='ltr'>de</span> <span class='ocrx_word' id='word_1_76' title='bbox 398 1167 728 1213; x_wconf 70' lang='lat' dir='ltr'>Hammerstein,</span> <span class='ocrx_word' id='word_1_77' title='bbox 774 1166 840 1204; x_wconf 87' lang='lat' dir='ltr'>De</span> <span class='ocrx_word' id='word_1_78' title='bbox 875 1164 1066 1205; x_wconf 82' lang='lat' dir='ltr'>Ecclesia</span> <span class='ocrx_word' id='word_1_79' title='bbox 1100 1172 1139 1204; x_wconf 86' lang='lat' dir='ltr'>et</span> <span class='ocrx_word' id='word_1_80' title='bbox 1174 1164 1291 1204; x_wconf 81' lang='lat' dir='ltr'>Statu</span> <span class='ocrx_word' id='word_1_81' title='bbox 1325 1165 1494 1204; x_wconf 87' lang='lat' dir='ltr'>iuridice</span> <span class='ocrx_word' id='word_1_82' title='bbox 1535 1165 1806 1205; x_wconf 81' lang='lat' dir='ltr'>consideratis</span> <span class='ocrx_word' id='word_1_83' title='bbox 1845 1165 1950 1213; x_wconf 83' lang='lat'>1813</span> <span class='ocrx_word' id='word_1_84' title='bbox 1996 1165 2111 1212; x_wconf 79' lang='lat' dir='ltr'>idem,</span> 
     </span>
     <span class='ocr_line' id='line_1_12' title="bbox 198 1229 2113 1286; baseline -0.001 -13"><span class='ocrx_word' id='word_1_85' title='bbox 198 1235 286 1273; x_wconf 85' lang='lat' dir='ltr'>Das</span> <span class='ocrx_word' id='word_1_86' title='bbox 320 1234 664 1286; x_wconf 87' lang='lat' dir='ltr'>Schulmonopol.</span> <span class='ocrx_word' id='word_1_87' title='bbox 729 1234 915 1284; x_wconf 73' lang='lat' dir='ltr'>Janselz,</span> <span class='ocrx_word' id='word_1_88' title='bbox 962 1233 1028 1272; x_wconf 90' lang='lat' dir='ltr'>De</span> <span class='ocrx_word' id='word_1_89' title='bbox 1061 1233 1258 1272; x_wconf 79' lang='lat' dir='ltr'>facultate</span> <span class='ocrx_word' id='word_1_90' title='bbox 1294 1233 1487 1272; x_wconf 85' lang='lat' dir='ltr'>docendi.</span> <span class='ocrx_word' id='word_1_91' title='bbox 1544 1233 1784 1285; x_wconf 84' lang='lat' dir='ltr'>Moralphil.</span> <span class='ocrx_word' id='word_1_92' title='bbox 1820 1233 1860 1271; x_wconf 94' lang='grc' dir='ltr'>]Ι</span> <span class='ocrx_word' id='word_1_93' title='bbox 1896 1233 1978 1285; x_wconf 86' lang='grc'>569</span> <span class='ocrx_word' id='word_1_94' title='bbox 2002 1229 2113 1284; x_wconf 85' lang='lat' dir='ltr'>sqq.)</span> 
     </span>
    </p>
   </div>
   <div class='ocr_carea' id='block_1_6' title="bbox 194 1342 2112 2070">
    <p class='ocr_par' dir='ltr' id='par_1_6' title="bbox 194 1342 2112 2070">
     <span class='ocr_line' id='line_1_13' title="bbox 275 1342 2112 1410; baseline -0.001 -17"><span class='ocrx_word' id='word_1_95' title='bbox 275 1346 439 1393; x_wconf 89' lang='lat' dir='ltr'>Prob.</span> <span class='ocrx_word' id='word_1_96' title='bbox 493 1360 533 1393; x_wconf 86' lang='lat'>1.</span> <span class='ocrx_word' id='word_1_97' title='bbox 623 1343 741 1393; x_wconf 91' lang='lat' dir='ltr'>Tali</span> <span class='ocrx_word' id='word_1_98' title='bbox 794 1343 1109 1410; x_wconf 85' lang='lat' dir='ltr'>monopolio</span> <span class='ocrx_word' id='word_1_99' title='bbox 1167 1343 1394 1393; x_wconf 69' lang='lat' dir='ltr'>violatur</span> <span class='ocrx_word' id='word_1_100' title='bbox 1448 1342 1664 1392; x_wconf 87' lang='lat' dir='ltr'>libertas</span> <span class='ocrx_word' id='word_1_101' title='bbox 1723 1351 2005 1409; x_wconf 89' lang='lat' dir='ltr'>parentum</span> <span class='ocrx_word' id='word_1_102' title='bbox 2060 1343 2112 1392; x_wconf 90' lang='lat' dir='ltr'>in</span> 
     </span>
     <span class='ocr_line' id='line_1_14' title="bbox 197 1424 2110 1492; baseline -0.002 -14"><span class='ocrx_word' id='word_1_103' title='bbox 197 1428 515 1478; x_wconf 82' lang='lat' dir='ltr'>educatione</span> <span class='ocrx_word' id='word_1_104' title='bbox 566 1426 869 1477; x_wconf 82' lang='lat' dir='ltr'>liberorum.</span> <span class='ocrx_word' id='word_1_105' title='bbox 952 1426 1034 1475; x_wconf 89' lang='lat' dir='ltr'>Eo</span> <span class='ocrx_word' id='word_1_106' title='bbox 1087 1426 1205 1492; x_wconf 87' lang='lat' dir='ltr'>ipso</span> <span class='ocrx_word' id='word_1_107' title='bbox 1248 1427 1415 1487; x_wconf 88' lang='lat' dir='ltr'>enim,</span> <span class='ocrx_word' id='word_1_108' title='bbox 1471 1426 1620 1492; x_wconf 90' lang='lat' dir='ltr'>quod</span> <span class='ocrx_word' id='word_1_109' title='bbox 1668 1424 1983 1492; x_wconf 88' lang='lat' dir='ltr'>plerumque</span> <span class='ocrx_word' id='word_1_110' title='bbox 2024 1442 2110 1490; x_wconf 89' lang='lat' dir='ltr'>pa-</span> 
     </span>
     <span class='ocr_line' id='line_1_15' title="bbox 197 1506 2111 1575; baseline -0.002 -15"><span class='ocrx_word' id='word_1_111' title='bbox 197 1519 372 1560; x_wconf 91' lang='lat' dir='ltr'>rentes</span> <span class='ocrx_word' id='word_1_112' title='bbox 435 1511 503 1560; x_wconf 88' lang='lat' dir='ltr'>ad</span> <span class='ocrx_word' id='word_1_113' title='bbox 568 1509 951 1575; x_wconf 85' lang='lat' dir='ltr'>complendam</span> <span class='ocrx_word' id='word_1_114' title='bbox 1019 1509 1395 1559; x_wconf 82' lang='lat' dir='ltr'>educationem</span> <span class='ocrx_word' id='word_1_115' title='bbox 1464 1509 1849 1558; x_wconf 81' lang='lat' dir='ltr'>necessitantur</span> <span class='ocrx_word' id='word_1_116' title='bbox 1914 1506 2111 1557; x_wconf 91' lang='lat' dir='ltr'>liberos</span> 
     </span>
     <span class='ocr_line' id='line_1_16' title="bbox 195 1590 2110 1653; baseline -0.002 -10"><span class='ocrx_word' id='word_1_117' title='bbox 195 1593 350 1643; x_wconf 92' lang='lat' dir='ltr'>alicui</span> <span class='ocrx_word' id='word_1_118' title='bbox 389 1592 606 1643; x_wconf 90' lang='lat' dir='ltr'>scholae</span> <span class='ocrx_word' id='word_1_119' title='bbox 648 1593 1009 1653; x_wconf 86' lang='lat' dir='ltr'>committere,</span> <span class='ocrx_word' id='word_1_120' title='bbox 1067 1592 1354 1641; x_wconf 84' lang='lat' dir='ltr'>auctoritas</span> <span class='ocrx_word' id='word_1_121' title='bbox 1397 1590 1560 1641; x_wconf 85' lang='lat' dir='ltr'>civilis</span> <span class='ocrx_word' id='word_1_122' title='bbox 1609 1591 1708 1640; x_wconf 89' lang='lat' dir='ltr'>sibi</span> <span class='ocrx_word' id='word_1_123' title='bbox 1756 1590 1910 1640; x_wconf 92' lang='lat' dir='ltr'>unice</span> <span class='ocrx_word' id='word_1_124' title='bbox 1951 1607 2110 1639; x_wconf 88' lang='lat' dir='ltr'>reser-</span> 
     </span>
     <span class='ocr_line' id='line_1_17' title="bbox 194 1672 2110 1742; baseline -0.003 -16"><span class='ocrx_word' id='word_1_125' title='bbox 194 1693 325 1727; x_wconf 87' lang='lat' dir='ltr'>vans</span> <span class='ocrx_word' id='word_1_126' title='bbox 364 1677 445 1725; x_wconf 92' lang='lat' dir='ltr'>ius</span> <span class='ocrx_word' id='word_1_127' title='bbox 484 1676 759 1742; x_wconf 86' lang='lat' dir='ltr'>aperiendi</span> <span class='ocrx_word' id='word_1_128' title='bbox 799 1674 1038 1735; x_wconf 79' lang='lat' dir='ltr'>scholaS,</span> <span class='ocrx_word' id='word_1_129' title='bbox 1083 1675 1394 1741; x_wconf 86' lang='lat' dir='ltr'>parentibus</span> <span class='ocrx_word' id='word_1_130' title='bbox 1435 1674 1735 1724; x_wconf 87' lang='lat' dir='ltr'>libertatem</span> <span class='ocrx_word' id='word_1_131' title='bbox 1777 1672 2110 1723; x_wconf 90' lang='lat' dir='ltr'>educationis</span> 
     </span>
     <span class='ocr_line' id='line_1_18' title="bbox 196 1754 2111 1825; baseline -0.003 -16"><span class='ocrx_word' id='word_1_132' title='bbox 196 1776 392 1825; x_wconf 90' lang='lat' dir='ltr'>magna</span> <span class='ocrx_word' id='word_1_133' title='bbox 433 1776 501 1808; x_wconf 76' lang='lat' dir='ltr'>ex</span> <span class='ocrx_word' id='word_1_134' title='bbox 543 1767 693 1824; x_wconf 86' lang='lat' dir='ltr'>parte</span> <span class='ocrx_word' id='word_1_135' title='bbox 734 1758 920 1807; x_wconf 88' lang='lat' dir='ltr'>adimit</span> <span class='ocrx_word' id='word_1_136' title='bbox 961 1775 1164 1823; x_wconf 88' lang='lat' dir='ltr'>eosque</span> <span class='ocrx_word' id='word_1_137' title='bbox 1199 1758 1360 1823; x_wconf 89' lang='lat' dir='ltr'>cogit,</span> <span class='ocrx_word' id='word_1_138' title='bbox 1405 1766 1462 1806; x_wconf 90' lang='lat' dir='ltr'>ut</span> <span class='ocrx_word' id='word_1_139' title='bbox 1503 1765 1592 1806; x_wconf 91' lang='lat' dir='ltr'>aut</span> <span class='ocrx_word' id='word_1_140' title='bbox 1632 1756 1769 1806; x_wconf 87' lang='lat' dir='ltr'>filios</span> <span class='ocrx_word' id='word_1_141' title='bbox 1809 1754 2111 1821; x_wconf 86' lang='lat' dir='ltr'>relinquant</span> 
     </span>
     <span class='ocr_line' id='line_1_19' title="bbox 196 1836 2111 1904; baseline -0.003 -13"><span class='ocrx_word' id='word_1_142' title='bbox 196 1842 309 1891; x_wconf 92' lang='lat' dir='ltr'>sine</span> <span class='ocrx_word' id='word_1_143' title='bbox 368 1840 650 1891; x_wconf 87' lang='lat' dir='ltr'>sufficienti</span> <span class='ocrx_word' id='word_1_144' title='bbox 710 1840 1028 1890; x_wconf 89' lang='lat' dir='ltr'>educatione</span> <span class='ocrx_word' id='word_1_145' title='bbox 1087 1849 1179 1889; x_wconf 88' lang='lat' dir='ltr'>aut</span> <span class='ocrx_word' id='word_1_146' title='bbox 1239 1840 1465 1889; x_wconf 87' lang='lat' dir='ltr'>eandem</span> <span class='ocrx_word' id='word_1_147' title='bbox 1525 1839 1683 1888; x_wconf 90' lang='lat' dir='ltr'>statui</span> <span class='ocrx_word' id='word_1_148' title='bbox 1744 1836 1963 1904; x_wconf 91' lang='lat' dir='ltr'>publico</span> <span class='ocrx_word' id='word_1_149' title='bbox 2025 1836 2111 1886; x_wconf 93' lang='lat' dir='ltr'>de-</span> 
     </span>
     <span class='ocr_line' id='line_1_20' title="bbox 197 1921 2112 1989; baseline -0.003 -15"><span class='ocrx_word' id='word_1_150' title='bbox 197 1924 467 1974; x_wconf 89' lang='lat' dir='ltr'>mandent.</span> <span class='ocrx_word' id='word_1_151' title='bbox 563 1922 742 1989; x_wconf 72' lang='lat' dir='ltr'>Quare</span> <span class='ocrx_word' id='word_1_152' title='bbox 798 1930 1048 1989; x_wconf 88' lang='lat' dir='ltr'>parentes</span> <span class='ocrx_word' id='word_1_153' title='bbox 1101 1922 1370 1972; x_wconf 90' lang='lat' dir='ltr'>moraliter</span> <span class='ocrx_word' id='word_1_154' title='bbox 1423 1929 1476 1971; x_wconf 91' lang='lat' dir='ltr'>et</span> <span class='ocrx_word' id='word_1_155' title='bbox 1531 1921 1788 1971; x_wconf 87' lang='lat' dir='ltr'>indirecte</span> <span class='ocrx_word' id='word_1_156' title='bbox 1846 1926 2112 1985; x_wconf 91' lang='lat' dir='ltr'>coguntur</span> 
     </span>
     <span class='ocr_line' id='line_1_21' title="bbox 196 2001 2107 2070; baseline -0.004 -13"><span class='ocrx_word' id='word_1_157' title='bbox 196 2007 572 2057; x_wconf 90' lang='lat' dir='ltr'>educationem</span> <span class='ocrx_word' id='word_1_158' title='bbox 609 2006 660 2055; x_wconf 89' lang='lat' dir='ltr'>in</span> <span class='ocrx_word' id='word_1_159' title='bbox 704 2005 937 2055; x_wconf 84' lang='lat' dir='ltr'>favorem</span> <span class='ocrx_word' id='word_1_160' title='bbox 969 2005 1298 2055; x_wconf 86' lang='lat' dir='ltr'>auctoritatis</span> <span class='ocrx_word' id='word_1_161' title='bbox 1326 2021 1523 2070; x_wconf 90' lang='lat' dir='ltr'>magna</span> <span class='ocrx_word' id='word_1_162' title='bbox 1552 2020 1622 2052; x_wconf 77' lang='lat' dir='ltr'>ex</span> <span class='ocrx_word' id='word_1_163' title='bbox 1663 2010 1814 2069; x_wconf 91' lang='lat' dir='ltr'>parte</span> <span class='ocrx_word' id='word_1_164' title='bbox 1842 2001 2107 2052; x_wconf 88' lang='lat' dir='ltr'>abdicare.</span> 
     </span>
    </p>
   </div>
   <div class='ocr_carea' id='block_1_7' title="bbox 195 2093 2112 3244">
    <p class='ocr_par' dir='ltr' id='par_1_7' title="bbox 195 2093 2112 2576">
     <span class='ocr_line' id='line_1_22' title="bbox 269 2093 2110 2163; baseline -0.003 -17"><span class='ocrx_word' id='word_1_165' title='bbox 269 2097 462 2163; x_wconf 84' lang='lat' dir='ltr'>Neque</span> <span class='ocrx_word' id='word_1_166' title='bbox 504 2096 649 2146; x_wconf 90' lang='lat' dir='ltr'>dicas</span> <span class='ocrx_word' id='word_1_167' title='bbox 702 2095 1011 2162; x_wconf 89' lang='lat' dir='ltr'>parentibus</span> <span class='ocrx_word' id='word_1_168' title='bbox 1053 2104 1361 2161; x_wconf 90' lang='lat' dir='ltr'>competere</span> <span class='ocrx_word' id='word_1_169' title='bbox 1403 2094 1481 2143; x_wconf 93' lang='lat' dir='ltr'>ius</span> <span class='ocrx_word' id='word_1_170' title='bbox 1523 2093 1877 2155; x_wconf 76' lang='lat' dir='ltr'>educationis,</span> <span class='ocrx_word' id='word_1_171' title='bbox 1932 2098 2110 2142; x_wconf 87' lang='lat' dir='ltr'>aucto-</span> 
     </span>
     <span class='ocr_line' id='line_1_23' title="bbox 195 2173 2112 2245; baseline -0.003 -16"><span class='ocrx_word' id='word_1_172' title='bbox 195 2179 332 2229; x_wconf 91' lang='lat' dir='ltr'>ritati</span> <span class='ocrx_word' id='word_1_173' title='bbox 384 2178 632 2245; x_wconf 89' lang='lat' dir='ltr'>publicae</span> <span class='ocrx_word' id='word_1_174' title='bbox 684 2179 763 2228; x_wconf 87' lang='lat' dir='ltr'>ius</span> <span class='ocrx_word' id='word_1_175' title='bbox 820 2177 1200 2228; x_wconf 70' lang='lat' dir='ltr'>instrucz‘l&#39;om‘s.</span> <span class='ocrx_word' id='word_1_176' title='bbox 1293 2177 1434 2226; x_wconf 77' lang='lat' dir='ltr'>Nam</span> <span class='ocrx_word' id='word_1_177' title='bbox 1490 2176 1622 2226; x_wconf 90' lang='lat' dir='ltr'>haec</span> <span class='ocrx_word' id='word_1_178' title='bbox 1680 2176 1788 2226; x_wconf 92' lang='lat' dir='ltr'>duo</span> <span class='ocrx_word' id='word_1_179' title='bbox 1844 2173 2112 2224; x_wconf 88' lang='lat' dir='ltr'>insolubili</span> 
     </span>
     <span class='ocr_line' id='line_1_24' title="bbox 195 2257 2108 2321; baseline -0.003 -9"><span class='ocrx_word' id='word_1_180' title='bbox 195 2279 336 2313; x_wconf 78' lang='lat' dir='ltr'>nexu</span> <span class='ocrx_word' id='word_1_181' title='bbox 388 2263 523 2311; x_wconf 92' lang='lat' dir='ltr'>inter</span> <span class='ocrx_word' id='word_1_182' title='bbox 573 2279 630 2311; x_wconf 95' lang='lat' dir='ltr'>se</span> <span class='ocrx_word' id='word_1_183' title='bbox 683 2260 998 2321; x_wconf 89' lang='lat' dir='ltr'>cohaerent,</span> <span class='ocrx_word' id='word_1_184' title='bbox 1056 2260 1127 2310; x_wconf 92' lang='lat' dir='ltr'>ita</span> <span class='ocrx_word' id='word_1_185' title='bbox 1179 2268 1237 2309; x_wconf 92' lang='lat' dir='ltr'>ut</span> <span class='ocrx_word' id='word_1_186' title='bbox 1288 2260 1356 2321; x_wconf 84' lang='lat' dir='ltr'>is,</span> <span class='ocrx_word' id='word_1_187' title='bbox 1414 2260 1498 2309; x_wconf 92' lang='lat' dir='ltr'>cui</span> <span class='ocrx_word' id='word_1_188' title='bbox 1539 2259 1786 2308; x_wconf 88' lang='lat' dir='ltr'>educatio</span> <span class='ocrx_word' id='word_1_189' title='bbox 1835 2257 2108 2318; x_wconf 87' lang='lat' dir='ltr'>incumbit,</span> 
     </span>
     <span class='ocr_line' id='line_1_25' title="bbox 195 2339 2108 2395; baseline -0.003 0"><span class='ocrx_word' id='word_1_190' title='bbox 195 2345 495 2395; x_wconf 90' lang='lat' dir='ltr'>necessario</span> <span class='ocrx_word' id='word_1_191' title='bbox 553 2344 712 2394; x_wconf 90' lang='lat' dir='ltr'>etiam</span> <span class='ocrx_word' id='word_1_192' title='bbox 769 2345 849 2393; x_wconf 89' lang='lat' dir='ltr'>ius</span> <span class='ocrx_word' id='word_1_193' title='bbox 907 2344 1126 2393; x_wconf 88' lang='lat' dir='ltr'>curandi</span> <span class='ocrx_word' id='word_1_194' title='bbox 1180 2343 1585 2392; x_wconf 89' lang='lat' dir='ltr'>instructionem</span> <span class='ocrx_word' id='word_1_195' title='bbox 1641 2341 1840 2391; x_wconf 91' lang='lat' dir='ltr'>habere</span> <span class='ocrx_word' id='word_1_196' title='bbox 1897 2339 2108 2390; x_wconf 92' lang='lat' dir='ltr'>debeat.</span> 
     </span>
     <span class='ocr_line' id='line_1_26' title="bbox 195 2421 2107 2491; baseline -0.003 -14"><span class='ocrx_word' id='word_1_197' title='bbox 195 2427 477 2477; x_wconf 83' lang='lat' dir='ltr'>Instructio</span> <span class='ocrx_word' id='word_1_198' title='bbox 531 2427 671 2476; x_wconf 90' lang='lat' dir='ltr'>enim</span> <span class='ocrx_word' id='word_1_199' title='bbox 712 2427 762 2490; x_wconf 82' lang='lat' dir='ltr'>a)</span> <span class='ocrx_word' id='word_1_200' title='bbox 805 2435 885 2476; x_wconf 88' lang='lat' dir='ltr'>est</span> <span class='ocrx_word' id='word_1_201' title='bbox 925 2435 1070 2491; x_wconf 71' lang='lat' dir='ltr'>pars</span> <span class='ocrx_word' id='word_1_202' title='bbox 1110 2442 1281 2491; x_wconf 92' lang='lat' dir='ltr'>eaque</span> <span class='ocrx_word' id='word_1_203' title='bbox 1333 2443 1439 2474; x_wconf 91' lang='lat' dir='ltr'>non</span> <span class='ocrx_word' id='word_1_204' title='bbox 1494 2425 1710 2474; x_wconf 88' lang='lat' dir='ltr'>minima</span> <span class='ocrx_word' id='word_1_205' title='bbox 1750 2421 2107 2484; x_wconf 89' lang='lat' dir='ltr'>educationis;</span> 
     </span>
     <span class='ocr_line' id='line_1_27' title="bbox 196 2509 1428 2576; baseline -0.002 -16"><span class='ocrx_word' id='word_1_206' title='bbox 196 2511 252 2576; x_wconf 83' lang='lat' dir='ltr'>b)</span> <span class='ocrx_word' id='word_1_207' title='bbox 295 2518 376 2559; x_wconf 92' lang='lat' dir='ltr'>est</span> <span class='ocrx_word' id='word_1_208' title='bbox 416 2510 648 2559; x_wconf 71' lang='lat' dir='ltr'>medium</span> <span class='ocrx_word' id='word_1_209' title='bbox 690 2510 1037 2575; x_wconf 90' lang='lat' dir='ltr'>praecipuum</span> <span class='ocrx_word' id='word_1_210' title='bbox 1082 2509 1428 2558; x_wconf 88' lang='lat' dir='ltr'>educationis.</span> 
     </span>
    </p>

    <p class='ocr_par' dir='ltr' id='par_1_8' title="bbox 195 2595 2111 3244">
     <span class='ocr_line' id='line_1_28' title="bbox 271 2595 2111 2649; baseline -0.003 0"><span class='ocrx_word' id='word_1_211' title='bbox 271 2600 533 2649; x_wconf 90' lang='lat' dir='ltr'>Nimirum</span> <span class='ocrx_word' id='word_1_212' title='bbox 589 2599 849 2649; x_wconf 89' lang='lat' dir='ltr'>institutio</span> <span class='ocrx_word' id='word_1_213' title='bbox 903 2599 951 2647; x_wconf 92' lang='lat' dir='ltr'>in</span> <span class='ocrx_word' id='word_1_214' title='bbox 1007 2597 1205 2648; x_wconf 88' lang='lat' dir='ltr'>scholis</span> <span class='ocrx_word' id='word_1_215' title='bbox 1261 2597 1595 2647; x_wconf 91' lang='lat' dir='ltr'>inferioribus</span> <span class='ocrx_word' id='word_1_216' title='bbox 1651 2604 1704 2646; x_wconf 90' lang='lat' dir='ltr'>et</span> <span class='ocrx_word' id='word_1_217' title='bbox 1759 2595 1947 2645; x_wconf 90' lang='lat' dir='ltr'>mediis</span> <span class='ocrx_word' id='word_1_218' title='bbox 2002 2611 2111 2644; x_wconf 91' lang='lat' dir='ltr'>non</span> 
     </span>
     <span class='ocr_line' id='line_1_29' title="bbox 195 2678 2111 2747; baseline -0.004 -15"><span class='ocrx_word' id='word_1_219' title='bbox 195 2681 369 2733; x_wconf 92' lang='lat' dir='ltr'>solum</span> <span class='ocrx_word' id='word_1_220' title='bbox 410 2681 515 2731; x_wconf 94' lang='lat' dir='ltr'>hoc</span> <span class='ocrx_word' id='word_1_221' title='bbox 555 2690 786 2747; x_wconf 91' lang='lat' dir='ltr'>spectat,</span> <span class='ocrx_word' id='word_1_222' title='bbox 830 2690 886 2730; x_wconf 91' lang='lat' dir='ltr'>ut</span> <span class='ocrx_word' id='word_1_223' title='bbox 927 2681 1071 2747; x_wconf 92' lang='lat' dir='ltr'>pueri</span> <span class='ocrx_word' id='word_1_224' title='bbox 1116 2689 1169 2730; x_wconf 92' lang='lat' dir='ltr'>et</span> <span class='ocrx_word' id='word_1_225' title='bbox 1209 2681 1425 2729; x_wconf 83' lang='lat' dir='ltr'>iuvenes</span> <span class='ocrx_word' id='word_1_226' title='bbox 1464 2679 1618 2729; x_wconf 81' lang='lat' dir='ltr'>variis</span> <span class='ocrx_word' id='word_1_227' title='bbox 1659 2678 1965 2727; x_wconf 89' lang='lat' dir='ltr'>notionibus</span> <span class='ocrx_word' id='word_1_228' title='bbox 2005 2693 2111 2726; x_wconf 89' lang='lat' dir='ltr'>me-</span> 
     </span>
     <span class='ocr_line' id='line_1_30' title="bbox 198 2762 2108 2830; baseline -0.004 -16"><span class='ocrx_word' id='word_1_229' title='bbox 198 2765 420 2814; x_wconf 88' lang='lat' dir='ltr'>moriam</span> <span class='ocrx_word' id='word_1_230' title='bbox 462 2763 745 2830; x_wconf 74' lang='lat' dir='ltr'>impleant,</span> <span class='ocrx_word' id='word_1_231' title='bbox 789 2764 885 2813; x_wconf 89' lang='lat' dir='ltr'>sed</span> <span class='ocrx_word' id='word_1_232' title='bbox 927 2764 1176 2829; x_wconf 91' lang='lat' dir='ltr'>primario</span> <span class='ocrx_word' id='word_1_233' title='bbox 1218 2763 1286 2812; x_wconf 89' lang='lat' dir='ltr'>ad</span> <span class='ocrx_word' id='word_1_234' title='bbox 1329 2762 1433 2812; x_wconf 89' lang='lat' dir='ltr'>hoc</span> <span class='ocrx_word' id='word_1_235' title='bbox 1475 2762 1773 2822; x_wconf 89' lang='lat' dir='ltr'>ordinatur,</span> <span class='ocrx_word' id='word_1_236' title='bbox 1828 2768 1886 2809; x_wconf 89' lang='lat' dir='ltr'>ut</span> <span class='ocrx_word' id='word_1_237' title='bbox 1927 2775 2108 2808; x_wconf 91' lang='lat' dir='ltr'>eorum</span> 
     </span>
     <span class='ocr_line' id='line_1_31' title="bbox 199 2842 2110 2911; baseline -0.004 -14"><span class='ocrx_word' id='word_1_238' title='bbox 199 2847 475 2898; x_wconf 88' lang='lat' dir='ltr'>facultates</span> <span class='ocrx_word' id='word_1_239' title='bbox 517 2846 914 2911; x_wconf 84' lang='lat' dir='ltr'>cognoscitivae</span> <span class='ocrx_word' id='word_1_240' title='bbox 956 2846 1049 2895; x_wconf 89' lang='lat' dir='ltr'>rite</span> <span class='ocrx_word' id='word_1_241' title='bbox 1091 2853 1447 2895; x_wconf 65' lang='lat' dir='ltr'>exerceamur</span> <span class='ocrx_word' id='word_1_242' title='bbox 1485 2851 1538 2893; x_wconf 90' lang='lat' dir='ltr'>et</span> <span class='ocrx_word' id='word_1_243' title='bbox 1589 2844 1689 2893; x_wconf 91' lang='lat' dir='ltr'>hac</span> <span class='ocrx_word' id='word_1_244' title='bbox 1729 2843 1812 2892; x_wconf 87' lang='lat' dir='ltr'>via</span> <span class='ocrx_word' id='word_1_245' title='bbox 1851 2842 1951 2891; x_wconf 92' lang='lat' dir='ltr'>sibi</span> <span class='ocrx_word' id='word_1_246' title='bbox 1991 2858 2110 2891; x_wconf 91' lang='lat' dir='ltr'>eam</span> 
     </span>
     <span class='ocr_line' id='line_1_32' title="bbox 198 2924 2111 2997; baseline -0.004 -17"><span class='ocrx_word' id='word_1_247' title='bbox 198 2930 583 2997; x_wconf 88' lang='lat' dir='ltr'>perfectionem</span> <span class='ocrx_word' id='word_1_248' title='bbox 635 2930 936 2994; x_wconf 85' lang='lat' dir='ltr'>acquirant,</span> <span class='ocrx_word' id='word_1_249' title='bbox 993 2946 1096 2994; x_wconf 92' lang='lat' dir='ltr'>qua</span> <span class='ocrx_word' id='word_1_250' title='bbox 1147 2936 1363 2994; x_wconf 91' lang='lat' dir='ltr'>postea,</span> <span class='ocrx_word' id='word_1_251' title='bbox 1419 2927 1527 2976; x_wconf 84' lang='lat' dir='ltr'>sive</span> <span class='ocrx_word' id='word_1_252' title='bbox 1579 2927 1629 2975; x_wconf 87' lang='lat' dir='ltr'>in</span> <span class='ocrx_word' id='word_1_253' title='bbox 1683 2925 1953 2975; x_wconf 90' lang='lat' dir='ltr'>communi</span> <span class='ocrx_word' id='word_1_254' title='bbox 2004 2924 2111 2973; x_wconf 86' lang='lat' dir='ltr'>vita</span> 
     </span>
     <span class='ocr_line' id='line_1_33' title="bbox 197 3006 2108 3075; baseline -0.004 -13"><span class='ocrx_word' id='word_1_255' title='bbox 197 3014 307 3063; x_wconf 78' lang='lat' dir='ltr'>sive</span> <span class='ocrx_word' id='word_1_256' title='bbox 346 3013 397 3062; x_wconf 94' lang='lat' dir='ltr'>in</span> <span class='ocrx_word' id='word_1_257' title='bbox 438 3013 591 3062; x_wconf 86' lang='lat' dir='ltr'>variis</span> <span class='ocrx_word' id='word_1_258' title='bbox 631 3012 861 3061; x_wconf 90' lang='lat' dir='ltr'>scientiis</span> <span class='ocrx_word' id='word_1_259' title='bbox 903 3018 956 3060; x_wconf 91' lang='lat' dir='ltr'>et</span> <span class='ocrx_word' id='word_1_260' title='bbox 1008 3011 1207 3060; x_wconf 89' lang='lat' dir='ltr'>artibus</span> <span class='ocrx_word' id='word_1_261' title='bbox 1250 3009 1647 3075; x_wconf 86' lang='lat' dir='ltr'>comparandis,</span> <span class='ocrx_word' id='word_1_262' title='bbox 1705 3024 1842 3074; x_wconf 89' lang='lat' dir='ltr'>opus</span> <span class='ocrx_word' id='word_1_263' title='bbox 1893 3006 2108 3056; x_wconf 84' lang='lat' dir='ltr'>habent.</span> 
     </span>
     <span class='ocr_line' id='line_1_34' title="bbox 200 3087 2110 3161; baseline -0.004 -16"><span class='ocrx_word' id='word_1_264' title='bbox 200 3095 322 3145; x_wconf 90' lang='lat' dir='ltr'>Hoc</span> <span class='ocrx_word' id='word_1_265' title='bbox 364 3095 583 3161; x_wconf 91' lang='lat' dir='ltr'>quidem</span> <span class='ocrx_word' id='word_1_266' title='bbox 624 3111 817 3143; x_wconf 90' lang='lat' dir='ltr'>munus</span> <span class='ocrx_word' id='word_1_267' title='bbox 857 3093 1019 3142; x_wconf 90' lang='lat' dir='ltr'>hodie</span> <span class='ocrx_word' id='word_1_268' title='bbox 1060 3094 1110 3142; x_wconf 93' lang='lat' dir='ltr'>in</span> <span class='ocrx_word' id='word_1_269' title='bbox 1151 3091 1347 3142; x_wconf 90' lang='lat' dir='ltr'>scholis</span> <span class='ocrx_word' id='word_1_270' title='bbox 1388 3091 1615 3141; x_wconf 88' lang='lat' dir='ltr'>multum</span> <span class='ocrx_word' id='word_1_271' title='bbox 1655 3089 1970 3156; x_wconf 83' lang='lat' dir='ltr'>neglegitur,</span> <span class='ocrx_word' id='word_1_272' title='bbox 2014 3087 2110 3138; x_wconf 91' lang='lat' dir='ltr'>sed</span> 
     </span>
     <span class='ocr_line' id='line_1_35' title="bbox 198 3175 1489 3244; baseline -0.004 -16"><span class='ocrx_word' id='word_1_273' title='bbox 198 3178 249 3228; x_wconf 92' lang='lat' dir='ltr'>in</span> <span class='ocrx_word' id='word_1_274' title='bbox 292 3194 453 3244; x_wconf 84' lang='lat' dir='ltr'>grave</span> <span class='ocrx_word' id='word_1_275' title='bbox 495 3178 751 3227; x_wconf 89' lang='lat' dir='ltr'>damnum</span> <span class='ocrx_word' id='word_1_276' title='bbox 792 3176 1078 3225; x_wconf 85' lang='lat' dir='ltr'>iuventutis</span> <span class='ocrx_word' id='word_1_277' title='bbox 1119 3175 1489 3224; x_wconf 89' lang='lat' dir='ltr'>instituendae.</span> 
     </span>
    </p>
   </div>
   <div class='ocr_carea' id='block_1_8' title="bbox 201 3261 2112 3413">
    <p class='ocr_par' dir='ltr' id='par_1_9' title="bbox 201 3261 2112 3413">
     <span class='ocr_line' id='line_1_36' title="bbox 276 3261 2112 3332; baseline -0.004 -16"><span class='ocrx_word' id='word_1_278' title='bbox 276 3266 554 3316; x_wconf 89' lang='lat' dir='ltr'>Praeterea</span> <span class='ocrx_word' id='word_1_279' title='bbox 611 3267 726 3332; x_wconf 91' lang='lat' dir='ltr'>ipsa</span> <span class='ocrx_word' id='word_1_280' title='bbox 780 3265 1038 3315; x_wconf 89' lang='lat' dir='ltr'>institutio</span> <span class='ocrx_word' id='word_1_281' title='bbox 1100 3263 1409 3314; x_wconf 87' lang='lat' dir='ltr'>facultatum</span> <span class='ocrx_word' id='word_1_282' title='bbox 1472 3261 1958 3328; x_wconf 86' lang='lat' dir='ltr'>cognoscitivarum</span> <span class='ocrx_word' id='word_1_283' title='bbox 2016 3277 2112 3326; x_wconf 93' lang='lat' dir='ltr'>per</span> 
     </span>
     <span class='ocr_line' id='line_1_37' title="bbox 201 3341 2109 3413; baseline -0.004 -15"><span class='ocrx_word' id='word_1_284' title='bbox 201 3349 599 3398; x_wconf 88' lang='lat' dir='ltr'>instructionem</span> <span class='ocrx_word' id='word_1_285' title='bbox 654 3356 734 3398; x_wconf 93' lang='lat' dir='ltr'>est</span> <span class='ocrx_word' id='word_1_286' title='bbox 785 3347 1116 3413; x_wconf 90' lang='lat' dir='ltr'>aptissimum</span> <span class='ocrx_word' id='word_1_287' title='bbox 1169 3353 1223 3395; x_wconf 91' lang='lat' dir='ltr'>et</span> <span class='ocrx_word' id='word_1_288' title='bbox 1275 3345 1702 3395; x_wconf 88' lang='lat' dir='ltr'>efficacissimum</span> <span class='ocrx_word' id='word_1_289' title='bbox 1753 3343 1988 3392; x_wconf 90' lang='lat' dir='ltr'>medium</span> <span class='ocrx_word' id='word_1_290' title='bbox 2040 3341 2109 3390; x_wconf 92' lang='lat' dir='ltr'>ad</span> 
     </span>
    </p>
   </div>
  </div>
 </body>
</html>
