2182 3682
492 179 578 208 LIB.
614 179 661 208 ΙΙ.
708 178 807 209 CAP.
842 178 909 207 111.
957 177 1020 205 DE
1055 176 1311 206 SOCIETATE
1348 176 1506 205 CIVILI.
1828 166 1933 229 369

105 314 260 365 Proh.
305 315 430 364 min.
513 314 649 364 Cum
699 313 917 379 singulis
969 311 1192 362 liberum
1243 313 1336 373 sit,
1390 320 1564 362 utrum
1605 312 1767 362 velint
1812 330 1933 363 con-

32 396 224 447 sentire
264 413 446 457 necne,
490 397 678 445 merito
718 395 1034 461 supponitur
1071 393 1268 443 multos
1296 410 1402 443 non
1433 394 1730 443 consentire
1770 393 1935 460 (prae-

33 478 210 528 sertim
233 486 475 542 tempore
498 477 959 543 perturbationum
987 475 1358 541 publicarum),
1391 492 1498 525 non
1519 474 1692 524 solum
1715 476 1935 525 miseros

35 568 86 610 et
125 558 352 608 nefarios
391 558 650 619 homines,
692 559 787 607 sed
829 558 988 606 etiam
1029 555 1174 618 alios,
1219 557 1308 622 qui
1349 557 1450 606 sibi
1489 556 1732 606 sufficere
1773 564 1827 606 et
1867 574 1936 606 ex

34 640 446 706 independentia
488 640 688 689 maiora
727 640 870 689 bona
910 655 1122 704 sperare
1175 646 1400 704 possunt
1442 637 1647 702 (saltem
1691 646 1937 705 respectu

33 722 315 782 societatis,
358 722 409 771 in
451 739 556 787 qua
597 722 665 771 de
707 721 848 771 facto
889 721 1047 785 sunt).

38 836 185 888 494.
267 827 431 873 Prob.
471 840 511 873 2.
599 824 654 875 Si
694 823 962 874 vinculum
1016 824 1284 873 societatis
1326 840 1394 872 ex
1446 831 1607 889 pacto
1648 822 1825 889 aliquo
1868 823 1939 872 di-

36 914 178 957 recte
219 914 468 967 oreretur,
517 906 738 956 deberet
779 923 895 955 esse
935 904 1202 954 vinculum
1244 905 1469 954 iustitiae
1510 905 1936 955 commutativae.

41 989 303 1038 «Nomine
331 987 687 1053 obligationis,
732 1005 869 1053 quae
910 987 1124 1052 ponitur
1152 988 1202 1035 in
1233 986 1543 1036 definitione
1573 987 1937 1052 (contractus),

34 1069 358 1135 intellegitur
410 1087 517 1120 non
559 1086 959 1135 quaecumque,
1013 1068 1110 1118 sed
1152 1067 1413 1133 obligatio
1455 1086 1525 1118 ex
1565 1070 1760 1119 iustitia
1801 1086 1940 1118 com-

37 1153 321 1201 mutativa»
357 1151 441 1216 (de
468 1151 636 1217 Lago,
677 1151 761 1200 De
788 1151 904 1200 iust.
938 1157 991 1200 et
1017 1151 1126 1199 iure
1155 1150 1288 1215 disp.
1324 1163 1407 1210 22,
1438 1168 1487 1199 n.
1521 1151 1589 1214 2).
1645 1150 1814 1216 Atqui
1839 1149 1943 1200 hoc

39 1234 106 1283 de
147 1233 287 1283 facto
317 1251 425 1282 non
454 1233 674 1283 obtinet.
731 1233 870 1282 Nam
899 1231 1167 1282 vinculum
1197 1232 1488 1293 iuridicum,
1533 1233 1679 1297 quod
1707 1231 1944 1298 singulos

38 1315 105 1365 ad
146 1315 350 1365 bonum
389 1332 673 1365 commune
702 1315 922 1380 obligat,
966 1323 1046 1364 est
1082 1314 1349 1364 vinculum
1376 1315 1604 1364 iustitiae
1645 1313 1844 1380 legalis,
1889 1323 1945 1363 ut

37 1398 235 1447 docent
264 1398 616 1448 communiter
644 1405 890 1447 auctores
918 1414 1041 1447 cum
1069 1395 1122 1447 S.
1164 1397 1371 1446 lecmla
1402 1398 1470 1460 (2,
1518 1410 1564 1452 2.
1597 1414 1645 1463 q.
1684 1400 1764 1460 58,
1797 1414 1839 1446 a.
1878 1398 1942 1459 5).

444 1540 522 1578 111.
568 1540 810 1578 Sententia
842 1539 1097 1578 multorum
1132 1538 1535 1578 scholasticorum.

103 1623 328 1678 (Schg'ffini,
363 1627 482 1680 Disp.
518 1627 670 1679 philos.
705 1641 806 1666 mor.
842 1642 881 1666 n.
917 1638 1000 1678 443
1026 1641 1115 1679 sqq.
1180 1628 1335 1679 slleyer,
1369 1627 1548 1665 Institut.
1584 1626 1681 1664 iuris
1716 1637 1799 1665 nat.
1834 1627 1886 1675 Π,

588 1708 628 1734 n.
666 1704 748 1745 397
774 1709 862 1747 sqq.
917 1694 1158 1746 Moralphil.
1193 1695 1233 1732 ΙΙ
1268 1691 1391 1745 473.)

41 1798 188 1851 495.
268 1789 443 1839 Etiam
474 1789 682 1856 plurimi
706 1789 1011 1840 scholastici
1036 1790 1349 1839 societatem
1373 1788 1578 1839 civilem
1608 1806 1703 1854 per
1730 1796 1949 1854 pactum

43 1870 161 1919 oriri
214 1871 438 1933 docent,
493 1872 596 1922 alio
650 1880 830 1922 tamen
884 1872 1049 1921 modo
1102 1888 1164 1921 ac
1217 1871 1598 1921 Pufendorfius.
1681 1868 1947 1935 Quoniam

41 1969 168 2001 vero
210 1969 396 2003 eorum
437 1955 617 2020 opinio
660 1955 728 2004 de
758 1954 960 2019 origine
989 1954 1258 2003 societatis
1289 1952 1451 2003 civilis
1491 1953 1672 2002 intime
1701 1953 1951 2003 cohaeret

43 2051 164 2083 cum
221 2052 405 2085 eorum
462 2036 713 2102 opinione
770 2037 838 2086 de
894 2037 1338 2086 determinatione
1395 2036 1674 2102 originaria
1728 2036 1953 2086 subiecti

44 2133 326 2182 supremae
367 2119 661 2183 potestatis,
706 2125 985 2184 utramque
1026 2117 1181 2168 simul
1224 2118 1694 2169 considerabimus.

118 2198 302 2248 Potest
360 2209 598 2250 veterum
660 2200 900 2250 doctrina
959 2201 1034 2250 sic
1096 2200 1327 2250 breviter
1387 2201 1585 2266 exponi
1646 2218 1715 2250 ex
1774 2208 1952 2250 mente

47 2278 329 2331 Snareziz':
370 2281 463 2331 Ad
504 2283 818 2332 societatem
863 2281 1069 2332 civilem
1112 2300 1218 2332 non
1260 2281 1455 2332 sufficit
1483 2282 1769 2333 multitudo
1814 2282 1951 2332 fami-

43 2360 228 2412 liarum
279 2363 434 2413 simul
486 2365 537 2413 in
590 2365 782 2414 eodem
841 2363 962 2414 loco
1016 2364 1466 2426 cohabitantium,
1526 2365 1621 2414 sed
1674 2365 1954 2430 requiritur

45 2443 259 2510 insuper
309 2446 578 2496 vinculum
634 2446 834 2496 morale
890 2446 1029 2496 hanc
1086 2446 1479 2497 multitudinem
1530 2448 1728 2497 uniens.
1821 2446 1954 2496 Tale

45 2535 221 2577 autem
263 2528 531 2578 vinculum
574 2546 681 2578 non
712 2530 875 2579 oritur
915 2529 1012 2578 nisi
1053 2528 1231 2595 aliquo
1262 2537 1423 2594 perclo
1459 2530 1707 2594 expliciz‘o
1736 2528 1818 2579 vel
1859 2530 1953 2579 im-

34 2608 225 2672 plicito
270 2609 375 2673 (De
416 2628 579 2676 opere
620 2629 716 2661 sex
758 2612 963 2660 dierum
1005 2610 1034 2661 l.
1085 2621 1128 2674 5,
1173 2628 1216 2662 c.
1263 2623 1309 2675 7,
1354 2629 1402 2661 n.
1446 2612 1514 2675 3),
1558 2618 1820 2677 quatenus
1860 2611 1950 2662 scl.

46 2688 270 2740 familiae
318 2692 563 2758 «speciali
602 2693 878 2743 voluntate
930 2711 1023 2743 seu
1066 2694 1337 2743 communi
1378 2711 1641 2743 consensu
1693 2695 1745 2744 in
1791 2712 1951 2743 unum

46 2787 238 2838 corpus
292 2774 565 2839 politicum
613 2784 1011 2841 congregantur
1053 2793 1159 2825 uno
1200 2776 1470 2826 societatis
1510 2775 1748 2837 vinculo,
1804 2786 1857 2826 et
1897 2785 1954 2825 ut

46 2870 103 2903 se
154 2863 337 2904 mutuo
389 2857 569 2906 iuvent
621 2858 671 2906 in
714 2857 899 2907 ordine
940 2858 1007 2907 ad
1050 2874 1211 2906 unum
1255 2857 1415 2907 finem
1467 2857 1769 2924 politicum,
1827 2875 1952 2924 quo-

47 2936 211 2986 modo
253 2937 488 2987 efficiunt
528 2956 693 2988 unum
735 2956 930 3005 corpus
970 2941 1284 3005 mysticum,
1341 2940 1488 3006 quod
1542 2940 1811 2990 moraliter
1851 2940 1954 2990 dici

47 3025 227 3082 potest
266 3037 361 3085 per
400 3037 456 3070 se
498 3037 692 3069 unum»
742 3021 848 3084 (De
889 3021 991 3087 leg.
1037 3021 1067 3070 l.
1115 3034 1161 3084 3,
1207 3038 1249 3072 c.
1296 3035 1343 3082 2,
1387 3039 1435 3072 n.
1479 3023 1552 3086 4).

123 3098 430 3151 Secundum
482 3101 619 3152 hanc
672 3104 991 3152 sententiam
1044 3112 1260 3169 pactum
1316 3120 1424 3153 non
1476 3111 1587 3153 tam
1638 3104 1835 3154 habere
1887 3104 1952 3153 vi-

50 3180 205 3231 detur
257 3184 514 3233 rationem
562 3202 754 3234 causae
793 3184 989 3235 vinculi
1040 3185 1238 3235 iuridici
1280 3203 1440 3251 quam
1481 3185 1803 3236 condicionis
1840 3186 1955 3236 sine

51 3279 155 3327 qua
195 3282 313 3327 non,
357 3282 461 3331 qua
502 3267 677 3332 posita
716 3268 830 3333 ipsa
871 3267 962 3317 lex
1001 3267 1277 3317 naturalis
1316 3268 1516 3317 inducit
1550 3267 1950 3333 obligationem.

53 3342 202 3395 Haec
254 3346 512 3412 obligatio
565 3348 687 3398 dein
740 3365 797 3398 se
849 3349 1093 3399 extendit
1134 3349 1203 3399 ad
1252 3366 1430 3399 omnes
1470 3349 1707 3410 omnino,
1763 3349 1852 3414 qui
1903 3350 1952 3398 in

143 3436 383 3480 Cathrein,
411 3439 543 3472 Philos.
571 3440 726 3473 moralis.
769 3441 836 3474 Ed.
865 3452 896 3481 5.
1631 3449 1687 3487 24
