2182 3682
466 178 555 208 Lm.
590 178 617 207 Ι.
663 177 763 205 CAP.
795 177 854 206 IV.
901 176 962 204 DE
998 176 1109 204 IURE
1144 168 1493 204 PROPROETATIS.
1829 172 1928 228 305

112 313 173 363 II.
225 312 473 362 Traditio
514 320 565 362 et
601 311 908 376 acceptatio.

43 412 186 464 391.
246 400 295 450 T
292 401 496 451 raditio
525 409 604 450 est
633 393 903 449 translatio
933 399 1152 447 dominii
1184 398 1251 446 ab
1282 414 1387 446 uno
1428 398 1480 446 in
1508 397 1729 446 alterum
1757 397 1938 447 volun-

39 490 148 533 tate
189 482 389 532 domini
429 490 481 532 et
522 481 820 547 recipientis
860 479 1013 529 facta.
1094 479 1179 528 Fit
1218 495 1313 543 per
1351 478 1520 527 varias
1571 479 1776 543 species
1818 496 1936 527 con-

39 571 330 625 tractuum,
385 563 453 613 de
494 563 684 629 quibus
734 561 866 611 infra
905 577 1140 627 agemus.
1222 559 1344 609 Hoc
1397 559 1518 610 loco
1569 559 1742 608 solum
1784 576 1938 625 quae-

41 645 264 695 rendum
304 651 572 710 superest,
626 661 753 693 num
792 643 1004 692 traditio
1046 643 1162 707 ipso
1214 642 1323 690 iure
1366 649 1581 689 naturae
1631 641 1696 689 sit
1735 639 1940 690 validus

41 726 232 777 modus
273 726 579 792 acquirendi
619 726 927 775 dominium.

739 885 1008 933 THESIS
1046 885 1244 931 LXIII.

46 1001 191 1052 392·
275 998 370 1045 Ius
405 996 776 1044 transferendi
814 994 1131 1043 dominium
1170 1008 1272 1055 per
1306 993 1665 1041 traditionem
1721 997 1805 1038 est
1856 991 1944 1038 ius

10 1075 16 1080 ‘
44 1073 311 1119 naturale.

120 1183 283 1230 Prob.
325 1197 365 1229 1.
439 1182 704 1231 Dominus
745 1181 812 1230 de
863 1198 916 1230 re
956 1197 1076 1240 sua,
1133 1178 1279 1228 salvo
1335 1178 1557 1227 aliorum
1605 1177 1741 1237 iure,
1781 1183 1950 1240 prout

44 1263 279 1324 libuerit,
329 1264 612 1330 disponere
653 1270 860 1329 potest,
905 1262 1129 1328 proinde
1171 1278 1287 1310 eam
1331 1261 1489 1309 etiam
1531 1259 1781 1319 alienare,
1826 1258 1854 1307 i.
1900 1275 1942 1307 e.

45 1361 108 1394 ea
149 1345 463 1395 condicione
503 1345 768 1405 abdicare,
813 1354 869 1394 ut
909 1343 1039 1393 alius
1073 1343 1453 1392 determinatus
1494 1341 1658 1390 homo
1700 1357 1815 1389 eam
1858 1340 1946 1388 im-

45 1426 277 1476 mediate
331 1434 390 1476 ut
440 1444 591 1476 suam
647 1427 898 1492 accipiat3
958 1424 1191 1474 similiter
1241 1426 1349 1473 iure
1404 1431 1622 1472 naturae
1678 1422 1762 1471 1116
1818 1420 1949 1470 alter

45 1506 182 1557 illam
227 1517 414 1575 utpote
453 1508 551 1558 sibi
593 1508 828 1557 oblatam
872 1507 1106 1573 legitime
1148 1515 1201 1555 et
1239 1507 1350 1555 sine
1391 1504 1609 1555 aliorum
1660 1504 1841 1552 iniuria
1892 1511 1948 1551 ut

46 1606 196 1639 suam
245 1591 486 1656 accipere
538 1598 729 1656 potest.
812 1589 983 1655 Alcjm'
1027 1589 1106 1638 his
1148 1588 1362 1638 duobus
1414 1587 1688 1636 elementis
1740 1593 1949 1636 constat

46 1671 272 1722 traditio.
353 1672 506 1737 Ergo
547 1673 680 1722 haec
721 1690 790 1721 ex
829 1673 937 1720 iure
980 1679 1195 1720 naturae
1237 1669 1410 1719 valida
1451 1677 1545 1718 est.

123 1756 287 1803 Prob.
326 1769 368 1802 2.
444 1753 569 1804 Sine
622 1755 728 1803 11116
781 1752 1129 1803 transferendi
1181 1770 1289 1801 rem
1343 1770 1437 1817 per
1483 1751 1821 1800 traditionem
1874 1750 1951 1798 ius

48 1837 386 1902 proprietatis
418 1854 572 1886 suum
601 1836 761 1886 finem
794 1834 1046 1885 socialem
1079 1852 1183 1883 non
1219 1833 1540 1883 sufficienter
1568 1839 1948 1898 assequeretur.

50 1918 261 1967 Etenim
290 1918 532 1968 homines
560 1935 615 1967 se
658 1926 841 1967 mutuo
870 1918 1047 1966 iuvare
1077 1917 1277 1965 debent
1304 1917 1355 1964 in
1397 1916 1502 1964 suis
1531 1914 1948 1964 necessitatibus.

49 1999 142 2049 Ad
183 1999 324 2050 hunc
374 2008 553 2049 autem
595 2000 754 2049 finem
807 2017 968 2065 saepe
1021 2016 1128 2048 non
1179 1997 1371 2047 sufficit
1423 1996 1536 2046 sola
1587 1996 1951 2046 commodatio

48 2081 100 2130 in
141 2099 291 2131 usum
334 2082 689 2132 transitorium
732 2099 904 2147 neque
946 2082 1102 2130 etiam
1147 2097 1290 2129 mera
1330 2079 1597 2129 abdicatio
1639 2079 1690 2127 in
1719 2077 1952 2127 favorem

49 2162 254 2224 nullius,
299 2164 370 2214 ita
410 2172 468 2213 ut
508 2181 589 2214 res
631 2164 721 2213 fiat
761 2164 915 2229 primi
955 2163 1283 2229 occupantis.

53 2307 198 2359 393.
284 2295 482 2346 Cot‘oll.
543 2296 740 2346 Modus
792 2296 1097 2362 acquirendi
1149 2313 1244 2361 per
1295 2295 1634 2345 traditionem
1687 2293 1949 2343 continet:

58 2393 98 2428 1.
143 2378 540 2428 derelictionem
583 2380 1011 2429 condicionatam
1054 2379 1124 2427 rei
1165 2395 1235 2427 ex
1274 2385 1424 2443 parte
1475 2376 1731 2425 tradentis
1783 2375 1833 2423 in
1888 2374 1953 2423 fa-

49 2477 231 2510 vorem
261 2460 496 2523 alterius;
533 2475 577 2510 2.
605 2462 1015 2527 occupationem
1045 2460 1282 2509 eiusdem
1313 2460 1383 2509 rei
1413 2467 1600 2524 utpote
1621 2458 1720 2507 sibi
1743 2456 1955 2507 oblatae

51 2559 121 2592 eX
160 2551 310 2608 parte
352 2544 663 2609 recipientis.
744 2542 922 2609 Quare
962 2543 1047 2592 hic
1089 2542 1281 2591 modus
1321 2540 1654 2607 aliquatenus
1694 2539 1763 2589 ad
1805 2556 1955 2589 occu—

51 2625 323 2690 pationem
372 2626 553 2675 reduci
593 2634 799 2692 potest3
855 2626 1087 2691 ideoque
1137 2624 1415 2674 confirmat
1456 2622 1828 2672 necessitatem
1867 2622 1956 2671 ad-

52 2706 297 2756 mittendi
337 2708 580 2769 eandem,
622 2715 896 2773 tamquam
938 2708 1160 2756 modum
1196 2723 1290 2772 per
1327 2723 1384 2755 se
1417 2705 1652 2755 validum
1693 2712 1746 2753 et
1786 2704 1955 2769 primi-

52 2788 215 2838 tivum
255 2790 563 2855 acquirendi
603 2790 910 2840 dominium.

55 2930 201 2984 394.
270 2922 355 2972 HI.
386 2921 753 2988 Pl'aescrz'plz'o
787 2930 866 2972 est
896 2922 1081 2972 modus
1114 2920 1431 2987 acquirendi
1460 2919 1550 2969 vel
1580 2916 1958 2982 exstinguendi

54 3001 136 3051 ius
173 3003 285 3053 solo
326 3005 583 3069 temporis
622 3004 793 3069 lapsu.

49 3129 54 3133 .
104 3084 309 3150 Ipsum
361 3103 490 3152 ergo
532 3086 731 3136 factum
785 3087 1060 3136 diuturnae
1104 3084 1452 3151 possessionis
1503 3084 1581 3131 ius
1633 3082 1699 3131 ab
1742 3098 1848 3130 uno
1902 3081 1953 3129 in

55 3163 211 3215 alium
250 3167 495 3218 transfert
534 3167 617 3218 vel
658 3169 964 3233 exstinguit.

129 3247 480 3315 Distinguitur
520 3249 723 3316 duplex
763 3250 1135 3316 praescriptio:
1185 3247 1478 3298 lz'bel‘ativa
1520 3254 1572 3295 et
1612 3243 1952 3310 acqm'sz'liva,

56 3338 211 3394 prout
251 3332 365 3397 quis
405 3332 660 3398 temporis
701 3331 850 3398 lapsu
891 3350 948 3382 se
988 3331 1056 3381 ab
1099 3330 1277 3396 aliquo
1320 3345 1479 3378 onere
1514 3327 1738 3391 (debito)
1769 3326 1954 3375 liberat

146 3421 380 3465 Cathrein‚
408 3424 541 3458 rhilos.
566 3425 720 3458 moralis.
765 3425 830 3458 Ed.
860 3436 891 3464 5.
1633 3426 1688 3455 20
