2182 3682
211 157 313 218 308
605 163 719 192 PARS
754 163 801 192 11.
853 162 1166 193 PHILOSOPHIA
1200 161 1407 190 MORALIS
1443 161 1690 190 SPECIALIS.

281 301 439 351 Proh.
484 301 611 351 min,
691 299 786 349 Ad
836 315 876 350 Ι.
956 299 1258 365 Proprietas
1305 299 1508 364 privata
1548 297 1781 347 maxime
1821 299 2116 349 necessaria

208 393 314 445 est,
369 384 493 450 quia
543 382 657 433 sola
707 382 981 432 hominem
1033 381 1358 431 sufficienter
1408 379 1641 430 stimulat
1694 381 1762 431 ad
1811 389 2118 432 constanter

207 466 560 516 laborandum
591 473 644 515 et
672 465 740 514 ad
781 480 940 530 parce
970 472 1022 513 et
1061 461 1330 529 frugaliter
1358 462 1516 512 rebus
1543 462 1811 528 acquisitis
1837 463 2114 513 utendum.

209 548 379 614 Atqui
416 547 501 598 hic
542 547 660 597 finis
701 562 951 612 magnam
993 552 1199 611 partem
1240 562 1349 594 non
1391 544 1744 606 obtineretur,
1786 545 1828 594 si
1870 545 2118 596 dominus
2170 602 2182 611 ,7

207 649 314 681 non
355 630 578 681 haberet
605 630 683 679 ius
712 628 1115 688 determinandi,
1159 627 1289 694 quid
1318 627 1386 676 de
1414 626 1570 677 bonis
1597 628 1704 677 suis
1735 636 1860 693 post
1888 636 2115 678 mortem

207 731 356 763 suam
397 713 508 763 fieri
536 712 747 762 debeat.
806 710 984 776 Quam
1026 710 1256 776 primum
1285 709 1425 760 enim
1466 709 1689 760 haberet
1729 710 1873 760 unde
1899 710 2114 773 viveret,

209 814 316 846 non
357 795 531 846 solum
573 803 802 845 cessaret
841 810 872 843 a
912 793 1262 859 procurandis
1301 793 1402 843 sibi
1430 791 1767 843 ulterioribus
1807 793 1977 855 bonis,
2020 793 2117 843 sed

209 879 367 928 etiam
395 878 540 928 bona
566 878 671 927 iam
699 876 956 943 acquisita
983 883 1106 926 ante
1134 885 1364 926 mortem
1395 875 1688 942 dissiparet,
1726 876 1847 942 quia
1874 877 2115 937 nesciret,

208 962 337 1027 quid
378 961 445 1010 de
485 960 583 1010 illis
624 969 747 1026 post
788 967 1017 1008 mortem
1060 958 1293 1009 futurum
1335 965 1489 1009 esset.

282 1050 375 1100 Ad
420 1065 464 1101 2.
521 1049 836 1100 Necessaria
863 1055 945 1098 est
972 1058 1247 1115 praeterea
1275 1049 1572 1115 proprietas
1601 1056 1821 1115 propter
1848 1047 2113 1098 familiam.

208 1133 460 1183 Parentes
496 1134 637 1182 enim
676 1139 922 1184 tenentur
949 1131 1065 1181 filiis
1092 1132 1492 1181 subministrare
1521 1131 1713 1192 omnia,
1759 1130 1953 1197 quibus
1981 1147 2118 1197 opus

208 1225 302 1277 est,
346 1224 405 1265 ut
444 1215 498 1265 hi
525 1216 684 1265 etiam
714 1222 837 1281 post
865 1222 1092 1264 mortem
1121 1223 1402 1280 parentum
1430 1214 1589 1264 statui
1616 1231 1713 1263 suo
1744 1213 2120 1264 convenienter

206 1299 383 1348 vivere
423 1299 643 1364 possint,
688 1306 744 1347 ut
786 1305 975 1363 postea
1003 1296 1331 1346 enucleatius
1359 1313 1710 1363 exponemus.
1768 1296 1940 1363 Atqui
1976 1296 2116 1346 hunc

208 1381 368 1431 finem
409 1381 708 1447 proprietas
749 1397 855 1429 non
899 1380 1179 1440 obtineret,
1230 1379 1272 1429 si
1313 1386 1561 1446 parentes
1600 1378 1791 1429 saltem
1832 1387 2119 1429 extraneos

207 1481 237 1514 a
258 1464 596 1514 successione
625 1463 935 1512 hereditatis
957 1479 1082 1511 suae
1105 1461 1395 1512 excludere
1418 1480 1525 1512 non
1554 1471 1789 1528 possent.
1839 1462 2118 1512 Praeterea

208 1547 409 1596 bonum
461 1546 623 1612 ipsius
677 1545 903 1595 familiae
952 1554 1005 1595 et
1056 1545 1369 1611 praesertim
1411 1545 1734 1595 conveniens
1775 1544 2023 1595 educatio
2065 1551 2118 1595 et

208 1630 479 1679 munimen
521 1629 849 1678 auctoritatis
901 1636 1156 1694 paternae
1204 1627 1469 1693 postulat,
1524 1637 1582 1677 ut
1621 1634 1870 1694 parentes
1911 1627 2117 1694 possint

207 1713 365 1761 etiam
407 1710 523 1761 filiis
564 1728 661 1777 pro
704 1710 1008 1760 diversitate
1048 1710 1357 1760 meritorum
1395 1717 1448 1760 et
1488 1710 1818 1760 necessitatis
1854 1710 2115 1760 diversam

207 1795 474 1844 bonorum
514 1794 866 1860 quantitatem
908 1792 1218 1858 relinquere.

281 1883 374 1934 Ad
420 1898 465 1948 3.
546 1883 844 1950 Proprietas
892 1884 1096 1949 privata
1145 1900 1252 1932 non
1304 1882 1480 1932 solum
1520 1882 1741 1948 singulis
1781 1882 2022 1949 personis
2062 1889 2115 1932 et

207 1966 412 2016 familiis
453 1967 702 2016 inservire
743 1965 932 2026 debet,
987 1966 1082 2015 sed
1125 1966 1284 2014 etiam
1326 1965 1472 2015 bono
1513 1965 1783 2015 societatis
1823 1965 2112 2015 universae.

208 2049 350 2100 Usus
391 2050 532 2098 enim
573 2049 839 2099 bonorum
881 2048 1040 2097 etiam
1068 2048 1346 2114 supposita
1386 2047 1713 2114 proprietate
1741 2046 1921 2113 aliquo
1950 2046 2116 2096 modo

207 2132 507 2182 communis
548 2140 760 2181 maneat
801 2138 1016 2196 oportet
1057 2132 1126 2194 (n.
1176 2131 1315 2193 380).
1385 2130 1555 2195 Alqm'
1594 2129 1678 2179 hic
1719 2129 1837 2179 finis
1877 2146 1984 2179 non
2025 2128 2115 2179 ob-

207 2215 461 2264 tineretur
511 2215 622 2264 sine
674 2214 782 2263 iure
839 2213 1157 2278 designandi
1208 2212 1479 2262 heredem.
1573 2211 1707 2278 Quis
1764 2212 1904 2262 enim
1955 2210 2116 2261 vellet

207 2297 351 2347 bona
404 2313 498 2347 sua
549 2313 890 2357 conservare,
950 2304 1007 2344 ut
1060 2311 1122 2344 ea
1177 2302 1302 2361 post
1358 2303 1588 2344 mortem
1641 2295 1711 2344 ad
1765 2311 1950 2344 causas
2001 2295 2116 2361 pias

207 2379 290 2429 vel
342 2380 546 2430 bonum
588 2395 875 2429 commune
915 2385 1249 2444 spectanteS,
1304 2395 1350 2428 V.
1395 2394 1445 2443 g.
1490 2377 1830 2439 nosocomia,
1883 2375 2113 2436 scholaS,

207 2461 505 2528 hospitalia,
535 2462 771 2511 instituta
793 2460 1040 2526 religiosa
1063 2468 1182 2521 etc.‚
1214 2460 1663 2526 impenderentur,
1693 2459 1736 2509 si
1758 2476 1865 2509 non
1894 2458 2117 2508 haberet

206 2544 286 2594 ius
342 2544 758 2605 determinandi,
822 2543 951 2610 quid
1008 2543 1076 2592 de
1135 2543 1291 2592 bonis
1346 2541 1444 2592 illis
1498 2549 1624 2608 post
1679 2549 1908 2592 mortem
1963 2557 2116 2590 suam

207 2626 318 2677 fieri
359 2625 587 2677 debeat?

211 2772 357 2838 398.
438 2775 628 2840 Neque
681 2774 826 2824 dicas
876 2787 916 2823 Ι.
960 2773 1305 2822 incommoda
1357 2772 1632 2838 praedicta
1682 2772 1858 2832 Vitari,
1912 2771 1954 2820 si
1996 2771 2115 2836 quis

209 2865 331 2907 ante
382 2865 611 2907 mortem
664 2856 732 2905 de
783 2873 880 2905 suo
924 2856 1175 2921 disponat
1225 2872 1321 2921 per
1372 2854 1722 2904 donationem
1772 2855 1907 2903 inter
1945 2854 2112 2904 vivos

209 2940 346 2989 Nam
389 2939 495 2989 hoc
537 2938 827 2988 remedium
870 2937 1087 2987 cuilibet
1126 2938 1427 3003 imponeret
1467 2953 1602 2986 onus
1651 2935 2017 3001 gravissimum
2056 2951 2113 2984 se

208 3021 472 3087 spoliandi
511 3021 748 3070 dominio
790 3037 960 3069 rerum
1001 3035 1212 3069 suarum
1254 3036 1350 3085 pro
1380 3034 1577 3084 magna
1603 3019 1742 3068 vitae
1783 3024 1948 3084 parte,
1991 3033 2112 3066 cum

210 3104 393 3154 mortis
434 3104 546 3153 dies
585 3103 652 3152 sit
691 3103 923 3152 incertus
964 3109 1018 3150 et
1057 3102 1160 3150 iam
1202 3110 1408 3150 mature
1449 3100 1651 3151 homini
1690 3099 1977 3149 immineat.

284 3186 476 3252 Neque
527 3185 672 3235 dicas
727 3198 772 3235 2.
816 3200 976 3250 posse
1028 3183 1172 3232 bona
1223 3191 1348 3248 post
1388 3191 1616 3232 mortem
1669 3181 1890 3247 relinqui
1940 3181 2112 3247 primo

211 3268 508 3334 occupanti.
591 3267 745 3316 Tunc
785 3266 950 3327 enim,
1006 3265 1216 3330 quoties
1258 3265 1375 3330 quis
1415 3282 1443 3314 e
1483 3265 1590 3314 vita
1636 3263 1947 3325 decederet,
2003 3279 2113 3312 ore-

213 3358 388 3400 rentur
438 3351 604 3416 iurgia
657 3357 709 3399 et
761 3348 878 3399 lites
929 3348 1068 3397 circa
1120 3346 1474 3397 hereditatem
1515 3356 1568 3396 et
1619 3345 1779 3395 nimia
1828 3345 2114 3395 haberetur
