<?xml version="1.0" encoding="UTF-8"?>
<!DOCTYPE html PUBLIC "-//W3C//DTD XHTML 1.0 Transitional//EN"
    "http://www.w3.org/TR/xhtml1/DTD/xhtml1-transitional.dtd">
<html xmlns="http://www.w3.org/1999/xhtml" xml:lang="en" lang="en">
 <head>
  <title>
</title>
<meta http-equiv="Content-Type" content="text/html;charset=utf-8" />
  <meta name='ocr-system' content='tesseract 3.04.00' />
  <meta name='ocr-capabilities' content='ocr_page ocr_carea ocr_par ocr_line ocrx_word'/>
</head>
<body>
  <div class='ocr_page' id='page_1' title='image "./philosophiamoral00cath_0252.png"; bbox 0 0 2182 3682; ppageno 0'>
   <div class='ocr_carea' id='block_1_1' title="bbox 213 172 1697 221">
    <p class='ocr_par' dir='ltr' id='par_1_1' title="bbox 213 172 1697 221">
     <span class='ocr_line' id='line_1_1' title="bbox 213 172 1697 221; baseline 0.001 -12"><span class='ocrx_word' id='word_1_1' title='bbox 213 172 316 221; x_wconf 75' lang='lat'>228</span> <span class='ocrx_word' id='word_1_2' title='bbox 608 181 721 209; x_wconf 85' lang='lat' dir='ltr'><strong>PARS</strong></span> <span class='ocrx_word' id='word_1_3' title='bbox 756 181 803 211; x_wconf 87' lang='grc' dir='ltr'>ΙΙ.</span> <span class='ocrx_word' id='word_1_4' title='bbox 854 181 1171 212; x_wconf 87' lang='lat' dir='ltr'>PHILOSOPHIA</span> <span class='ocrx_word' id='word_1_5' title='bbox 1205 181 1414 210; x_wconf 87' lang='lat' dir='ltr'>MORALIS</span> <span class='ocrx_word' id='word_1_6' title='bbox 1449 180 1697 211; x_wconf 84' lang='lat' dir='ltr'><strong>SPECIALIS.</strong></span> 
     </span>
    </p>
   </div>
   <div class='ocr_carea' id='block_1_2' title="bbox 210 317 2119 697">
    <p class='ocr_par' dir='ltr' id='par_1_2' title="bbox 210 317 2119 697">
     <span class='ocr_line' id='line_1_2' title="bbox 210 317 2117 383; baseline 0 -17"><span class='ocrx_word' id='word_1_7' title='bbox 210 318 262 367; x_wconf 89' lang='lat' dir='ltr'>in</span> <span class='ocrx_word' id='word_1_8' title='bbox 302 334 587 383; x_wconf 78' lang='lat' dir='ltr'>personam</span> <span class='ocrx_word' id='word_1_9' title='bbox 629 317 932 379; x_wconf 80' lang='lat' dir='ltr'>humanam,</span> <span class='ocrx_word' id='word_1_10' title='bbox 982 334 1090 367; x_wconf 91' lang='lat' dir='ltr'>non</span> <span class='ocrx_word' id='word_1_11' title='bbox 1131 317 1460 368; x_wconf 82' lang='lat' dir='ltr'>exclusivum</span> <span class='ocrx_word' id='word_1_12' title='bbox 1501 319 1554 367; x_wconf 91' lang='lat' dir='ltr'>in</span> <span class='ocrx_word' id='word_1_13' title='bbox 1595 334 1676 367; x_wconf 88' lang='lat' dir='ltr'>res</span> <span class='ocrx_word' id='word_1_14' title='bbox 1716 318 2021 378; x_wconf 82' lang='lat' dir='ltr'>exterioreS,</span> <span class='ocrx_word' id='word_1_15' title='bbox 2065 317 2117 366; x_wconf 91' lang='lat' dir='ltr'>in</span> 
     </span>
     <span class='ocr_line' id='line_1_3' title="bbox 212 387 2118 467; baseline 0 -18"><span class='ocrx_word' id='word_1_16' title='bbox 212 416 344 466; x_wconf 89' lang='lat' dir='ltr'>quas</span> <span class='ocrx_word' id='word_1_17' title='bbox 384 399 542 449; x_wconf 88' lang='lat' dir='ltr'>etiam</span> <span class='ocrx_word' id='word_1_18' title='bbox 583 399 786 450; x_wconf 90' lang='lat' dir='ltr'>homini</span> <span class='ocrx_word' id='word_1_19' title='bbox 814 400 1109 450; x_wconf 91' lang='lat' dir='ltr'>dominium</span> <span class='ocrx_word' id='word_1_20' title='bbox 1144 399 1447 467; x_wconf 78' lang='lat' dir='ltr'>impertivit,</span> <span class='ocrx_word' id='word_1_21' title='bbox 1490 387 1911 450; x_wconf 28' lang='lat' dir='ltr'>subordinatum⁷</span> <span class='ocrx_word' id='word_1_22' title='bbox 1939 388 2118 450; x_wconf 91' lang='lat' dir='ltr'>tamen</span> 
     </span>
     <span class='ocr_line' id='line_1_4' title="bbox 210 481 2117 548; baseline 0.001 -17"><span class='ocrx_word' id='word_1_23' title='bbox 210 482 307 531; x_wconf 84' lang='lat' dir='ltr'>iuri</span> <span class='ocrx_word' id='word_1_24' title='bbox 346 482 541 532; x_wconf 82' lang='lat' dir='ltr'>divino,</span> <span class='ocrx_word' id='word_1_25' title='bbox 624 481 751 533; x_wconf 83' lang='lat' dir='ltr'>Sola</span> <span class='ocrx_word' id='word_1_26' title='bbox 793 482 1087 532; x_wconf 81' lang='lat' dir='ltr'>destructio</span> <span class='ocrx_word' id='word_1_27' title='bbox 1129 482 1228 543; x_wconf 88' lang='lat' dir='ltr'>rei,</span> <span class='ocrx_word' id='word_1_28' title='bbox 1283 499 1422 548; x_wconf 88' lang='lat' dir='ltr'>quae</span> <span class='ocrx_word' id='word_1_29' title='bbox 1473 482 1524 532; x_wconf 90' lang='lat' dir='ltr'>in</span> <span class='ocrx_word' id='word_1_30' title='bbox 1565 481 1837 532; x_wconf 74' lang='lat' dir='ltr'>exclusivo</span> <span class='ocrx_word' id='word_1_31' title='bbox 1879 481 2117 532; x_wconf 89' lang='lat' dir='ltr'>dominio</span> 
     </span>
     <span class='ocr_line' id='line_1_5' title="bbox 211 563 2119 630; baseline 0 -17"><span class='ocrx_word' id='word_1_32' title='bbox 211 564 315 614; x_wconf 87' lang='lat' dir='ltr'>Dei</span> <span class='ocrx_word' id='word_1_33' title='bbox 354 573 461 623; x_wconf 80' lang='lat' dir='ltr'>est,</span> <span class='ocrx_word' id='word_1_34' title='bbox 516 565 753 615; x_wconf 91' lang='lat' dir='ltr'>continet</span> <span class='ocrx_word' id='word_1_35' title='bbox 793 564 1152 630; x_wconf 80' lang='lat' dir='ltr'>arrogantiam</span> <span class='ocrx_word' id='word_1_36' title='bbox 1195 564 1354 614; x_wconf 88' lang='lat' dir='ltr'>divini</span> <span class='ocrx_word' id='word_1_37' title='bbox 1396 564 1641 626; x_wconf 89' lang='lat' dir='ltr'>dominii,</span> <span class='ocrx_word' id='word_1_38' title='bbox 1690 565 1733 614; x_wconf 90' lang='lat' dir='ltr'>si</span> <span class='ocrx_word' id='word_1_39' title='bbox 1773 563 1865 614; x_wconf 88' lang='lat' dir='ltr'>fiat</span> <span class='ocrx_word' id='word_1_40' title='bbox 1905 564 2119 630; x_wconf 86' lang='lat' dir='ltr'>propria</span> 
     </span>
     <span class='ocr_line' id='line_1_6' title="bbox 210 656 542 697; baseline 0.003 -1"><span class='ocrx_word' id='word_1_41' title='bbox 210 656 542 697; x_wconf 81' lang='lat' dir='ltr'>auctoritate.</span> 
     </span>
    </p>
   </div>
   <div class='ocr_carea' id='block_1_3' title="bbox 210 785 2128 2499">
    <p class='ocr_par' dir='ltr' id='par_1_3' title="bbox 210 785 2121 1102">
     <span class='ocr_line' id='line_1_7' title="bbox 216 785 2121 854; baseline -0.001 -15"><span class='ocrx_word' id='word_1_42' title='bbox 216 785 362 851; x_wconf 85' lang='lat'>284.</span> <span class='ocrx_word' id='word_1_43' title='bbox 443 786 620 837; x_wconf 73' lang='lat' dir='ltr'>Sclwl.</span> <span class='ocrx_word' id='word_1_44' title='bbox 654 802 701 838; x_wconf 83' lang='lat' dir='ltr'>J.</span> <span class='ocrx_word' id='word_1_45' title='bbox 765 787 851 836; x_wconf 92' lang='lat' dir='ltr'>De</span> <span class='ocrx_word' id='word_1_46' title='bbox 890 787 1087 837; x_wconf 90' lang='lat' dir='ltr'>sanctis</span> <span class='ocrx_word' id='word_1_47' title='bbox 1126 787 1466 853; x_wconf 89' lang='lat' dir='ltr'>quibusdam,</span> <span class='ocrx_word' id='word_1_48' title='bbox 1511 787 1600 853; x_wconf 88' lang='lat' dir='ltr'>qui</span> <span class='ocrx_word' id='word_1_49' title='bbox 1639 795 1834 854; x_wconf 91' lang='lat' dir='ltr'>sponte</span> <span class='ocrx_word' id='word_1_50' title='bbox 1860 787 1959 837; x_wconf 89' lang='lat' dir='ltr'>sibi</span> <span class='ocrx_word' id='word_1_51' title='bbox 1986 804 2121 837; x_wconf 92' lang='lat' dir='ltr'>mor-</span> 
     </span>
     <span class='ocr_line' id='line_1_8' title="bbox 210 867 2120 936; baseline 0 -16"><span class='ocrx_word' id='word_1_52' title='bbox 210 877 321 920; x_wconf 87' lang='lat' dir='ltr'>tem</span> <span class='ocrx_word' id='word_1_53' title='bbox 350 870 670 920; x_wconf 83' lang='lat' dir='ltr'>conscivisse</span> <span class='ocrx_word' id='word_1_54' title='bbox 699 869 961 935; x_wconf 89' lang='lat' dir='ltr'>leguntur‚</span> <span class='ocrx_word' id='word_1_55' title='bbox 993 869 1282 919; x_wconf 91' lang='lat' dir='ltr'>dicendum</span> <span class='ocrx_word' id='word_1_56' title='bbox 1312 887 1406 919; x_wconf 92' lang='lat' dir='ltr'>eos</span> <span class='ocrx_word' id='word_1_57' title='bbox 1432 868 1516 919; x_wconf 88' lang='lat' dir='ltr'>vel</span> <span class='ocrx_word' id='word_1_58' title='bbox 1543 869 1793 920; x_wconf 89' lang='lat' dir='ltr'>instinctu</span> <span class='ocrx_word' id='word_1_59' title='bbox 1817 868 1870 920; x_wconf 83' lang='lat' dir='ltr'>S.</span> <span class='ocrx_word' id='word_1_60' title='bbox 1895 867 2120 936; x_wconf 86' lang='lat' dir='ltr'>Spiritus</span> 
     </span>
     <span class='ocr_line' id='line_1_9' title="bbox 212 951 2120 1019; baseline 0.001 -17"><span class='ocrx_word' id='word_1_61' title='bbox 212 953 384 1018; x_wconf 83' lang='lat' dir='ltr'>egisse</span> <span class='ocrx_word' id='word_1_62' title='bbox 434 952 518 1002; x_wconf 84' lang='lat' dir='ltr'>vel</span> <span class='ocrx_word' id='word_1_63' title='bbox 571 970 639 1002; x_wconf 81' lang='lat' dir='ltr'>ex</span> <span class='ocrx_word' id='word_1_64' title='bbox 689 969 864 1002; x_wconf 91' lang='lat' dir='ltr'>errore</span> <span class='ocrx_word' id='word_1_65' title='bbox 904 951 1239 1019; x_wconf 86' lang='lat' dir='ltr'>inculpabili,</span> <span class='ocrx_word' id='word_1_66' title='bbox 1286 951 1368 1002; x_wconf 82' lang='lat' dir='ltr'>vel</span> <span class='ocrx_word' id='word_1_67' title='bbox 1411 952 1643 1018; x_wconf 85' lang='lat' dir='ltr'>denique</span> <span class='ocrx_word' id='word_1_68' title='bbox 1683 970 1790 1002; x_wconf 92' lang='lat' dir='ltr'>non</span> <span class='ocrx_word' id='word_1_69' title='bbox 1830 952 2120 1003; x_wconf 86' lang='lat' dir='ltr'>intendisse</span> 
     </span>
     <span class='ocr_line' id='line_1_10' title="bbox 211 1035 1664 1102; baseline 0.001 -18"><span class='ocrx_word' id='word_1_70' title='bbox 211 1035 381 1102; x_wconf 89' lang='lat' dir='ltr'>ipsam</span> <span class='ocrx_word' id='word_1_71' title='bbox 423 1044 670 1096; x_wconf 89' lang='lat' dir='ltr'>mortem,</span> <span class='ocrx_word' id='word_1_72' title='bbox 713 1035 809 1085; x_wconf 87' lang='lat' dir='ltr'>sed</span> <span class='ocrx_word' id='word_1_73' title='bbox 851 1052 921 1084; x_wconf 85' lang='lat' dir='ltr'>eX</span> <span class='ocrx_word' id='word_1_74' title='bbox 961 1035 1109 1100; x_wconf 87' lang='lat' dir='ltr'>gravi</span> <span class='ocrx_word' id='word_1_75' title='bbox 1149 1051 1307 1085; x_wconf 90' lang='lat' dir='ltr'>causa</span> <span class='ocrx_word' id='word_1_76' title='bbox 1346 1035 1664 1101; x_wconf 88' lang='lat' dir='ltr'>permisisse.</span> 
     </span>
    </p>

    <p class='ocr_par' dir='ltr' id='par_1_4' title="bbox 210 1116 2128 2499">
     <span class='ocr_line' id='line_1_11' title="bbox 285 1116 2119 1184; baseline 0 -17"><span class='ocrx_word' id='word_1_77' title='bbox 285 1116 461 1168; x_wconf 75' lang='lat' dir='ltr'>Schol.</span> <span class='ocrx_word' id='word_1_78' title='bbox 506 1132 553 1167; x_wconf 80' lang='lat'>2.</span> <span class='ocrx_word' id='word_1_79' title='bbox 623 1116 1024 1184; x_wconf 84' lang='lat' dir='ltr'>Argumentum</span> <span class='ocrx_word' id='word_1_80' title='bbox 1064 1134 1132 1167; x_wconf 78' lang='lat' dir='ltr'>ex</span> <span class='ocrx_word' id='word_1_81' title='bbox 1174 1117 1403 1167; x_wconf 69' lang='lat' dir='ltr'>caritate</span> <span class='ocrx_word' id='word_1_82' title='bbox 1444 1117 1785 1184; x_wconf 88' lang='lat' dir='ltr'>desumptum</span> <span class='ocrx_word' id='word_1_83' title='bbox 1828 1116 1975 1167; x_wconf 93' lang='lat' dir='ltr'>nullo</span> <span class='ocrx_word' id='word_1_84' title='bbox 2017 1116 2119 1168; x_wconf 92' lang='lat' dir='ltr'>alio</span> 
     </span>
     <span class='ocr_line' id='line_1_12' title="bbox 211 1198 2119 1266; baseline 0 -17"><span class='ocrx_word' id='word_1_85' title='bbox 211 1201 625 1266; x_wconf 89' lang='lat' dir='ltr'>praesupposito</span> <span class='ocrx_word' id='word_1_86' title='bbox 677 1217 785 1249; x_wconf 92' lang='lat' dir='ltr'>non</span> <span class='ocrx_word' id='word_1_87' title='bbox 838 1199 1049 1249; x_wconf 89' lang='lat' dir='ltr'>videtur</span> <span class='ocrx_word' id='word_1_88' title='bbox 1100 1198 1387 1249; x_wconf 87' lang='lat' dir='ltr'>efficaciter</span> <span class='ocrx_word' id='word_1_89' title='bbox 1437 1217 1536 1265; x_wconf 91' lang='lat' dir='ltr'>pro</span> <span class='ocrx_word' id='word_1_90' title='bbox 1589 1200 1736 1249; x_wconf 91' lang='lat' dir='ltr'>omni</span> <span class='ocrx_word' id='word_1_91' title='bbox 1783 1216 1907 1250; x_wconf 87' lang='lat' dir='ltr'>casu</span> <span class='ocrx_word' id='word_1_92' title='bbox 1947 1199 2119 1250; x_wconf 89' lang='lat' dir='ltr'>illicei-</span> 
     </span>
     <span class='ocr_line' id='line_1_13' title="bbox 211 1281 2120 1348; baseline 0.001 -17"><span class='ocrx_word' id='word_1_93' title='bbox 211 1290 376 1332; x_wconf 88' lang='lat' dir='ltr'>tatem</span> <span class='ocrx_word' id='word_1_94' title='bbox 426 1282 633 1332; x_wconf 90' lang='lat' dir='ltr'>suicidii</span> <span class='ocrx_word' id='word_1_95' title='bbox 683 1282 927 1348; x_wconf 91' lang='lat' dir='ltr'>probare.</span> <span class='ocrx_word' id='word_1_96' title='bbox 1010 1281 1269 1348; x_wconf 85' lang='lat' dir='ltr'>Suppone</span> <span class='ocrx_word' id='word_1_97' title='bbox 1309 1299 1356 1331; x_wconf 89' lang='lat' dir='ltr'>v.</span> <span class='ocrx_word' id='word_1_98' title='bbox 1402 1298 1451 1346; x_wconf 90' lang='lat' dir='ltr'>g.</span> <span class='ocrx_word' id='word_1_99' title='bbox 1496 1281 1728 1348; x_wconf 88' lang='lat' dir='ltr'>aliquem</span> <span class='ocrx_word' id='word_1_100' title='bbox 1767 1281 2009 1332; x_wconf 91' lang='lat' dir='ltr'>bibulum</span> <span class='ocrx_word' id='word_1_101' title='bbox 2050 1282 2120 1332; x_wconf 91' lang='lat' dir='ltr'>in-</span> 
     </span>
     <span class='ocr_line' id='line_1_14' title="bbox 210 1363 2120 1431; baseline 0 -17"><span class='ocrx_word' id='word_1_102' title='bbox 210 1372 507 1415; x_wconf 83' lang='lat' dir='ltr'>veteratum</span> <span class='ocrx_word' id='word_1_103' title='bbox 562 1372 688 1431; x_wconf 87' lang='lat' dir='ltr'>post</span> <span class='ocrx_word' id='word_1_104' title='bbox 743 1365 1050 1414; x_wconf 89' lang='lat' dir='ltr'>missionem</span> <span class='ocrx_word' id='word_1_105' title='bbox 1105 1372 1322 1431; x_wconf 89' lang='lat' dir='ltr'>peracta</span> <span class='ocrx_word' id='word_1_106' title='bbox 1378 1363 1714 1414; x_wconf 89' lang='lat' dir='ltr'>confessione</span> <span class='ocrx_word' id='word_1_107' title='bbox 1767 1365 1969 1431; x_wconf 89' lang='lat' dir='ltr'>optime</span> <span class='ocrx_word' id='word_1_108' title='bbox 2022 1364 2120 1414; x_wconf 86' lang='lat' dir='ltr'>dis-</span> 
     </span>
     <span class='ocr_line' id='line_1_15' title="bbox 210 1445 2123 1513; baseline 0 -17"><span class='ocrx_word' id='word_1_109' title='bbox 210 1446 446 1513; x_wconf 88' lang='lat' dir='ltr'>positum</span> <span class='ocrx_word' id='word_1_110' title='bbox 475 1463 605 1497; x_wconf 89' lang='lat' dir='ltr'>esse.</span> <span class='ocrx_word' id='word_1_111' title='bbox 664 1445 773 1497; x_wconf 83' lang='lat' dir='ltr'>Sed</span> <span class='ocrx_word' id='word_1_112' title='bbox 814 1445 1173 1496; x_wconf 87' lang='lat' dir='ltr'>infirmitatem</span> <span class='ocrx_word' id='word_1_113' title='bbox 1202 1462 1351 1496; x_wconf 89' lang='lat' dir='ltr'>suam</span> <span class='ocrx_word' id='word_1_114' title='bbox 1386 1447 1620 1496; x_wconf 88' lang='lat' dir='ltr'>sentiens</span> <span class='ocrx_word' id='word_1_115' title='bbox 1656 1446 1943 1513; x_wconf 91' lang='lat' dir='ltr'>plurimum</span> <span class='ocrx_word' id='word_1_116' title='bbox 1970 1447 2123 1496; x_wconf 88' lang='lat' dir='ltr'>timet</span> 
     </span>
     <span class='ocr_line' id='line_1_16' title="bbox 211 1528 2123 1595; baseline 0.001 -17"><span class='ocrx_word' id='word_1_117' title='bbox 211 1528 476 1595; x_wconf 89' lang='lat' dir='ltr'>relapsum</span> <span class='ocrx_word' id='word_1_118' title='bbox 517 1530 569 1579; x_wconf 92' lang='lat' dir='ltr'>in</span> <span class='ocrx_word' id='word_1_119' title='bbox 611 1528 787 1595; x_wconf 85' lang='lat' dir='ltr'>priora</span> <span class='ocrx_word' id='word_1_120' title='bbox 827 1537 1067 1595; x_wconf 86' lang='lat' dir='ltr'>peccata,</span> <span class='ocrx_word' id='word_1_121' title='bbox 1111 1529 1276 1578; x_wconf 91' lang='lat' dir='ltr'>immo</span> <span class='ocrx_word' id='word_1_122' title='bbox 1318 1529 1552 1579; x_wconf 91' lang='lat' dir='ltr'>eundem</span> <span class='ocrx_word' id='word_1_123' title='bbox 1591 1546 1799 1579; x_wconf 89' lang='lat' dir='ltr'>summa</span> <span class='ocrx_word' id='word_1_124' title='bbox 1839 1528 2123 1595; x_wconf 85' lang='lat' dir='ltr'>probabili-</span> 
     </span>
     <span class='ocr_line' id='line_1_17' title="bbox 210 1611 2124 1678; baseline -0.001 -17"><span class='ocrx_word' id='word_1_125' title='bbox 210 1618 321 1661; x_wconf 88' lang='lat' dir='ltr'>tate</span> <span class='ocrx_word' id='word_1_126' title='bbox 374 1611 663 1678; x_wconf 83' lang='lat' dir='ltr'>praevidet.</span> <span class='ocrx_word' id='word_1_127' title='bbox 746 1611 1036 1677; x_wconf 88' lang='lat' dir='ltr'>Propterea</span> <span class='ocrx_word' id='word_1_128' title='bbox 1088 1628 1311 1677; x_wconf 90' lang='lat' dir='ltr'>gemens</span> <span class='ocrx_word' id='word_1_129' title='bbox 1363 1611 1656 1662; x_wconf 79' lang='lat' dir='ltr'>exclamat:</span> <span class='ocrx_word' id='word_1_130' title='bbox 1713 1611 1934 1662; x_wconf 89' lang='lat' dir='ltr'>Utinam</span> <span class='ocrx_word' id='word_1_131' title='bbox 1982 1627 2124 1661; x_wconf 91' lang='lat' dir='ltr'>nunc</span> 
     </span>
     <span class='ocr_line' id='line_1_18' title="bbox 213 1692 2123 1761; baseline -0.001 -17"><span class='ocrx_word' id='word_1_132' title='bbox 213 1692 472 1744; x_wconf 89' lang='lat' dir='ltr'>morerer!</span> <span class='ocrx_word' id='word_1_133' title='bbox 529 1694 686 1743; x_wconf 91' lang='lat' dir='ltr'>Nunc</span> <span class='ocrx_word' id='word_1_134' title='bbox 726 1709 954 1759; x_wconf 86' lang='lat' dir='ltr'>quaero:</span> <span class='ocrx_word' id='word_1_135' title='bbox 1001 1692 1056 1744; x_wconf 81' lang='lat' dir='ltr'>Si</span> <span class='ocrx_word' id='word_1_136' title='bbox 1096 1693 1337 1743; x_wconf 91' lang='lat' dir='ltr'>nondum</span> <span class='ocrx_word' id='word_1_137' title='bbox 1377 1694 1666 1760; x_wconf 90' lang='lat' dir='ltr'>probatum</span> <span class='ocrx_word' id='word_1_138' title='bbox 1706 1694 2026 1761; x_wconf 89' lang='lat' dir='ltr'>supponitur</span> <span class='ocrx_word' id='word_1_139' title='bbox 2065 1710 2123 1744; x_wconf 87' lang='lat' dir='ltr'>sc</span> 
     </span>
     <span class='ocr_line' id='line_1_19' title="bbox 212 1775 2121 1843; baseline -0.001 -17"><span class='ocrx_word' id='word_1_140' title='bbox 212 1776 388 1842; x_wconf 90' lang='lat' dir='ltr'>ipsum</span> <span class='ocrx_word' id='word_1_141' title='bbox 428 1776 727 1826; x_wconf 88' lang='lat' dir='ltr'>interimere</span> <span class='ocrx_word' id='word_1_142' title='bbox 757 1793 873 1826; x_wconf 91' lang='lat' dir='ltr'>esse</span> <span class='ocrx_word' id='word_1_143' title='bbox 913 1783 1213 1843; x_wconf 79' lang='lat' dir='ltr'>peccatum,</span> <span class='ocrx_word' id='word_1_144' title='bbox 1256 1777 1533 1842; x_wconf 88' lang='lat' dir='ltr'>quomodo</span> <span class='ocrx_word' id='word_1_145' title='bbox 1574 1783 1757 1843; x_wconf 90' lang='lat' dir='ltr'>potest</span> <span class='ocrx_word' id='word_1_146' title='bbox 1797 1775 2009 1827; x_wconf 85' lang='lat' dir='ltr'>ostendi</span> <span class='ocrx_word' id='word_1_147' title='bbox 2049 1793 2121 1826; x_wconf 94' lang='lat' dir='ltr'>re-</span> 
     </span>
     <span class='ocr_line' id='line_1_20' title="bbox 212 1858 2123 1925; baseline 0.001 -17"><span class='ocrx_word' id='word_1_148' title='bbox 212 1876 451 1925; x_wconf 90' lang='lat' dir='ltr'>pugnare</span> <span class='ocrx_word' id='word_1_149' title='bbox 481 1859 699 1920; x_wconf 88' lang='lat' dir='ltr'>caritati,</span> <span class='ocrx_word' id='word_1_150' title='bbox 731 1868 789 1908; x_wconf 93' lang='lat' dir='ltr'>ut</span> <span class='ocrx_word' id='word_1_151' title='bbox 817 1859 934 1925; x_wconf 83' lang='lat' dir='ltr'>quis</span> <span class='ocrx_word' id='word_1_152' title='bbox 955 1859 1118 1908; x_wconf 84' lang='lat' dir='ltr'>vitam</span> <span class='ocrx_word' id='word_1_153' title='bbox 1148 1858 1386 1925; x_wconf 89' lang='lat' dir='ltr'>corporis</span> <span class='ocrx_word' id='word_1_154' title='bbox 1414 1858 1608 1909; x_wconf 88' lang='lat' dir='ltr'>abiciat</span> <span class='ocrx_word' id='word_1_155' title='bbox 1635 1859 1703 1909; x_wconf 93' lang='lat' dir='ltr'>ad</span> <span class='ocrx_word' id='word_1_156' title='bbox 1726 1859 1888 1908; x_wconf 89' lang='lat' dir='ltr'>vitam</span> <span class='ocrx_word' id='word_1_157' title='bbox 1915 1858 2123 1909; x_wconf 82' lang='lat' dir='ltr'>animae</span> 
     </span>
     <span class='ocr_line' id='line_1_21' title="bbox 210 1939 2121 2007; baseline 0 -17"><span class='ocrx_word' id='word_1_158' title='bbox 210 1941 261 1990; x_wconf 88' lang='lat' dir='ltr'>in</span> <span class='ocrx_word' id='word_1_159' title='bbox 302 1948 420 1991; x_wconf 91' lang='lat' dir='ltr'>tuto</span> <span class='ocrx_word' id='word_1_160' title='bbox 463 1939 870 1992; x_wconf 83' lang='lat' dir='ltr'>collocandam?</span> <span class='ocrx_word' id='word_1_161' title='bbox 930 1940 1102 2003; x_wconf 88' lang='lat' dir='ltr'>Certe,</span> <span class='ocrx_word' id='word_1_162' title='bbox 1147 1949 1329 2007; x_wconf 89' lang='lat' dir='ltr'>potest</span> <span class='ocrx_word' id='word_1_163' title='bbox 1369 1949 1598 1991; x_wconf 91' lang='lat' dir='ltr'>mortem</span> <span class='ocrx_word' id='word_1_164' title='bbox 1629 1941 1946 2002; x_wconf 88' lang='lat' dir='ltr'>desiderare,</span> <span class='ocrx_word' id='word_1_165' title='bbox 1991 1957 2121 2007; x_wconf 91' lang='lat' dir='ltr'>ergo</span> 
     </span>
     <span class='ocr_line' id='line_1_22' title="bbox 211 2023 2122 2090; baseline -0.001 -17"><span class='ocrx_word' id='word_1_166' title='bbox 211 2023 325 2089; x_wconf 89' lang='lat' dir='ltr'>ipsa</span> <span class='ocrx_word' id='word_1_167' title='bbox 377 2040 520 2073; x_wconf 90' lang='lat' dir='ltr'>mors</span> <span class='ocrx_word' id='word_1_168' title='bbox 572 2041 681 2074; x_wconf 91' lang='lat' dir='ltr'>non</span> <span class='ocrx_word' id='word_1_169' title='bbox 734 2031 999 2090; x_wconf 87' lang='lat' dir='ltr'>repugnat</span> <span class='ocrx_word' id='word_1_170' title='bbox 1051 2023 1281 2085; x_wconf 87' lang='lat' dir='ltr'>caritati,</span> <span class='ocrx_word' id='word_1_171' title='bbox 1336 2040 1493 2073; x_wconf 91' lang='lat' dir='ltr'>secus</span> <span class='ocrx_word' id='word_1_172' title='bbox 1543 2024 1684 2073; x_wconf 87' lang='lat' dir='ltr'>enim</span> <span class='ocrx_word' id='word_1_173' title='bbox 1725 2040 1791 2073; x_wconf 94' lang='lat' dir='ltr'>ne</span> <span class='ocrx_word' id='word_1_174' title='bbox 1835 2023 2122 2073; x_wconf 87' lang='lat' dir='ltr'>desiderari</span> 
     </span>
     <span class='ocr_line' id='line_1_23' title="bbox 212 2095 2128 2172; baseline -0.001 -17"><span class='ocrx_word' id='word_1_175' title='bbox 212 2105 428 2172; x_wconf 89' lang='lat' dir='ltr'>quidem</span> <span class='ocrx_word' id='word_1_176' title='bbox 468 2114 678 2172; x_wconf 79' lang='lat' dir='ltr'>posset3</span> <span class='ocrx_word' id='word_1_177' title='bbox 722 2106 886 2155; x_wconf 91' lang='lat' dir='ltr'>immo</span> <span class='ocrx_word' id='word_1_178' title='bbox 928 2107 1043 2172; x_wconf 89' lang='lat' dir='ltr'>ipsa</span> <span class='ocrx_word' id='word_1_179' title='bbox 1084 2123 1226 2156; x_wconf 90' lang='lat' dir='ltr'>mors</span> <span class='ocrx_word' id='word_1_180' title='bbox 1254 2106 1305 2155; x_wconf 89' lang='lat' dir='ltr'>in</span> <span class='ocrx_word' id='word_1_181' title='bbox 1334 2105 1438 2155; x_wconf 92' lang='lat' dir='ltr'>hoc</span> <span class='ocrx_word' id='word_1_182' title='bbox 1480 2123 1603 2155; x_wconf 89' lang='lat' dir='ltr'>casu</span> <span class='ocrx_word' id='word_1_183' title='bbox 1647 2113 1787 2155; x_wconf 90' lang='lat' dir='ltr'>esset</span> <span class='ocrx_word' id='word_1_184' title='bbox 1826 2095 2128 2156; x_wconf 84' lang='lat' dir='ltr'>maximum</span> 
     </span>
     <span class='ocr_line' id='line_1_24' title="bbox 211 2187 2122 2254; baseline -0.001 -16"><span class='ocrx_word' id='word_1_185' title='bbox 211 2187 547 2238; x_wconf 89' lang='lat' dir='ltr'>beneficium.</span> <span class='ocrx_word' id='word_1_186' title='bbox 644 2188 792 2254; x_wconf 87' lang='lat' dir='ltr'>Ergo</span> <span class='ocrx_word' id='word_1_187' title='bbox 862 2188 1078 2238; x_wconf 89' lang='lat' dir='ltr'>aliunde</span> <span class='ocrx_word' id='word_1_188' title='bbox 1149 2205 1309 2254; x_wconf 87' lang='lat' dir='ltr'>quam</span> <span class='ocrx_word' id='word_1_189' title='bbox 1376 2205 1445 2237; x_wconf 83' lang='lat' dir='ltr'>ex</span> <span class='ocrx_word' id='word_1_190' title='bbox 1505 2188 1722 2238; x_wconf 90' lang='lat' dir='ltr'>caritate</span> <span class='ocrx_word' id='word_1_191' title='bbox 1782 2187 2122 2254; x_wconf 92' lang='lat' dir='ltr'>probandum</span> 
     </span>
     <span class='ocr_line' id='line_1_25' title="bbox 210 2269 2120 2337; baseline -0.001 -17"><span class='ocrx_word' id='word_1_192' title='bbox 210 2271 420 2321; x_wconf 79' lang='lat' dir='ltr'>videtur</span> <span class='ocrx_word' id='word_1_193' title='bbox 473 2271 525 2320; x_wconf 91' lang='lat' dir='ltr'>in</span> <span class='ocrx_word' id='word_1_194' title='bbox 580 2269 724 2320; x_wconf 91' lang='lat' dir='ltr'>nullo</span> <span class='ocrx_word' id='word_1_195' title='bbox 792 2287 1046 2337; x_wconf 89' lang='lat' dir='ltr'>umquam</span> <span class='ocrx_word' id='word_1_196' title='bbox 1112 2287 1237 2321; x_wconf 91' lang='lat' dir='ltr'>casu</span> <span class='ocrx_word' id='word_1_197' title='bbox 1301 2269 1499 2320; x_wconf 89' lang='lat' dir='ltr'>licitum</span> <span class='ocrx_word' id='word_1_198' title='bbox 1561 2287 1677 2320; x_wconf 90' lang='lat' dir='ltr'>esse</span> <span class='ocrx_word' id='word_1_199' title='bbox 1735 2270 1834 2320; x_wconf 89' lang='lat' dir='ltr'>sibi</span> <span class='ocrx_word' id='word_1_200' title='bbox 1893 2277 2120 2320; x_wconf 90' lang='lat' dir='ltr'>mortem</span> 
     </span>
     <span class='ocr_line' id='line_1_26' title="bbox 212 2352 2120 2419; baseline -0.001 -16"><span class='ocrx_word' id='word_1_201' title='bbox 212 2353 557 2403; x_wconf 86' lang='lat' dir='ltr'>consciscere.</span> <span class='ocrx_word' id='word_1_202' title='bbox 640 2352 718 2403; x_wconf 89' lang='lat' dir='ltr'>Cf.</span> <span class='ocrx_word' id='word_1_203' title='bbox 782 2353 846 2403; x_wconf 80' lang='lat' dir='ltr'>de</span> <span class='ocrx_word' id='word_1_204' title='bbox 904 2352 1087 2418; x_wconf 73' lang='lat' dir='ltr'>LugO,</span> <span class='ocrx_word' id='word_1_205' title='bbox 1153 2352 1238 2402; x_wconf 92' lang='lat' dir='ltr'>De</span> <span class='ocrx_word' id='word_1_206' title='bbox 1298 2353 1494 2402; x_wconf 89' lang='lat' dir='ltr'>iustitia</span> <span class='ocrx_word' id='word_1_207' title='bbox 1553 2361 1605 2402; x_wconf 91' lang='lat' dir='ltr'>et</span> <span class='ocrx_word' id='word_1_208' title='bbox 1663 2353 1775 2402; x_wconf 87' lang='lat' dir='ltr'>iure</span> <span class='ocrx_word' id='word_1_209' title='bbox 1835 2352 1970 2419; x_wconf 88' lang='lat' dir='ltr'>disp.</span> <span class='ocrx_word' id='word_1_210' title='bbox 2040 2365 2120 2412; x_wconf 91' lang='lat'>10,</span> 
     </span>
     <span class='ocr_line' id='line_1_27' title="bbox 211 2445 620 2499; baseline -0.002 -14"><span class='ocrx_word' id='word_1_211' title='bbox 211 2445 339 2486; x_wconf 91' lang='lat' dir='ltr'>sect.</span> <span class='ocrx_word' id='word_1_212' title='bbox 392 2450 433 2497; x_wconf 87' lang='grc' dir='ltr'>Ι,</span> <span class='ocrx_word' id='word_1_213' title='bbox 477 2452 526 2485; x_wconf 91' lang='lat' dir='ltr'>n.</span> <span class='ocrx_word' id='word_1_214' title='bbox 576 2445 620 2499; x_wconf 88' lang='lat'>5.</span> 
     </span>
    </p>
   </div>
   <div class='ocr_carea' id='block_1_4' title="bbox 213 2572 2128 2718">
    <p class='ocr_par' dir='ltr' id='par_1_5' title="bbox 213 2572 2128 2718">
     <span class='ocr_line' id='line_1_28' title="bbox 218 2572 2128 2645; baseline 0 -15"><span class='ocrx_word' id='word_1_215' title='bbox 218 2572 365 2638; x_wconf 86' lang='lat'><strong>285·</strong></span> <span class='ocrx_word' id='word_1_216' title='bbox 429 2591 531 2631; x_wconf 80' lang='lat' dir='ltr'>Obi.</span> <span class='ocrx_word' id='word_1_217' title='bbox 567 2604 600 2631; x_wconf 84' lang='lat'>1.</span> <span class='ocrx_word' id='word_1_218' title='bbox 651 2584 904 2632; x_wconf 85' lang='lat' dir='ltr'>Beneficio</span> <span class='ocrx_word' id='word_1_219' title='bbox 942 2583 1223 2631; x_wconf 86' lang='lat' dir='ltr'>renuntiare</span> <span class='ocrx_word' id='word_1_220' title='bbox 1260 2598 1533 2645; x_wconf 87' lang='lat' dir='ltr'>possumus.</span> <span class='ocrx_word' id='word_1_221' title='bbox 1587 2582 1742 2644; x_wconf 75' lang='lat' dir='ltr'>Atqui</span> <span class='ocrx_word' id='word_1_222' title='bbox 1762 2582 1860 2630; x_wconf 89' lang='lat' dir='ltr'>vita</span> <span class='ocrx_word' id='word_1_223' title='bbox 1885 2591 1957 2631; x_wconf 88' lang='lat' dir='ltr'>est</span> <span class='ocrx_word' id='word_1_224' title='bbox 1980 2582 2128 2630; x_wconf 85' lang='lat' dir='ltr'>bene·</span> 
     </span>
     <span class='ocr_line' id='line_1_29' title="bbox 213 2657 716 2718; baseline 0.006 -15"><span class='ocrx_word' id='word_1_225' title='bbox 213 2657 391 2704; x_wconf 87' lang='lat' dir='ltr'>ficium.</span> <span class='ocrx_word' id='word_1_226' title='bbox 464 2659 603 2718; x_wconf 73' lang='lat' dir='ltr'>Ergo</span> <span class='ocrx_word' id='word_1_227' title='bbox 631 2697 639 2706; x_wconf 91' lang='lat'>.</span> <span class='ocrx_word' id='word_1_228' title='bbox 670 2697 677 2706; x_wconf 89' lang='lat'>.</span> <span class='ocrx_word' id='word_1_229' title='bbox 709 2697 716 2706; x_wconf 92' lang='lat'>.</span> 
     </span>
    </p>
   </div>
   <div class='ocr_carea' id='block_1_5' title="bbox 213 2746 2126 3104">
    <p class='ocr_par' dir='ltr' id='par_1_6' title="bbox 213 2746 2126 3104">
     <span class='ocr_line' id='line_1_30' title="bbox 292 2746 2125 2808; baseline -0.001 -14"><span class='ocrx_word' id='word_1_230' title='bbox 292 2757 443 2806; x_wconf 85' lang='lat' dir='ltr'>Resp.</span> <span class='ocrx_word' id='word_1_231' title='bbox 516 2748 646 2795; x_wconf 81' lang='lat' dir='ltr'>Dz‘st.</span> <span class='ocrx_word' id='word_1_232' title='bbox 685 2750 827 2795; x_wconf 43' lang='lat' dir='ltr'>main·</span> <span class='ocrx_word' id='word_1_233' title='bbox 872 2747 1152 2805; x_wconf 87' lang='lat' dir='ltr'>Beneficio,</span> <span class='ocrx_word' id='word_1_234' title='bbox 1197 2747 1331 2808; x_wconf 87' lang='lat' dir='ltr'>quod</span> <span class='ocrx_word' id='word_1_235' title='bbox 1367 2746 1513 2794; x_wconf 89' lang='lat' dir='ltr'>nobis</span> <span class='ocrx_word' id='word_1_236' title='bbox 1548 2747 1784 2808; x_wconf 87' lang='lat' dir='ltr'>primario</span> <span class='ocrx_word' id='word_1_237' title='bbox 1820 2746 1870 2793; x_wconf 92' lang='lat' dir='ltr'>in</span> <span class='ocrx_word' id='word_1_238' title='bbox 1906 2754 2125 2793; x_wconf 86' lang='lat' dir='ltr'>nostram</span> 
     </span>
     <span class='ocr_line' id='line_1_31' title="bbox 213 2821 2124 2880; baseline -0.002 -11"><span class='ocrx_word' id='word_1_239' title='bbox 213 2822 469 2870; x_wconf 87' lang='lat' dir='ltr'>utilitatem</span> <span class='ocrx_word' id='word_1_240' title='bbox 506 2823 758 2870; x_wconf 86' lang='lat' dir='ltr'>confertur</span> <span class='ocrx_word' id='word_1_241' title='bbox 795 2832 843 2870; x_wconf 91' lang='lat' dir='ltr'>et</span> <span class='ocrx_word' id='word_1_242' title='bbox 878 2831 1047 2869; x_wconf 87' lang='lat' dir='ltr'>nostro</span> <span class='ocrx_word' id='word_1_243' title='bbox 1085 2821 1309 2869; x_wconf 87' lang='lat' dir='ltr'>dominio</span> <span class='ocrx_word' id='word_1_244' title='bbox 1346 2821 1592 2878; x_wconf 88' lang='lat' dir='ltr'>subicitur,</span> <span class='ocrx_word' id='word_1_245' title='bbox 1631 2837 1765 2879; x_wconf 62' lang='lat' dir='ltr'><em>conc„</em></span> <span class='ocrx_word' id='word_1_246' title='bbox 1804 2836 1958 2879; x_wconf 89' lang='lat' dir='ltr'>secus,</span> <span class='ocrx_word' id='word_1_247' title='bbox 1996 2835 2124 2880; x_wconf 76' lang='lat' dir='ltr'>nego.</span> 
     </span>
     <span class='ocr_line' id='line_1_32' title="bbox 220 2895 2126 2958; baseline -0.001 -15"><span class='ocrx_word' id='word_1_248' title='bbox 220 2896 506 2944; x_wconf 79' lang='lat' dir='ltr'>Contradz&#39;st.</span> <span class='ocrx_word' id='word_1_249' title='bbox 533 2899 643 2944; x_wconf 73' lang='lat' dir='ltr'>min.</span> <span class='ocrx_word' id='word_1_250' title='bbox 712 2897 825 2943; x_wconf 86' lang='lat' dir='ltr'>Vita</span> <span class='ocrx_word' id='word_1_251' title='bbox 860 2898 1004 2944; x_wconf 88' lang='lat' dir='ltr'>nobis</span> <span class='ocrx_word' id='word_1_252' title='bbox 1039 2896 1274 2958; x_wconf 90' lang='lat' dir='ltr'>primario</span> <span class='ocrx_word' id='word_1_253' title='bbox 1313 2896 1427 2943; x_wconf 89' lang='lat' dir='ltr'>data</span> <span class='ocrx_word' id='word_1_254' title='bbox 1464 2905 1536 2943; x_wconf 86' lang='lat' dir='ltr'>est</span> <span class='ocrx_word' id='word_1_255' title='bbox 1571 2896 1634 2943; x_wconf 86' lang='lat' dir='ltr'>ad</span> <span class='ocrx_word' id='word_1_256' title='bbox 1660 2897 1772 2943; x_wconf 93' lang='lat' dir='ltr'>Deo</span> <span class='ocrx_word' id='word_1_257' title='bbox 1798 2895 2126 2952; x_wconf 88' lang='lat' dir='ltr'>serviendum,</span> 
     </span>
     <span class='ocr_line' id='line_1_33' title="bbox 215 2969 2126 3034; baseline -0.001 -17"><span class='ocrx_word' id='word_1_258' title='bbox 215 2971 299 3032; x_wconf 86' lang='lat' dir='ltr'>qui</span> <span class='ocrx_word' id='word_1_259' title='bbox 335 2971 593 3034; x_wconf 87' lang='lat' dir='ltr'>primarius</span> <span class='ocrx_word' id='word_1_260' title='bbox 630 2981 702 3019; x_wconf 89' lang='lat' dir='ltr'>est</span> <span class='ocrx_word' id='word_1_261' title='bbox 737 2971 845 3018; x_wconf 89' lang='lat' dir='ltr'>finis</span> <span class='ocrx_word' id='word_1_262' title='bbox 881 2971 1011 3019; x_wconf 74' lang='lat' dir='ltr'>vitae</span> <span class='ocrx_word' id='word_1_263' title='bbox 1046 2972 1308 3018; x_wconf 86' lang='lat' dir='ltr'>humanae.</span> <span class='ocrx_word' id='word_1_264' title='bbox 1381 2970 1640 3029; x_wconf 89' lang='lat' dir='ltr'>Ceterum,</span> <span class='ocrx_word' id='word_1_265' title='bbox 1677 2970 1760 3032; x_wconf 90' lang='lat' dir='ltr'>qui</span> <span class='ocrx_word' id='word_1_266' title='bbox 1797 2985 1847 3018; x_wconf 88' lang='lat' dir='ltr'>se</span> <span class='ocrx_word' id='word_1_267' title='bbox 1883 2969 2126 3028; x_wconf 88' lang='lat' dir='ltr'>interficit,</span> 
     </span>
     <span class='ocr_line' id='line_1_34' title="bbox 214 3046 1642 3104; baseline 0.001 -12"><span class='ocrx_word' id='word_1_268' title='bbox 214 3061 318 3093; x_wconf 92' lang='lat' dir='ltr'>non</span> <span class='ocrx_word' id='word_1_269' title='bbox 355 3047 512 3094; x_wconf 89' lang='lat' dir='ltr'>solum</span> <span class='ocrx_word' id='word_1_270' title='bbox 548 3048 794 3093; x_wconf 76' lang='lat' dir='ltr'>renuntiat</span> <span class='ocrx_word' id='word_1_271' title='bbox 825 3048 954 3094; x_wconf 87' lang='lat' dir='ltr'>vitae</span> <span class='ocrx_word' id='word_1_272' title='bbox 991 3061 1121 3104; x_wconf 86' lang='lat' dir='ltr'>suae,</span> <span class='ocrx_word' id='word_1_273' title='bbox 1161 3046 1248 3093; x_wconf 90' lang='lat' dir='ltr'>sed</span> <span class='ocrx_word' id='word_1_274' title='bbox 1285 3060 1396 3093; x_wconf 87' lang='lat' dir='ltr'>eam</span> <span class='ocrx_word' id='word_1_275' title='bbox 1432 3046 1642 3093; x_wconf 80' lang='lat' dir='ltr'>destruit.</span> 
     </span>
    </p>
   </div>
   <div class='ocr_carea' id='block_1_6' title="bbox 215 3140 2129 3427">
    <p class='ocr_par' dir='ltr' id='par_1_7' title="bbox 215 3140 2129 3427">
     <span class='ocr_line' id='line_1_35' title="bbox 297 3140 2124 3204; baseline -0.002 -14"><span class='ocrx_word' id='word_1_276' title='bbox 297 3150 398 3191; x_wconf 84' lang='lat' dir='ltr'>Obi.</span> <span class='ocrx_word' id='word_1_277' title='bbox 434 3163 476 3190; x_wconf 90' lang='lat'>2.</span> <span class='ocrx_word' id='word_1_278' title='bbox 543 3144 783 3190; x_wconf 77' lang='lat' dir='ltr'>Huuu&#39;us:</span> <span class='ocrx_word' id='word_1_279' title='bbox 830 3143 879 3190; x_wconf 82' lang='lat' dir='ltr'>Si</span> <span class='ocrx_word' id='word_1_280' title='bbox 926 3158 1030 3190; x_wconf 91' lang='lat' dir='ltr'>non</span> <span class='ocrx_word' id='word_1_281' title='bbox 1076 3157 1332 3204; x_wconf 83' lang='lat' dir='ltr'>possemus</span> <span class='ocrx_word' id='word_1_282' title='bbox 1378 3142 1644 3204; x_wconf 87' lang='lat' dir='ltr'>disponere</span> <span class='ocrx_word' id='word_1_283' title='bbox 1692 3141 1756 3188; x_wconf 91' lang='lat' dir='ltr'>de</span> <span class='ocrx_word' id='word_1_284' title='bbox 1802 3140 1901 3188; x_wconf 86' lang='lat' dir='ltr'>vita</span> <span class='ocrx_word' id='word_1_285' title='bbox 1943 3148 2124 3200; x_wconf 84' lang='lat' dir='ltr'>nostra,</span> 
     </span>
     <span class='ocr_line' id='line_1_36' title="bbox 215 3215 2125 3280; baseline 0.001 -18"><span class='ocrx_word' id='word_1_286' title='bbox 215 3231 379 3278; x_wconf 88' lang='lat' dir='ltr'>neque</span> <span class='ocrx_word' id='word_1_287' title='bbox 415 3233 669 3280; x_wconf 88' lang='lat' dir='ltr'>possemus</span> <span class='ocrx_word' id='word_1_288' title='bbox 706 3233 899 3265; x_wconf 90' lang='lat' dir='ltr'>cursum</span> <span class='ocrx_word' id='word_1_289' title='bbox 934 3225 1138 3264; x_wconf 85' lang='lat' dir='ltr'>naturae</span> <span class='ocrx_word' id='word_1_290' title='bbox 1175 3225 1363 3264; x_wconf 88' lang='lat' dir='ltr'>mutare</span> <span class='ocrx_word' id='word_1_291' title='bbox 1400 3217 1464 3264; x_wconf 90' lang='lat' dir='ltr'>ad</span> <span class='ocrx_word' id='word_1_292' title='bbox 1488 3216 1638 3263; x_wconf 87' lang='lat' dir='ltr'>vitam</span> <span class='ocrx_word' id='word_1_293' title='bbox 1663 3215 1970 3273; x_wconf 88' lang='lat' dir='ltr'>servandam,</span> <span class='ocrx_word' id='word_1_294' title='bbox 2007 3232 2051 3263; x_wconf 90' lang='lat' dir='ltr'>v.</span> <span class='ocrx_word' id='word_1_295' title='bbox 2079 3231 2125 3276; x_wconf 87' lang='lat' dir='ltr'>g.</span> 
     </span>
     <span class='ocr_line' id='line_1_37' title="bbox 216 3289 2129 3354; baseline -0.001 -17"><span class='ocrx_word' id='word_1_296' title='bbox 216 3300 436 3340; x_wconf 86' lang='lat' dir='ltr'>avertere</span> <span class='ocrx_word' id='word_1_297' title='bbox 484 3292 728 3354; x_wconf 89' lang='lat' dir='ltr'>lapidem,</span> <span class='ocrx_word' id='word_1_298' title='bbox 778 3292 862 3354; x_wconf 87' lang='lat' dir='ltr'>qui</span> <span class='ocrx_word' id='word_1_299' title='bbox 898 3291 1043 3339; x_wconf 91' lang='lat' dir='ltr'>nobis</span> <span class='ocrx_word' id='word_1_300' title='bbox 1079 3300 1290 3338; x_wconf 87' lang='lat' dir='ltr'>mortem</span> <span class='ocrx_word' id='word_1_301' title='bbox 1327 3290 1552 3338; x_wconf 86' lang='lat' dir='ltr'>minatur.</span> <span class='ocrx_word' id='word_1_302' title='bbox 1624 3289 1778 3351; x_wconf 81' lang='lat' dir='ltr'>Atqui</span> <span class='ocrx_word' id='word_1_303' title='bbox 1807 3290 1904 3336; x_wconf 93' lang='lat' dir='ltr'>hoc</span> <span class='ocrx_word' id='word_1_304' title='bbox 1941 3297 2013 3336; x_wconf 87' lang='lat' dir='ltr'>est</span> <span class='ocrx_word' id='word_1_305' title='bbox 2048 3290 2129 3336; x_wconf 89' lang='lat' dir='ltr'>ab·</span> 
     </span>
     <span class='ocr_line' id='line_1_38' title="bbox 217 3367 756 3427; baseline 0.009 -17"><span class='ocrx_word' id='word_1_306' title='bbox 217 3367 431 3414; x_wconf 86' lang='lat' dir='ltr'>surdum.</span> <span class='ocrx_word' id='word_1_307' title='bbox 503 3367 641 3427; x_wconf 76' lang='lat' dir='ltr'>Ergo</span> <span class='ocrx_word' id='word_1_308' title='bbox 669 3406 677 3415; x_wconf 99' lang='lat'>.</span> <span class='ocrx_word' id='word_1_309' title='bbox 708 3405 716 3414; x_wconf 93' lang='lat'>.</span> <span class='ocrx_word' id='word_1_310' title='bbox 749 3406 756 3415; x_wconf 93' lang='lat'>.</span> 
     </span>
    </p>
   </div>
  </div>
 </body>
</html>
