2182 3682
211 182 278 244 98
615 191 731 220 PARS
766 192 795 220 Ι.
849 192 1162 221 PHILOSOPHIA
1197 192 1402 221 MORALIS
1438 193 1718 223 GENERAIIS.

287 336 438 385 Resp.
507 328 638 375 Dz'st.
681 331 823 376 mai„-
871 330 1060 375 Malum
1107 330 1242 375 bono
1291 329 1538 376 contrarie
1586 329 1853 412 opponitur
1899 331 2120 392 praecise

208 402 398 448 ratione
446 402 596 485 ipsius
636 403 876 461 malitiae,
927 419 1067 463 nege,
1115 402 1308 449 ratione
1345 403 1541 463 positivi
1577 399 1749 466 (boni),
1798 404 1848 451 in
1885 420 1984 465 quo
2021 406 2123 452 fun-

209 477 350 523 datur
363 478 452 524 ·vel
490 477 567 524 cui
604 477 883 538 adiungitur
919 441 1104 524 malitia
1135 474 1362 538 (privatio
1399 478 1704 525 rectitudinis
1733 475 1966 541 debitae),
2004 495 2119 528 conc.
2180 479 2182 510 ἓ

218 551 353 598 Cone
393 568 503 598 mm.
545 561 593 599 et
629 568 743 611 nege
779 567 896 598 [αγις.

291 648 393 688 Obi.
429 660 471 688 2.
540 642 693 688 Actus
729 641 888 688 bonus
933 649 981 687 et
1017 641 1170 687 malus
1207 640 1373 701 specie
1410 640 1537 687 inter
1574 656 1625 688 se
1663 641 1909 689 differunt
1970 642 2124 704 Atqui

210 715 520 763 differentiae
558 715 821 776 specificae
858 724 968 762 sunt
1003 715 1266 776 positivum
1306 715 1437 775 quid.
1499 716 1638 776 Ergo
1673 718 1856 763 malum
1893 726 1965 763 est
1999 718 2126 779 posi-

214 790 365 837 tivum
404 790 537 851 quid.

289 889 440 937 Resp.
481 879 611 925 Dist.
632 880 740 925 Μαί.
761 897 773 925 .·
799 880 952 926 Actus
977 880 1133 926 malus
1160 880 1222 926 ab
1250 888 1362 926 actu
1388 880 1524 926 bono
1551 879 1717 942 specie
1744 880 1909 928 differt
1932 881 2125 929 ratione

210 954 464 1016 praecisae
509 953 748 1012 malitiae,
799 970 939 1014 nege,
990 955 1179 1002 ratione
1228 954 1468 1016 positivae
1514 955 1801 1003 tendentiae
1837 955 1888 1002 in
1923 956 2124 1015 bonum,

212 1029 289 1077 cui
325 1029 606 1089 adiungitur
643 1029 851 1090 privatio
889 1029 1220 1086 rectitudinis,
1260 1045 1375 1076 cene.
1453 1029 1587 1077 Com.
1625 1032 1735 1077 min.
1807 1031 1939 1078 Dist.
1979 1047 2129 1078 cons:

212 1107 379 1162 Actus,
415 1103 499 1165 qui
526 1112 597 1151 est
622 1105 791 1162 malus,
831 1112 904 1151 est
928 1103 1191 1166 positivum
1219 1105 1351 1165 quid,
1391 1120 1525 1161 conc„
1564 1105 1670 1166 ipsa
1694 1105 1879 1151 malitia
1903 1107 2126 1167 praecise

211 1188 429 1241 sumpta,
472 1195 599 1239 nego.
672 1181 730 1225 In
767 1188 879 1225 actu
915 1181 1046 1226 malo
1083 1179 1181 1226 duo
1220 1179 1568 1240 distinguenda
1604 1188 1738 1226 sunt:
1790 1181 1966 1227 entitas
2002 1180 2129 1242 posi-

210 1254 308 1304 tiva
344 1262 391 1301 et
429 1254 639 1315 privatio
676 1253 981 1301 rectitudinis
1019 1254 1230 1300 debitae.
1305 1255 1403 1300 Sub
1440 1253 1607 1315 priore
1644 1262 1872 1315 respectu
1907 1263 2043 1302 actus
2077 1255 2128 1302 in

212 1338 346 1376 certa
393 1328 559 1390 specie
610 1328 915 1376 constituitur
955 1343 1045 1390 per
1082 1328 1330 1375 obiectum
1369 1329 1601 1387 formale,
1652 1328 1788 1389 quod
1825 1345 2020 1391 semper
2057 1338 2130 1377 est

212 1405 377 1465 aliqua
413 1403 536 1451 ratio
574 1403 706 1450 boni.
765 1405 869 1450 «Ex
906 1418 966 1450 eo
1005 1403 1141 1463 quod
1178 1403 1386 1465 positive
1424 1404 1473 1449 in
1510 1412 1621 1450 actu
1657 1403 1916 1463 invenitur,
1953 1404 2130 1467 recipit

212 1488 346 1525 actus
385 1478 618 1540 speciem,
659 1478 746 1525 sed
784 1494 843 1525 ex
879 1478 1155 1540 privatione
1195 1488 1533 1539 consequente
1571 1477 1749 1525 dicitur
1784 1480 1985 1526 malus.»
2054 1483 2130 1527 Ita

212 1553 259 1600 S.
308 1554 498 1609 Pham,
537 1554 616 1600 De
653 1554 784 1600 malo
823 1569 869 1614 q.
913 1570 953 1610 2,
1005 1570 1046 1599 a.
1086 1570 1116 1612 4
1153 1554 1216 1600 ad
1255 1555 1312 1611 ὃς
1362 1553 1422 1600 cf.
1463 1553 1608 1599 etiam
1648 1554 1703 1600 C.
1741 1562 1874 1614 gent.
1914 1570 1958 1615 3,
2001 1571 2042 1601 c.
2082 1572 2126 1616 o.

456 1727 483 1782 ξ
517 1741 555 1781 3.
605 1731 684 1769 DE
718 1730 1182 1769 INDIFFERENTIA
1217 1730 1463 1770 ACTL‘UM
1496 1731 1886 1771 INTERIORUM.

216 1826 281 1880 (S.
324 1829 464 1867 Tlmm.
505 1839 537 1877 Ι,
576 1838 613 1876 2,
649 1842 688 1879 q.
729 1828 793 1875 18,
829 1841 864 1866 a.
901 1827 925 1866 8
961 1834 1001 1865 et
1034 1839 1084 1878 9;
1120 1827 1186 1865 De
1220 1827 1329 1865 malo
1363 1841 1401 1879 q.
1439 1837 1482 1875 2,
1519 1841 1554 1866 a.
1592 1836 1628 1878 5.
1692 1827 2126 1874 Ballerini-Palmieri,

589 1895 708 1947 Opus
742 1895 928 1947 theolog.
964 1895 1121 1933 morale
1154 1895 1186 1943 Ι,
1222 1902 1340 1933 tract.
1381 1905 1415 1942 Ι,
1451 1909 1490 1933 n.
1527 1894 1608 1943 169
1632 1891 1745 1947 sqq.)

290 1997 577 2048 Declarata
618 2008 805 2049 natura
847 2007 1062 2048 actuum
1114 1998 1379 2067 bonorum
1435 2005 1488 2046 et
1537 1995 1800 2046 malorum
1842 1998 2126 2078 quaeritur,

215 2088 393 2130 utrum
436 2081 622 2130 divisio
665 2089 879 2131 actuum
932 2081 982 2130 in
1039 2080 1214 2129 bonos
1266 2089 1318 2129 et
1358 2079 1529 2129 malos
1568 2081 1635 2129 sit
1674 2072 2002 2145 adaequata,
2061 2096 2128 2129 an

215 2181 342 2233 vero
394 2164 498 2213 sint
549 2173 700 2214 actus
754 2162 983 2248 morales
1034 2163 1426 2223 indifferentes,
1486 2162 1514 2212 i.
1559 2180 1603 2212 e.
1648 2179 1823 2228 neque
1874 2162 2003 2212 boni
2044 2178 2130 2211 ne·

219 2264 323 2312 que
364 2245 502 2295 mali.

944 2337 1213 2386 THESIS
1251 2338 1397 2384 XIX.

226 2446 368 2497 113·
465 2443 670 2489 Nullus
723 2449 882 2489 actus
935 2442 1277 2489 deliberatus
1338 2441 1394 2488 in
1459 2440 1747 2488 individuo
1802 2439 2130 2487 indifferens

221 2532 346 2566 esse
383 2524 587 2578 potest.

296 2625 384 2677 St.
431 2625 506 2693 Q.
586 2627 761 2678 Actus
813 2628 1077 2677 humanus
1128 2627 1356 2693 spectari
1413 2634 1592 2692 potest
1656 2640 1696 2676 Ι.
1740 2626 1797 2675 in
1831 2624 2017 2690 specie
2057 2624 2127 2688 (in

220 2710 529 2773 abstracto),
573 2711 601 2760 i.
634 2728 676 2759 e.
710 2710 1006 2759 secundum
1048 2726 1200 2758 suum
1244 2709 1530 2768 obiectum,
1575 2724 1604 2757 a
1633 2725 1740 2773 quo
1775 2705 2126 2772 specificatur,

221 2792 582 2842 abstrahendo
623 2809 655 2842 a
696 2792 799 2842 fine
841 2791 1110 2858 operantis
1151 2799 1204 2841 et
1256 2790 1464 2856 reliquis
1509 2789 1912 2839 circumstantiis
1952 2795 2156 2838 actum·

221 2876 272 2924 in
314 2884 569 2924 concreto
623 2875 1032 2935 comitantibus,
1090 2887 1136 2923 2.
1181 2873 1237 2923 in
1277 2872 1557 2922 individuo
1611 2872 1682 2935 (in
1735 2869 2033 2933 concreto),
2088 2885 2130 2918 51

223 2957 589 3007 consideratur
626 2973 731 3006 una
772 2974 890 3007 cum
934 2956 1184 3005 omnibus
1225 2954 1657 3014 circumstantiis,
1716 2952 2036 3019 quibuscum
2078 2950 2130 2999 in

224 3045 479 3088 concreto
522 3039 748 3103 ponitur.
829 3038 939 3087 Iam
993 3054 1180 3087 omnes
1232 3037 1521 3086 admittunt
1571 3052 1687 3085 esse
1727 3042 1879 3084 actus
1930 3032 2129 3082 indiffe-

225 3129 399 3170 rentes
438 3120 489 3168 in
529 3120 723 3186 specie.
806 3119 943 3170 Sunt
998 3120 1137 3168 enim
1190 3119 1388 3167 multae
1427 3118 1667 3167 actiones
1707 3117 1816 3165 sive
1854 3114 2131 3164 interiores

224 3203 333 3251 sive
375 3202 680 3262 exteriorQes
725 3210 782 3250 ut
822 3201 1120 3262 ambulare,
1179 3201 1389 3260 sedere,
1433 3200 1676 3259 studere,
1719 3197 1856 3247 velle
1895 3194 2182 3255 studere,

227 3300 364 3349 quae
405 3301 500 3349 per
539 3300 597 3333 se
637 3292 691 3332 et
729 3283 1023 3332 secundum
1065 3299 1217 3331 suurn
1246 3282 1520 3332 obiectum
1561 3279 1930 3330 consideratae
1956 3292 2130 3365 neque
2181 3270 2182 3280 ¹

228 3366 453 3430 positive
495 3366 768 3414 difformes
809 3382 981 3429 neque
1023 3365 1250 3430 positive
1291 3362 1595 3413 conformes
1634 3370 1757 3411 sunt
1795 3358 2025 3417 homini,
2077 3357 2128 3405 in

2179 294 2182 326 '
