2182 3682
510 176 594 205 LIB.
632 176 679 207 ΙΙ.
725 175 824 203 CAP.
861 175 926 203 111.
974 174 1035 202 DE
1071 172 1326 202 SOCIETATE
1362 172 1518 201 CIVILI.
1845 171 1947 224 397

699 309 966 357 THESIS
1005 309 1308 355 LXXXIV.

59 427 202 482 530.
285 421 675 482 Emancipatio
712 421 937 482 politica
971 420 1312 467 feminarum
1339 419 1687 466 admittenda
1712 434 1823 467 non
1852 428 1950 467 est.

756 529 1019 583 (Moralphil.
1054 531 1096 568 Π
1129 527 1252 581 421.)

128 645 292 692 Prob.
333 658 373 690 1.
465 642 552 692 Ex
604 642 876 692 communi
927 658 1024 689 usu
1077 640 1313 689 omnium
1368 639 1474 689 fere
1526 639 1778 705 gentium.
1860 638 1952 688 Ab

52 744 147 776 usu
189 725 295 774 fere
335 723 612 774 universali
653 732 705 773 et
746 731 1005 788 perpetuo
1048 723 1283 771 omnium
1324 722 1563 786 gentium
1592 721 1953 771 recedendum

51 825 158 858 non
199 813 279 856 est
319 807 415 856 nisi
456 806 527 855 ob
569 806 798 854 rationes
838 803 1037 853 solidas
1078 813 1131 853 et
1170 812 1437 869 urgentes.
1493 804 1663 869 Atqui
1694 803 1954 853 eiusmodi

51 890 279 939 rationes
318 905 425 937 non
465 888 674 948 adsunt,
719 895 776 936 ut
816 886 1021 952 patebit
1062 902 1129 935 ex
1171 885 1435 935 solutione
1477 886 1853 935 obiectionum.

128 978 293 1025 Prob.
333 992 375 1025 2.
469 976 555 1025 Ex
606 992 765 1041 supra
818 975 972 1024 dictis
1018 974 1115 1024 soli
1155 975 1248 1023 viri
1288 974 1371 1024 vel
1423 974 1825 1040 patresfamilias
1866 974 1954 1023 im-

52 1060 282 1110 mediate
323 1067 375 1108 et
415 1058 630 1124 proprio
671 1075 826 1107 sensu
865 1064 989 1106 sunt
1017 1057 1182 1106 cives:
1228 1056 1452 1106 feminae
1479 1074 1605 1106 vero
1646 1056 1956 1106 z'lmnedl'ale

50 1141 265 1191 subsunt
313 1139 626 1189 auctorita&
674 1139 892 1200 mariti,
947 1139 1036 1204 qui
1077 1147 1236 1204 caput
1283 1147 1362 1188 est
1415 1138 1665 1200 familiae;
1721 1156 1819 1188 nec
1860 1139 1957 1188 nisi

52 1233 109 1273 ut
148 1223 388 1272 membra
430 1221 654 1271 familiae
696 1221 890 1271 civitati
932 1220 1241 1270 inseruntur.
1304 1219 1512 1285 Quodsi
1554 1220 1758 1270 feminis
1800 1237 1955 1286 gene-

52 1305 201 1355 ratim
244 1305 352 1354 iura
393 1303 608 1369 politica
649 1303 1094 1363 concederentur,
1151 1303 1330 1352 evitari
1372 1304 1460 1352 vix
1502 1310 1711 1368 posset,
1766 1312 1821 1352 ut
1863 1302 1954 1352 fre-

52 1395 275 1453 quenter
327 1385 627 1436 collisiones
679 1386 813 1434 inter
852 1385 961 1434 iura
1010 1384 1224 1450 politica
1277 1385 1502 1434 feminae
1543 1394 1595 1435 et
1636 1385 1746 1434 iura
1787 1386 1956 1435 mariti

51 1469 102 1518 in
154 1485 377 1518 uxorem
434 1476 708 1516 orerentur
761 1468 811 1516 in
865 1468 1243 1516 detrimentum
1298 1468 1626 1517 auctoritatis
1681 1468 1851 1517 mariti
1904 1476 1956 1517 et

51 1551 196 1617 pacis
238 1550 579 1600 domesticae.
661 1549 778 1598 Iura
832 1549 1048 1614 politica
1088 1567 1312 1599 uxorem
1355 1551 1652 1599 necessario
1695 1568 1763 1599 ex
1804 1559 1955 1616 parte

50 1632 420 1682 subtraherent
460 1631 833 1696 gubernationi
874 1632 981 1681 viri.

128 1722 292 1768 Prob.
332 1736 375 1782 3.
451 1719 534 1768 Ex
576 1720 720 1769 bono
765 1718 1003 1770 familiae.
1081 1721 1275 1770 Munus
1316 1738 1345 1769 a
1386 1721 1577 1770 Divina
1618 1721 1955 1771 Providentia

50 1802 265 1869 speciali
316 1802 482 1851 modo
532 1803 685 1851 uxori
727 1803 1071 1851 commissum
1112 1811 1192 1852 est
1232 1803 1462 1852 inferior
1502 1804 1686 1853 domus
1726 1804 1954 1853 admini-

49 1885 244 1934 stratio
300 1893 351 1933 el
388 1884 720 1949 praesemina
762 1884 1079 1934 illlmccz'l'alcz
1121 1902 1251 1934 cm'cz
1294 1886 1616 1949 z'nfanll'mlz,
1670 1886 1955 1951 praecipue

51 1968 231 2032 primis
283 1967 446 2016 annis.
534 1966 704 2031 Atqui
754 1966 885 2016 haec
942 1967 1326 2017 administratio
1383 1978 1435 2017 et
1488 1984 1610 2017 cura
1663 1969 1954 2033 generatim

52 2065 175 2098 cum
227 2049 480 2098 exercitio
529 2048 713 2097 iurium
756 2048 1096 2114 politicoium
1139 2050 1404 2099 conciliari
1445 2068 1550 2099 non
1592 2057 1786 2116 potest.
1858 2050 1956 2100 Re

51 2131 208 2196 quirit
249 2131 389 2179 enim
430 2129 841 2179 sollicitudinem
883 2131 1125 2181 sedulam
1167 2149 1392 2197 eamque
1431 2133 1517 2181 diu
1547 2142 1819 2198 noctuque
1849 2150 1955 2182 non

52 2213 403 2262 intermissam
460 2229 553 2278 per
605 2211 801 2262 multos
854 2231 1049 2274 annOS,
1109 2232 1246 2279 quae
1300 2232 1424 2264 cura
1464 2214 1860 2281 neglegeretur,
1915 2215 1956 2264 si

53 2293 257 2344 feminis
308 2295 387 2343 ius
439 2303 492 2343 et
547 2295 771 2360 proinde
814 2296 971 2344 etiam
1013 2297 1308 2361 generatim
1350 2297 1583 2346 officium
1628 2297 1959 2347 incumberet

53 2376 211 2426 rebus
265 2376 493 2443 politicis
544 2377 795 2437 vacandi,
855 2379 1195 2428 contionibus
1248 2378 1472 2444 publicis
1525 2379 1804 2429 assistendi
1855 2388 1952 2429 etc.

129 2467 294 2513 Prob.
339 2480 384 2526 4.
465 2465 639 2514 Etiam
691 2467 929 2516 decentia
982 2476 1033 2516 et
1081 2468 1402 2517 verectmcz'l'a
1444 2468 1750 2517 mulieribus
1801 2485 1957 2533 gene-

54 2548 204 2597 ratim
234 2548 447 2597 obstare
474 2548 696 2609 videtur,
729 2549 1012 2614 quominus
1041 2549 1265 2600 feminae
1293 2550 1594 2616 frequenter
1614 2551 1663 2600 in
1687 2551 1957 2616 publicum

54 2630 338 2696 prodeant,
382 2647 479 2696 pro
521 2631 771 2680 contione
813 2631 1022 2691 dicant,
1065 2633 1292 2682 comitiis
1332 2633 1586 2694 intersint,
1630 2634 1813 2682 itinera
1853 2650 1959 2683 sus-

55 2711 276 2777 cipiant,
336 2711 407 2760 ita
459 2729 489 2761 a
535 2713 647 2762 viro
699 2725 751 2762 et
802 2712 978 2763 liberis
1029 2722 1354 2780 separentur.
1436 2715 1551 2765 Nec
1605 2716 1958 2764 omittendum

55 2802 135 2842 est
186 2793 456 2858 ingenium
510 2794 825 2844 feminarum
876 2797 1171 2861 generatim
1225 2797 1380 2846 rebus
1433 2797 1660 2862 politicis
1713 2798 1960 2863 gerendis

57 2892 244 2941 parum
294 2876 549 2924 idoneum
590 2877 766 2926 videri.
850 2878 959 2927 Res
1012 2879 1150 2928 enim
1193 2878 1468 2945 politicae,
1522 2897 1684 2945 saepe
1724 2880 1960 2944 gravissi-

57 2974 190 3019 mae,
235 2966 443 3007 maturo
487 2958 705 3008 consilio
747 2968 800 3008 et
841 2960 1124 3025 prudentia
1159 2961 1511 3011 administrari
1554 2962 1777 3024 debent;
1822 2961 1962 3010 semi-

56 3055 240 3088 narum
292 3047 472 3088 autem
523 3040 793 3106 ingenium
836 3041 1035 3091 mobile
1076 3043 1245 3108 magis
1288 3043 1567 3093 affectibus
1609 3060 1767 3109 quam
1810 3044 1960 3092 ratio-

56 3121 209 3170 nibus
249 3122 300 3170 in
341 3121 478 3171 hanc
518 3121 602 3171 vel
642 3121 785 3172 illam
827 3110 1033 3189 partem
1075 3124 1216 3174 flecti
1255 3124 1406 3175 solet.

61 3266 205 3320 531·
289 3275 391 3315 obi,
425 3288 459 3315 ι.
526 3270 762 3316 Feminae
799 3270 985 3318 habent
1032 3270 1163 3318 idem
1212 3272 1309 3328 ius,
1358 3279 1409 3317 ut
1444 3272 1573 3318 bene
1611 3271 1963 3331 gubernentur,

58 3355 116 3386 ac
151 3340 254 3388 viri.
314 3342 452 3401 Ergo
489 3344 636 3389 etiam
672 3345 859 3391 habent
894 3344 1028 3391 idem
1064 3345 1136 3392 ius
1170 3344 1501 3406 participandi
1537 3345 1641 3391 iura
1678 3345 1892 3406 politica.
