2182 3682
518 178 604 207 LIB.
640 178 686 207 II.
734 178 832 208 CAP.
868 179 934 207 III.
982 180 1043 208 DE
1077 179 1339 209 SOCIETATE
1375 181 1531 212 CIVILI.
1850 187 1950 237 431

66 323 211 377 590.
296 323 338 376 5.
371 313 673 362 Novissimo
701 322 877 363 autem
906 322 1149 380 tempore
1176 315 1418 365 liberales
1443 318 1637 366 viribus
1667 321 1961 370 coniunctis

62 394 271 445 scholas
322 395 576 460 potestati
626 394 873 460 politicae
926 395 1192 446 exclusive
1242 397 1509 447 vindicare
1562 407 1612 448 et
1666 399 1956 451 Ecclesiam

61 477 271 543 penitus
310 476 433 526 inde
474 476 742 542 expellere
782 484 1046 543 satagunt.

135 558 338 608 Primus
389 559 619 624 impetus
670 559 722 608 in
772 559 876 609 hoc
930 559 1072 609 bello
1113 561 1502 611 internationali
1543 571 1728 612 contra
1770 564 1963 614 educa-

62 641 261 690 tionem
321 639 620 705 religiosam
680 641 920 707 dirigitur
980 650 1164 691 contra
1222 642 1459 692 indolem
1519 645 1959 708 celgfessz'mzalem

61 721 379 783 scholarum,
424 732 686 788 quatenus
726 724 923 788 ubique
964 723 1176 773 scholas
1212 742 1343 791 quas
1389 734 1583 775 vocant
1611 727 1964 777 simultaneas

61 821 155 853 seu
209 804 758 854 interconfessionales
814 805 1047 869 (mixtas)
1105 806 1307 872 erigere
1362 808 1607 869 student,
1662 809 1712 857 in
1771 810 1964 874 quibus

62 894 174 935 tum
227 887 407 952 quoad
461 886 728 936 delectum
778 887 1151 952 magistrorum
1195 897 1247 937 et
1288 888 1572 950 librorum,
1627 899 1740 939 tum
1783 892 1963 956 quoad

62 967 283 1017 modum
325 968 556 1018 docendi
584 968 727 1017 nulla
759 967 986 1019 habetur
1014 970 1144 1018 ratio
1174 970 1446 1020 Ecclesiae
1476 970 1557 1021 vel
1588 973 1964 1039 cuiuscumque

61 1050 329 1099 societatis
369 1050 672 1115 religiosae,
727 1051 822 1100 sed
865 1068 1052 1100 omnes
1094 1051 1401 1118 disciplinae
1441 1054 1513 1102 ita
1553 1054 1857 1115 traduntur,
1908 1064 1966 1104 ut

61 1130 234 1181 nullus
284 1131 454 1182 infans
507 1133 890 1198 cuiuscumque
942 1132 1210 1198 religionis
1263 1135 1397 1184 iuste
1458 1135 1718 1184 «offendi»
1779 1137 1962 1201 possit.

61 1211 385 1263 Conceditur
435 1222 614 1264 tamen
667 1214 884 1264 diversis
923 1215 1268 1265 societatibus
1309 1216 1596 1281 religiosis,
1652 1226 1710 1266 ut
1751 1236 1964 1284 quaque

61 1295 405 1345 hebdomada
444 1313 539 1362 per
578 1296 782 1362 aliquot
822 1296 980 1346 horas
1022 1296 1330 1363 religionem
1375 1299 1633 1360 doceant,
1685 1300 1794 1349 sive
1834 1301 1968 1349 intra

60 1377 169 1426 sive
210 1386 360 1426 extra
399 1377 655 1427 scholam.

135 1458 368 1509 Ulterius
409 1468 584 1508 autem
614 1459 855 1509 liberales
883 1461 1154 1525 pervenire
1185 1462 1405 1526 cupiunt
1434 1463 1500 1511 ad
1531 1462 1770 1512 scholam
1801 1481 1960 1529 quam

60 1550 255 1590 vocant
296 1541 679 1590 conmnmzalem
719 1541 803 1591 vel
856 1543 1035 1607 potius
1075 1542 1314 1592 laicalem
1355 1561 1447 1593 seu
1490 1544 1859 1609 irreligiosam,
1914 1546 1964 1595 in

59 1639 163 1687 qua
202 1622 285 1672 vel
338 1622 480 1672 nulla
522 1624 652 1672 ratio
695 1624 961 1689 religionis
1003 1624 1261 1674 habeatur
1301 1643 1398 1675 nec
1442 1625 1529 1675 ulli
1569 1628 1834 1677 sacerdoti
1878 1628 1967 1677 ad-

60 1704 164 1753 itus
203 1713 400 1770 pateat,
443 1704 526 1754 vel
573 1704 749 1770 aliqua
790 1705 986 1770 relzgl'o
1029 1707 1319 1756 ceanmunis
1360 1707 1563 1773 (religio
1606 1708 1966 1773 humanitatis)

62 1795 115 1835 et
155 1786 387 1836 moralis
426 1786 571 1836 [αἶσα
613 1786 696 1836 vel
736 1788 1105 1853 independens
1148 1790 1417 1839 doceatur.

135 1924 190 1975 B.
235 1924 322 1974 De
361 1924 567 1975 iuribus
606 1925 883 1975 Ecclesiae
924 1927 977 1978 ill
1017 1927 1244 1977 scholas.

60 2030 206 2084 591.
295 2036 334 2072 Ι.
377 2021 618 2072 Ecclesia
659 2030 847 2088 utpote
888 2024 1116 2073 societas
1157 2024 1393 2090 perfecta
1435 2034 1486 2075 et
1513 2025 1884 2092 independens
1912 2029 1963 2077 in

58 2104 311 2153 exercitio
368 2104 597 2153 muneris
648 2122 677 2153 a
731 2103 941 2155 Christo
996 2106 1095 2155 sibi
1152 2108 1421 2157 commissi
1478 2125 1665 2158 omnes
1721 2108 1965 2159 homines

58 2185 374 2246 instruendi,
433 2186 724 2247 educandi,
785 2187 1047 2253 dirigendi
1101 2189 1151 2237 in
1210 2189 1465 2254 religione
1522 2190 1829 2252 christiana,
1889 2200 1969 2242 est

61 2267 216 2333 plane
255 2268 335 2317 sui
374 2268 521 2329 iuris,
576 2269 625 2317 in
674 2285 846 2334 eoque
887 2286 918 2319 a
958 2271 1167 2319 nemine
1209 2270 1443 2336 legitime
1483 2272 1726 2338 impediri
1768 2281 1962 2339 potest.

59 2349 231 2398 Immo
274 2367 394 2399 cum
436 2350 683 2400 educatio
725 2350 970 2416 religiosa
1010 2353 1076 2401 sit
1116 2353 1345 2403 nobilior
1381 2354 1697 2405 educatione
1726 2355 1964 2421 profana,

59 2430 190 2481 haec
232 2433 392 2497 priori
431 2433 503 2482 ita
542 2433 919 2483 subordinetur
960 2441 1191 2499 oportet,
1236 2444 1293 2484 ut
1335 2453 1452 2485 eam
1494 2454 1602 2485 non
1644 2436 1817 2486 solum
1858 2455 1965 2488 non

58 2513 328 2579 impediat,
363 2514 459 2563 sed
488 2515 714 2580 positive
741 2516 899 2565 iuvet.
970 2516 1289 2581 Sllpremmn
1317 2518 1491 2583 z‘gz'l‘m‘
1520 2518 1602 2568 ius
1630 2519 1969 2584 inspeclz'mzis

62 2595 295 2645 omnium
333 2596 675 2658 scholarum,
729 2598 887 2646 etiam
941 2615 1148 2659 earum,
1205 2617 1342 2665 quae
1383 2617 1412 2649 a
1454 2601 1717 2666 gubernio
1760 2611 1968 2652 erectae

59 2685 195 2738 sunt,
239 2679 519 2743 supposito
562 2679 708 2744 quod
750 2680 822 2728 ibi
861 2679 1086 2730 infantes
1128 2681 1379 2746 baptizati
1420 2683 1730 2744 educentur,
1775 2701 1869 2749 per
1907 2701 1964 2733 se

49 2759 289 2823 pertinet
325 2759 405 2808 ad
437 2760 752 2811 Ecclesiam.

136 2854 181 2890 2.
226 2841 296 2891 Vi
336 2840 490 2891 huius
530 2843 652 2892 iuris
680 2841 922 2893 Ecclesia
961 2844 1173 2894 scholas
1201 2845 1412 2895 visitare
1439 2854 1620 2913 potest
1649 2855 1701 2896 et
1727 2847 1961 2913 exigere,

60 2930 117 2972 ut
168 2923 401 2989 pericula
451 2923 737 2974 infantibus
790 2925 1142 2987 imminentia,
1186 2945 1233 2977 v.
1278 2944 1328 2992 g.
1381 2945 1450 2977 ex
1501 2936 1650 2994 parte
1703 2928 1963 2978 malorum

62 3005 437 3070 magistrorum
493 3015 584 3056 aut
640 3023 926 3072 pravorum
986 3007 1255 3070 librorum,
1315 3019 1701 3060 removeantur.
1802 3008 1966 3074 Quod

59 3086 200 3137 valet
240 3105 350 3138 non
401 3088 576 3138 solum
631 3090 698 3138 de
754 3089 951 3139 scholis
1004 3090 1382 3152 elementariiS,
1436 3092 1532 3141 sed
1587 3092 1655 3141 de
1698 3092 1961 3153 omnibUS,

59 3169 484 3220 universitatibus
524 3188 632 3220 non
674 3172 929 3237 exceptis.

135 3264 180 3314 3.
234 3251 410 3301 Nemo
466 3260 647 3318 potest
702 3252 898 3302 docere
952 3252 1262 3320 religionem
1314 3253 1664 3315 catholicam,
1726 3255 1823 3304 nisi
1874 3254 1963 3320 qui

59 3329 255 3381 habeat
294 3333 362 3382 ab
391 3333 631 3384 Ecclesia
671 3334 984 3384 mandatum
1026 3336 1354 3399 (missionem
1387 3335 1749 3399 canonicam),
1795 3335 1964 3401 quod-
