2182 3682
186 174 296 236 460
598 183 712 212 PARS
746 183 794 213 ΙΙ.
843 182 1162 212 PHILOSOPHIA
1195 182 1400 213 MORALIS
1436 183 1685 214 SPECIALIS.

188 319 342 370 rebus
381 318 670 370 altioribus
696 320 765 369 ad
799 318 1128 385 religionem,
1171 319 1444 386 publicam
1483 319 1823 370 honestatem
1849 326 1903 370 et
1930 317 2094 370 cultu-

185 419 323 453 ram:
366 403 628 463 scientiaS‚
670 401 898 464 scholaS,
943 410 1082 452 artes
1122 409 1242 463 etc.,
1286 402 1697 468 pertinentibus3

259 492 314 557 d)
355 491 423 541 ad
471 491 806 558 implendum
862 508 1053 541 munus
1103 508 1259 541 suum
1311 493 1599 542 auctoritas
1653 491 1858 558 indiget
1909 491 2096 542 mediis

183 573 561 635 exterioribUS,
617 582 671 624 et
710 574 761 623 in
813 573 955 624 hunc
1008 573 1167 624 finem
1220 573 1385 624 habet
1423 575 1503 624 ius
1552 572 1861 640 postulandi
1900 573 2097 624 tributa

181 655 265 707 vel
307 656 619 722 possidendi
662 655 922 718 dominia;

258 760 303 810 3.
367 752 684 811 potestalem
751 745 1216 811 transgressiones
1280 746 1420 812 legis
1473 745 1740 812 puniendi
1799 762 1894 795 seu
1960 745 2093 795 ordi-

181 845 303 877 nem
356 827 646 878 im‘z'dicum
700 827 906 877 laesum
959 828 1274 878 restituendi
1322 837 1376 878 et
1430 827 1546 878 lites
1601 827 1847 878 iuridicas
1902 828 2095 878 civium

182 910 475 960 dirimendi.
571 910 703 960 Inde
770 910 973 977 duplex
1038 919 1279 977 potestas
1344 911 1588 962 iuridica:
1669 909 1979 963 criminalis
2042 918 2095 960 et

181 992 375 1043 civilis.

183 1130 329 1196 627.
409 1132 471 1182 Π.
515 1133 614 1183 Ad
646 1141 806 1183 extra
848 1132 1013 1183 habet
1052 1133 1130 1183 ius
1171 1142 1224 1183 et
1265 1133 1527 1183 officium:

260 1247 300 1282 Ι.
347 1231 615 1284 civitatem
644 1231 789 1297 apud
832 1230 1066 1297 populos
1095 1240 1382 1281 extraneos
1411 1230 1846 1297 repraesentandi
1873 1231 2093 1297 eiusque

180 1316 381 1366 bonum
425 1314 781 1382 promovendi
820 1314 1054 1363 ineundo
1104 1313 1348 1375 foedera,
1406 1312 1614 1379 legatos
1655 1313 1918 1363 mittendo
1959 1322 2090 1378 etc.;

255 1419 301 1455 2.
352 1406 403 1454 in
447 1420 570 1454 casu
622 1403 952 1453 necessitatis
999 1420 1115 1452 eam
1168 1420 1264 1469 per
1314 1402 1515 1452 bellum
1556 1402 1862 1452 vindicandi
1901 1411 1955 1453 et
2006 1403 2091 1453 de-

180 1487 435 1537 fendendi
475 1496 527 1536 et
575 1485 698 1535 hinc
738 1485 985 1535 subditos
1025 1485 1093 1535 ad
1135 1502 1281 1536 arma
1320 1485 1576 1546 vocandi,
1629 1485 1672 1534 si
1712 1484 1864 1535 aliter
1915 1485 2091 1535 media

180 1569 502 1620 defensionis
542 1567 740 1618 habere
780 1585 887 1617 non
929 1568 1113 1634 possit.

255 1659 374 1709 Hae
414 1665 710 1725 potestates
763 1675 950 1708 ornnes
994 1658 1061 1707 ad
1104 1667 1210 1708 tres
1251 1659 1486 1709 revocari
1526 1665 1778 1724 possunt:
1832 1657 1900 1707 ad
1942 1666 2089 1723 pote-

178 1750 370 1792 statem
411 1741 805 1807 legislalz'vam,
849 1741 1287 1806 gubernatiz'am,
1333 1740 1706 1800 iudiciariam,
1747 1757 1973 1805 quarum
2012 1736 2088 1789 se-

179 1825 355 1875 cunda
396 1832 626 1890 excepta
666 1830 934 1889 potestate
975 1823 1272 1890 legislativa
1312 1833 1365 1874 et
1405 1823 1673 1873 iudiciaria
1713 1839 1899 1872 omnes
1940 1830 2087 1888 pote-

178 1915 343 1958 states
396 1906 832 1973 comprehendit‚
888 1924 1024 1972 quae
1076 1924 1328 1973 supremo
1379 1905 1697 1972 gubernanti
1736 1906 1847 1955 sive
1888 1904 2087 1955 directe

175 1991 283 2040 sive
324 1990 594 2050 indirecte,
637 1990 747 2038 sive
786 1990 856 2039 ad
896 1990 1030 2039 intra
1070 1989 1180 2039 sive
1221 1990 1289 2039 ad
1331 1998 1481 2039 extra
1522 1995 1852 2054 competunt.
1921 1987 2085 2037 Porro

176 2072 277 2123 hae
343 2080 639 2139 potestates
705 2088 812 2120 non
873 2071 1074 2121 debent
1135 2072 1343 2138 concipi
1403 2080 1680 2137 tamquam
1740 2070 2084 2120 coordinatae

176 2165 229 2206 et
280 2165 555 2221 tamquam
607 2155 743 2204 inter
795 2171 852 2204 se
891 2154 1319 2220 independentes
1361 2161 1415 2204 et
1455 2154 1575 2203 iuris
1614 2152 1876 2219 aequali5‚
1928 2169 2084 2203 secus

175 2239 314 2288 enim
358 2238 611 2287 deficeret
651 2237 845 2298 unitas,
888 2237 985 2286 sed
1026 2237 1161 2286 inter
1200 2254 1257 2286 se
1290 2236 1705 2286 subordinantur
1733 2242 1786 2284 et
1812 2252 1870 2285 se
1897 2244 2082 2284 mutuo

175 2320 465 2387 complent.
548 2319 808 2369 Potestati
860 2318 1187 2385 legislativae
1235 2318 1468 2385 reliquae
1508 2326 1696 2384 suapte
1736 2325 1924 2368 natura
1962 2317 2083 2367 sub-

175 2404 498 2453 ordinantur.

247 2492 334 2543 De
374 2491 593 2558 singulis
635 2490 998 2541 functionibus
1038 2507 1211 2557 pauca
1250 2499 1455 2540 tantum
1499 2489 1838 2540 subiciemus.

601 2670 628 2725 ξ
663 2684 702 2713 2.
753 2674 832 2711 DE
867 2673 1205 2712 POTESTATE
1239 2672 1644 2712 LEGISLATIVA.

879 2813 1148 2862 THESIS
1184 2813 1378 2860 XCVI.

177 2914 323 2968 628.
409 2923 742 2971 Necessaria
795 2931 879 2971 est
933 2923 1249 2971 auctoritati
1301 2923 1446 2971 civili
1496 2929 1749 2984 potestas
1800 2921 2079 2970 condendi

172 3000 327 3060 leges
363 2999 419 3046 in
458 2998 803 3047 conscientia
839 2999 1166 3060 obligantes

248 3125 413 3172 Prob.
498 3123 811 3174 Auctoritas
851 3122 1065 3189 publica
1104 3123 1184 3173 ius
1224 3123 1389 3173 habet
1429 3123 1752 3173 activitatem
1794 3121 1986 3172 civium
2026 3120 2077 3170 in

172 3205 333 3255 finem
375 3223 717 3256 communem
759 3205 1045 3255 efficaciter
1086 3205 1362 3270 dirigendi.
1430 3205 1602 3271 Atqui
1639 3213 1696 3254 ut
1734 3204 1875 3253 hunc
1915 3202 2077 3252 finem

173 3296 510 3353 assequatur,
568 3289 647 3338 ius
704 3305 920 3354 quoque
976 3287 1173 3336 habeat
1229 3296 1443 3353 oportet
1499 3286 1769 3337 condendi
1823 3284 1970 3349 leges
2023 3285 2075 3334 in

175 3369 500 3419 conscientia
540 3369 857 3435 obligantes
937 3368 1091 3433 Ergo
1124 3410 1132 3419 .
1167 3410 1174 3418 .
1204 3409 1212 3418 .
