2182 3682
201 163 304 225 358
598 173 714 201 PARS
749 173 797 202 Π.
850 173 1163 202 PHILOSOPHIA
1199 174 1403 203 MORALIS
1439 174 1688 205 SPECIALIS.

865 324 1135 373 THESIS
1173 326 1424 374 LXXIV.

193 437 274 490 47
285 437 340 490 9-
425 434 675 483 Societas
713 436 888 484 civilis
920 436 977 484 in
1003 451 1107 484 sua
1131 437 1322 499 specie
1348 439 1701 487 considerata
1728 455 2104 489 communem

192 509 495 558 hominum
532 510 803 559 socialem
843 518 1109 559 naturam
1148 513 1470 562 necessario
1509 514 1888 576 consequitur.

194 617 356 670 (Arm,
391 621 512 660 Polit.
548 621 573 660 l.
616 634 648 671 1,
685 636 719 662 c.
751 634 784 662 1.
830 624 870 661 S.
902 624 1059 669 leom.,
1096 623 1142 663 C.
1167 632 1280 676 gent.
1307 624 1334 664 l.
1361 636 1398 674 3,
1435 639 1470 663 c.
1496 625 1572 676 85;
1609 624 1650 664 S.
1675 626 1733 665 th.
1764 637 1798 676 1,
1835 640 1872 678 q.
1899 627 1967 675 96,
2002 641 2038 666 a.
2062 639 2102 676 4.
2174 682 2177 685 ᾖ

774 690 942 738 Setarez,
978 690 1044 729 De
1079 690 1162 742 leg.
1197 691 1271 739 III,
1313 702 1346 740 I,
1382 705 1422 730 n.
1459 691 1522 743 3.)

269 793 357 846 St.
404 793 608 862 Q.1.
667 798 790 849 Hoc
832 798 953 849 loco
1007 817 1242 849 errorem
1294 817 1479 850 eorum
1533 800 1850 861 refutamUS,
1905 802 1996 868 qui
2035 803 2105 852 ad

191 879 542 929 evertendum
571 880 770 931 facilius
800 882 1043 932 ordinem
1081 881 1334 933 socialem
1363 884 1635 949 vigentem
1665 885 1956 934 commenti
1981 892 2107 934 sunt

191 960 419 1027 aliquem
475 971 676 1014 statum
727 965 1051 1030 primitivum
1106 983 1214 1015 non
1254 965 1534 1027 socialem,
1591 983 1659 1016 ex
1701 984 1810 1032 quo
1861 966 2107 1017 homines

190 1061 297 1093 non
337 1045 558 1095 naturali
597 1048 930 1108 necessitate,
973 1049 1069 1098 sed
1098 1057 1260 1113 pacto
1297 1048 1469 1098 libero
1509 1049 1565 1099 2‘72
1603 1049 1908 1099 societatem
1945 1057 2106 1100 trans-

190 1126 355 1178 ierint.
415 1128 690 1196 Praecipui
731 1140 1163 1196 propugnatores
1193 1131 1349 1181 huius
1381 1131 1657 1181 doctrinae
1685 1130 1850 1197 vulgo
1892 1148 2105 1182 censen-

192 1219 273 1259 tur
313 1209 530 1261 Hobbes
569 1221 622 1262 et
662 1212 972 1276 Rousseau;
1026 1231 1090 1263 eo
1133 1223 1310 1263 tamen
1356 1214 1490 1263 inter
1530 1231 1586 1264 se
1628 1214 1902 1275 differunt,
1957 1215 2106 1280 quod

192 1292 423 1342 Hobbes
464 1292 514 1359 (†
553 1295 710 1358 1679)
753 1295 905 1344 finxit
947 1302 1143 1345 statum
1186 1295 1418 1362 aliquem
1461 1296 1783 1362 primitivum
1823 1297 2106 1347 antisocia-

191 1374 312 1436 lem,
355 1375 406 1424 in
436 1393 544 1441 quo
575 1378 752 1426 omnia
782 1377 1020 1427 omnium
1062 1386 1211 1428 erant
1249 1379 1569 1440 communia,
1615 1378 1838 1445 quilibet
1871 1379 2108 1429 habebat

191 1458 271 1507 ius
324 1456 551 1508 faciendi
603 1460 861 1526 quidquid
916 1460 1165 1521 volebat,
1226 1469 1279 1511 et
1330 1460 1453 1511 hinc
1511 1470 1731 1528 propter
1787 1462 2106 1528 cupiditates

192 1540 463 1590 oriebatur
503 1540 704 1591 bellum
758 1544 994 1592 omnium
1048 1551 1235 1594 contra
1277 1561 1478 1594 omnes.
1560 1544 1647 1593 Ex
1687 1543 1792 1594 hoc
1831 1553 1975 1594 statu
2015 1544 2105 1595 ho-

192 1623 359 1672 mines
398 1623 705 1689 impellente
747 1634 891 1675 metu
932 1634 1115 1676 mutua
1144 1626 1499 1676 conventione
1537 1627 1684 1693 pacis
1711 1626 1762 1675 in
1790 1627 2105 1677 societatem

191 1706 510 1756 transierunt
562 1714 615 1756 et
654 1724 711 1757 se
764 1707 916 1758 alicui
968 1708 1230 1759 voluntati
1282 1710 1554 1759 communi
1608 1709 1933 1775 (superioris)
1985 1710 2106 1760 sub-

190 1788 440 1839 iecerunt.
523 1787 835 1840 Secundum
888 1791 1171 1841 Rousseau
1226 1791 1277 1858 (†
1328 1793 1485 1857 1778)
1538 1791 1783 1841 homines
1835 1792 1904 1842 ab
1957 1793 2105 1847 initio

192 1878 350 1920 extra
393 1889 608 1922 omnem
650 1874 991 1935 societatem,
1036 1874 1224 1923 saltem
1268 1873 1491 1935 civilem,
1535 1875 1586 1924 in
1625 1883 1767 1924 statu
1807 1873 1987 1941 aliquo
2026 1874 2106 1925 sil-

192 1953 349 2002 vestri
400 1954 668 2020 simplices
721 1963 775 2005 et
828 1955 1006 2006 felices
1063 1956 1218 2006 nullis
1276 1957 1516 2007 obstricti
1573 1956 1783 2023 legibus
1837 1957 2103 2008 vivebant.

192 2036 279 2085 Ex
319 2036 424 2086 hoc
475 2046 615 2087 statu
670 2038 923 2104 paulatim
977 2038 1154 2088 liberis
1207 2039 1651 2089 conventionibus
1698 2040 1748 2089 in
1789 2047 1987 2090 statum
2027 2057 2105 2090 so-

194 2117 380 2168 cialem
423 2120 766 2182 transierunt,
814 2122 1104 2172 dividendo
1146 2123 1281 2171 inter
1320 2139 1377 2171 se
1419 2139 1591 2171 rerum
1632 2123 2014 2188 proprietatem
2056 2131 2108 2173 et

193 2218 363 2251 nexus
402 2201 627 2252 sociales
668 2204 920 2254 ineundo.
986 2203 1121 2254 Cum
1163 2212 1341 2254 tamen
1373 2222 1560 2254 omnes
1601 2205 1704 2254 sint
1745 2204 1969 2254 naturali
1995 2206 2107 2255 iure

193 2301 408 2349 prorsus
449 2285 699 2352 aequales
740 2294 793 2336 et
834 2286 998 2347 liberi,
1044 2286 1185 2336 nulla
1227 2288 1456 2337 societas
1497 2296 1677 2354 potest
1710 2304 1826 2337 esse
1854 2287 2104 2353 legitima,

193 2368 245 2416 in
287 2383 394 2433 qua
434 2367 568 2418 haec
610 2367 826 2418 libertas
868 2378 920 2418 et
961 2369 1254 2435 aequalitas
1296 2370 1577 2436 originaria
1617 2369 1833 2420 tollitur.
1906 2370 2107 2421 Recen-

194 2449 354 2498 tiores
395 2467 613 2516 quoque
654 2450 1027 2501 materialistae
1061 2452 1454 2516 <Darwinistae>
1497 2452 1741 2502 homines
1780 2452 2037 2519 paulatim
2079 2470 2107 2502 e

193 2540 334 2582 statu
377 2531 592 2582 beluino
636 2534 703 2583 ad
745 2535 1121 2584 condicionem
1163 2535 1449 2585 humanam
1479 2552 1536 2585 se
1577 2534 1839 2585 evolvisse
1879 2535 2104 2601 fingunt.

194 2614 320 2664 Non
379 2622 557 2664 tamen
625 2625 867 2666 asserunt
933 2616 1096 2667 libere
1156 2617 1403 2667 homines
1463 2618 1778 2667 societatem
1839 2617 2105 2679 fundasse,

195 2697 319 2763 quia
359 2698 650 2763 generatim
694 2697 996 2749 libertatem
1036 2697 1327 2749 voluntatis
1368 2709 1584 2765 negant.

272 2800 317 2836 2.
363 2786 660 2853 Loquimur
701 2789 769 2837 de
810 2790 1066 2838 societate
1108 2788 1244 2838 civili
1285 2789 1577 2855 generatim
1621 2796 1674 2838 et
1713 2789 1765 2838 in
1791 2805 1888 2839 sua
1927 2790 2106 2855 specie

197 2869 557 2932 considerata3
590 2887 765 2936 neque
795 2872 936 2921 enim
964 2889 1223 2938 negamus
1251 2871 1487 2937 singulas
1516 2872 1754 2922 civitates
1778 2878 1893 2921 tum
1925 2872 2107 2939 quoad

197 2952 561 3001 exsistentiam
603 2961 717 3002 tum
758 2954 940 3018 quoad
981 2953 1209 3004 formam
1250 2954 1625 3019 contingentes
1666 2971 1796 3004 esse.

201 3102 347 3166 480.
431 3106 596 3153 Prob.
638 3121 679 3153 1.
740 3105 826 3155 Ex
855 3106 997 3156 facto
1027 3107 1296 3158 historico.
1355 3107 1677 3167 Institutum‚
1718 3107 1868 3172 quod
1895 3124 2109 3173 semper

199 3196 252 3236 et
291 3187 489 3253 ubique
545 3205 669 3238 cum
708 3205 905 3253 genere
945 3189 1179 3239 humano
1234 3207 1499 3240 conexum
1540 3198 1792 3255 apparet,
1849 3190 2108 3256 quodque

200 3286 306 3318 non
359 3268 533 3318 solum
587 3269 741 3320 nullis
795 3271 1245 3322 vicissitudinibus
1297 3281 1350 3322 et
1403 3272 1650 3338 procellis
1703 3270 1866 3321 deleri
1916 3272 2106 3338 potuit,

199 3352 296 3401 sed
337 3368 401 3401 eo
444 3353 613 3417 magis
652 3369 709 3402 se
751 3352 975 3414 evolvit,
1030 3371 1139 3419 quo
1181 3354 1467 3420 perfectior
1507 3362 1587 3403 est
1634 3361 1820 3403 natura
1859 3353 2105 3414 humana,
