<?xml version="1.0" encoding="UTF-8"?>
<!DOCTYPE html PUBLIC "-//W3C//DTD XHTML 1.0 Transitional//EN"
    "http://www.w3.org/TR/xhtml1/DTD/xhtml1-transitional.dtd">
<html xmlns="http://www.w3.org/1999/xhtml" xml:lang="en" lang="en">
 <head>
  <title>
</title>
<meta http-equiv="Content-Type" content="text/html;charset=utf-8" />
  <meta name='ocr-system' content='tesseract 3.04.00' />
  <meta name='ocr-capabilities' content='ocr_page ocr_carea ocr_par ocr_line ocrx_word'/>
</head>
<body>
  <div class='ocr_page' id='page_1' title='image "./philosophiamoral00cath_0489.png"; bbox 0 0 2182 3682; ppageno 0'>
   <div class='ocr_carea' id='block_1_1' title="bbox 521 166 1951 229">
    <p class='ocr_par' dir='ltr' id='par_1_1' title="bbox 521 166 1951 229">
     <span class='ocr_line' id='line_1_1' title="bbox 521 166 1951 229; baseline 0.001 -25"><span class='ocrx_word' id='word_1_1' title='bbox 521 176 607 205; x_wconf 84' lang='lat' dir='ltr'><strong>LIB.</strong></span> <span class='ocrx_word' id='word_1_2' title='bbox 642 176 689 205; x_wconf 91' lang='lat' dir='ltr'>II.</span> <span class='ocrx_word' id='word_1_3' title='bbox 738 176 838 205; x_wconf 86' lang='lat' dir='ltr'><strong>CAP.</strong></span> <span class='ocrx_word' id='word_1_4' title='bbox 873 175 941 204; x_wconf 85' lang='grc' dir='ltr'>ΙΙΙ.</span> <span class='ocrx_word' id='word_1_5' title='bbox 988 175 1048 203; x_wconf 89' lang='lat' dir='ltr'>DE</span> <span class='ocrx_word' id='word_1_6' title='bbox 1083 175 1340 204; x_wconf 88' lang='lat' dir='ltr'>SOCIETATE</span> <span class='ocrx_word' id='word_1_7' title='bbox 1375 175 1439 204; x_wconf 59' lang='lat' dir='ltr'>CIX</span> <span class='ocrx_word' id='word_1_8' title='bbox 1456 176 1533 207; x_wconf 74' lang='lat' dir='ltr'><strong>[LI.</strong></span> <span class='ocrx_word' id='word_1_9' title='bbox 1848 166 1951 229; x_wconf 76' lang='lat'>465</span> 
     </span>
    </p>
   </div>
   <div class='ocr_carea' id='block_1_2' title="bbox 62 309 1960 621">
    <p class='ocr_par' dir='ltr' id='par_1_2' title="bbox 62 309 1960 621">
     <span class='ocr_line' id='line_1_2' title="bbox 63 309 1958 375; baseline 0.001 -16"><span class='ocrx_word' id='word_1_10' title='bbox 63 318 229 361; x_wconf 86' lang='lat' dir='ltr'>vatur.</span> <span class='ocrx_word' id='word_1_11' title='bbox 310 311 448 360; x_wconf 84' lang='lat' dir='ltr'><strong>Dein</strong></span> <span class='ocrx_word' id='word_1_12' title='bbox 488 311 774 361; x_wconf 81' lang='lat' dir='ltr'>auctoritas</span> <span class='ocrx_word' id='word_1_13' title='bbox 814 309 976 360; x_wconf 87' lang='lat' dir='ltr'>civilis</span> <span class='ocrx_word' id='word_1_14' title='bbox 1016 309 1181 358; x_wconf 90' lang='lat' dir='ltr'>habet</span> <span class='ocrx_word' id='word_1_15' title='bbox 1221 309 1397 358; x_wconf 90' lang='lat' dir='ltr'>omnia</span> <span class='ocrx_word' id='word_1_16' title='bbox 1438 311 1572 370; x_wconf 90' lang='lat' dir='ltr'>iura,</span> <span class='ocrx_word' id='word_1_17' title='bbox 1628 328 1763 375; x_wconf 84' lang='lat' dir='ltr'>quae</span> <span class='ocrx_word' id='word_1_18' title='bbox 1803 312 1849 361; x_wconf 92' lang='lat' dir='ltr'>ei</span> <span class='ocrx_word' id='word_1_19' title='bbox 1890 312 1958 361; x_wconf 91' lang='lat' dir='ltr'>ad</span> 
     </span>
     <span class='ocr_line' id='line_1_3' title="bbox 63 390 1958 456; baseline 0.001 -15"><span class='ocrx_word' id='word_1_20' title='bbox 63 401 261 442; x_wconf 89' lang='lat' dir='ltr'>rectam</span> <span class='ocrx_word' id='word_1_21' title='bbox 303 391 809 442; x_wconf 79' lang='lat' dir='ltr'>administrationem</span> <span class='ocrx_word' id='word_1_22' title='bbox 850 390 1171 456; x_wconf 90' lang='lat' dir='ltr'>reipublicae</span> <span class='ocrx_word' id='word_1_23' title='bbox 1208 391 1503 440; x_wconf 88' lang='lat' dir='ltr'>necessaria</span> <span class='ocrx_word' id='word_1_24' title='bbox 1530 400 1663 451; x_wconf 91' lang='lat' dir='ltr'>sunt,</span> <span class='ocrx_word' id='word_1_25' title='bbox 1706 393 1814 442; x_wconf 87' lang='lat' dir='ltr'>sive</span> <span class='ocrx_word' id='word_1_26' title='bbox 1842 394 1958 443; x_wconf 90' lang='lat' dir='ltr'>sub-</span> 
     </span>
     <span class='ocr_line' id='line_1_4' title="bbox 64 472 1960 538; baseline 0.001 -15"><span class='ocrx_word' id='word_1_27' title='bbox 64 474 157 523; x_wconf 90' lang='lat' dir='ltr'>diti</span> <span class='ocrx_word' id='word_1_28' title='bbox 208 474 546 524; x_wconf 91' lang='lat' dir='ltr'>consentiunt</span> <span class='ocrx_word' id='word_1_29' title='bbox 595 474 704 523; x_wconf 85' lang='lat' dir='ltr'>sive</span> <span class='ocrx_word' id='word_1_30' title='bbox 755 491 877 522; x_wconf 92' lang='lat' dir='ltr'>non.</span> <span class='ocrx_word' id='word_1_31' title='bbox 958 472 1128 538; x_wconf 71' lang='lat' dir='ltr'>Atqui</span> <span class='ocrx_word' id='word_1_32' title='bbox 1165 472 1233 522; x_wconf 92' lang='lat' dir='ltr'>ad</span> <span class='ocrx_word' id='word_1_33' title='bbox 1284 472 1418 522; x_wconf 91' lang='lat' dir='ltr'>haec</span> <span class='ocrx_word' id='word_1_34' title='bbox 1466 472 1576 521; x_wconf 90' lang='lat' dir='ltr'>iura</span> <span class='ocrx_word' id='word_1_35' title='bbox 1615 474 1841 538; x_wconf 79' lang='lat' dir='ltr'>pertinet</span> <span class='ocrx_word' id='word_1_36' title='bbox 1880 476 1960 525; x_wconf 90' lang='lat' dir='ltr'>ius</span> 
     </span>
     <span class='ocr_line' id='line_1_5' title="bbox 62 555 690 621; baseline 0.002 -17"><span class='ocrx_word' id='word_1_37' title='bbox 62 555 330 621; x_wconf 90' lang='lat' dir='ltr'>puniendi.</span> <span class='ocrx_word' id='word_1_38' title='bbox 411 555 565 620; x_wconf 71' lang='lat' dir='ltr'>Ergo</span> <span class='ocrx_word' id='word_1_39' title='bbox 597 596 605 605; x_wconf 91' lang='lat'><strong>.</strong></span> <span class='ocrx_word' id='word_1_40' title='bbox 639 597 646 605; x_wconf 93' lang='lat'><strong>.</strong></span> <span class='ocrx_word' id='word_1_41' title='bbox 684 597 690 605; x_wconf 92' lang='lat'><strong>.</strong></span> 
     </span>
    </p>
   </div>
   <div class='ocr_carea' id='block_1_3' title="bbox 63 642 1965 1038">
    <p class='ocr_par' dir='ltr' id='par_1_3' title="bbox 63 642 1965 1038">
     <span class='ocr_line' id='line_1_6' title="bbox 139 642 1960 709; baseline 0 -15"><span class='ocrx_word' id='word_1_42' title='bbox 139 658 184 708; x_wconf 81' lang='lat'>3.</span> <span class='ocrx_word' id='word_1_43' title='bbox 248 643 436 694; x_wconf 77' lang='lat' dir='ltr'>Tertia</span> <span class='ocrx_word' id='word_1_44' title='bbox 487 644 748 694; x_wconf 90' lang='lat' dir='ltr'>sententia</span> <span class='ocrx_word' id='word_1_45' title='bbox 799 642 1036 708; x_wconf 75' lang='lat' dir='ltr'>neglegit</span> <span class='ocrx_word' id='word_1_46' title='bbox 1087 650 1391 709; x_wconf 89' lang='lat' dir='ltr'>respectum</span> <span class='ocrx_word' id='word_1_47' title='bbox 1445 642 1513 692; x_wconf 90' lang='lat' dir='ltr'>ad</span> <span class='ocrx_word' id='word_1_48' title='bbox 1566 642 1768 693; x_wconf 87' lang='lat' dir='ltr'>bonum</span> <span class='ocrx_word' id='word_1_49' title='bbox 1821 661 1960 694; x_wconf 89' lang='lat' dir='ltr'>com·</span> 
     </span>
     <span class='ocr_line' id='line_1_7' title="bbox 63 724 1957 792; baseline 0.001 -17"><span class='ocrx_word' id='word_1_50' title='bbox 63 743 245 786; x_wconf 83' lang='lat' dir='ltr'>mune,</span> <span class='ocrx_word' id='word_1_51' title='bbox 299 726 367 775; x_wconf 92' lang='lat' dir='ltr'>ad</span> <span class='ocrx_word' id='word_1_52' title='bbox 420 727 565 792; x_wconf 86' lang='lat' dir='ltr'>quod</span> <span class='ocrx_word' id='word_1_53' title='bbox 622 726 1015 792; x_wconf 88' lang='lat' dir='ltr'>procurandum</span> <span class='ocrx_word' id='word_1_54' title='bbox 1067 726 1354 774; x_wconf 77' lang='lat' dir='ltr'>auctoritas</span> <span class='ocrx_word' id='word_1_55' title='bbox 1407 724 1621 790; x_wconf 87' lang='lat' dir='ltr'>publica</span> <span class='ocrx_word' id='word_1_56' title='bbox 1662 725 1957 788; x_wconf 81' lang='lat' dir='ltr'>ordinatur3</span> 
     </span>
     <span class='ocr_line' id='line_1_8' title="bbox 64 806 1965 873; baseline 0.001 -16"><span class='ocrx_word' id='word_1_57' title='bbox 64 808 269 857; x_wconf 90' lang='lat' dir='ltr'>bonum</span> <span class='ocrx_word' id='word_1_58' title='bbox 310 808 449 856; x_wconf 92' lang='lat' dir='ltr'>enim</span> <span class='ocrx_word' id='word_1_59' title='bbox 491 825 776 858; x_wconf 90' lang='lat' dir='ltr'>commune</span> <span class='ocrx_word' id='word_1_60' title='bbox 808 824 970 873; x_wconf 88' lang='lat' dir='ltr'>saepe</span> <span class='ocrx_word' id='word_1_61' title='bbox 998 807 1165 872; x_wconf 75' lang='lat' dir='ltr'>exigit</span> <span class='ocrx_word' id='word_1_62' title='bbox 1193 824 1424 872; x_wconf 91' lang='lat' dir='ltr'>poenam</span> <span class='ocrx_word' id='word_1_63' title='bbox 1453 806 1822 872; x_wconf 86' lang='lat' dir='ltr'>delinquentis,</span> <span class='ocrx_word' id='word_1_64' title='bbox 1866 809 1965 858; x_wconf 87' lang='lat' dir='ltr'>etsi</span> 
     </span>
     <span class='ocr_line' id='line_1_9' title="bbox 64 888 1964 956; baseline 0.001 -18"><span class='ocrx_word' id='word_1_65' title='bbox 64 888 206 939; x_wconf 91' lang='lat' dir='ltr'>nulla</span> <span class='ocrx_word' id='word_1_66' title='bbox 257 889 393 938; x_wconf 90' lang='lat' dir='ltr'>adsit</span> <span class='ocrx_word' id='word_1_67' title='bbox 443 907 566 956; x_wconf 92' lang='lat' dir='ltr'>spes</span> <span class='ocrx_word' id='word_1_68' title='bbox 619 889 1022 939; x_wconf 81' lang='lat' dir='ltr'>emendationis.</span> <span class='ocrx_word' id='word_1_69' title='bbox 1102 888 1422 938; x_wconf 86' lang='lat' dir='ltr'>Emendatio</span> <span class='ocrx_word' id='word_1_70' title='bbox 1464 905 1592 954; x_wconf 90' lang='lat' dir='ltr'>ergo</span> <span class='ocrx_word' id='word_1_71' title='bbox 1634 888 1806 938; x_wconf 91' lang='lat' dir='ltr'>solum</span> <span class='ocrx_word' id='word_1_72' title='bbox 1846 890 1964 940; x_wconf 92' lang='lat' dir='ltr'>finis</span> 
     </span>
     <span class='ocr_line' id='line_1_10' title="bbox 63 971 1048 1038; baseline 0 -17"><span class='ocrx_word' id='word_1_73' title='bbox 63 971 408 1022; x_wconf 90' lang='lat' dir='ltr'>secundarius</span> <span class='ocrx_word' id='word_1_74' title='bbox 448 989 655 1038; x_wconf 90' lang='lat' dir='ltr'>poenae</span> <span class='ocrx_word' id='word_1_75' title='bbox 697 989 813 1022; x_wconf 91' lang='lat' dir='ltr'>esse</span> <span class='ocrx_word' id='word_1_76' title='bbox 854 981 1048 1038; x_wconf 87' lang='lat' dir='ltr'>potest.</span> 
     </span>
    </p>
   </div>
   <div class='ocr_carea' id='block_1_4' title="bbox 65 1058 1966 1439">
    <p class='ocr_par' dir='ltr' id='par_1_4' title="bbox 65 1058 1966 1439">
     <span class='ocr_line' id='line_1_11' title="bbox 137 1058 1962 1126; baseline -0.001 -16"><span class='ocrx_word' id='word_1_77' title='bbox 137 1075 185 1124; x_wconf 80' lang='grc'>4.</span> <span class='ocrx_word' id='word_1_78' title='bbox 238 1058 450 1122; x_wconf 66' lang='lat' dir='ltr'>Quarta</span> <span class='ocrx_word' id='word_1_79' title='bbox 499 1062 759 1111; x_wconf 87' lang='lat' dir='ltr'>sententia</span> <span class='ocrx_word' id='word_1_80' title='bbox 800 1060 1039 1126; x_wconf 80' lang='lat' dir='ltr'>neglegit</span> <span class='ocrx_word' id='word_1_81' title='bbox 1080 1067 1380 1125; x_wconf 89' lang='lat' dir='ltr'>respectum</span> <span class='ocrx_word' id='word_1_82' title='bbox 1421 1059 1489 1108; x_wconf 92' lang='lat' dir='ltr'>ad</span> <span class='ocrx_word' id='word_1_83' title='bbox 1531 1059 1962 1109; x_wconf 81' lang='lat' dir='ltr'>emendationem</span> 
     </span>
     <span class='ocr_line' id='line_1_12' title="bbox 65 1141 1961 1209; baseline 0 -17"><span class='ocrx_word' id='word_1_84' title='bbox 65 1143 447 1209; x_wconf 85' lang='lat' dir='ltr'>delinquentis,</span> <span class='ocrx_word' id='word_1_85' title='bbox 502 1160 641 1209; x_wconf 84' lang='lat' dir='ltr'>quae</span> <span class='ocrx_word' id='word_1_86' title='bbox 692 1142 880 1192; x_wconf 88' lang='lat' dir='ltr'>saltem</span> <span class='ocrx_word' id='word_1_87' title='bbox 932 1142 1247 1192; x_wconf 86' lang='lat' dir='ltr'>secundario</span> <span class='ocrx_word' id='word_1_88' title='bbox 1301 1141 1458 1191; x_wconf 85' lang='lat' dir='ltr'>etiam</span> <span class='ocrx_word' id='word_1_89' title='bbox 1516 1141 1743 1191; x_wconf 79' lang='lat' dir='ltr'>obtineri</span> <span class='ocrx_word' id='word_1_90' title='bbox 1784 1143 1961 1203; x_wconf 89' lang='lat' dir='ltr'>debet,</span> 
     </span>
     <span class='ocr_line' id='line_1_13' title="bbox 65 1224 1964 1291; baseline -0.001 -17"><span class='ocrx_word' id='word_1_91' title='bbox 65 1233 323 1291; x_wconf 86' lang='lat' dir='ltr'>quantum</span> <span class='ocrx_word' id='word_1_92' title='bbox 365 1225 479 1274; x_wconf 89' lang='lat' dir='ltr'>finis</span> <span class='ocrx_word' id='word_1_93' title='bbox 520 1226 795 1291; x_wconf 89' lang='lat' dir='ltr'>primarius</span> <span class='ocrx_word' id='word_1_94' title='bbox 837 1225 1105 1291; x_wconf 87' lang='lat' dir='ltr'>permittit.</span> <span class='ocrx_word' id='word_1_95' title='bbox 1188 1224 1464 1273; x_wconf 87' lang='lat' dir='ltr'>Praeterea</span> <span class='ocrx_word' id='word_1_96' title='bbox 1496 1241 1672 1289; x_wconf 90' lang='lat' dir='ltr'>poena</span> <span class='ocrx_word' id='word_1_97' title='bbox 1700 1224 1964 1274; x_wconf 88' lang='lat' dir='ltr'>interdum</span> 
     </span>
     <span class='ocr_line' id='line_1_14' title="bbox 65 1305 1966 1373; baseline 0 -17"><span class='ocrx_word' id='word_1_98' title='bbox 65 1308 223 1356; x_wconf 89' lang='lat' dir='ltr'>etiam</span> <span class='ocrx_word' id='word_1_99' title='bbox 252 1308 321 1358; x_wconf 89' lang='lat' dir='ltr'>ad</span> <span class='ocrx_word' id='word_1_100' title='bbox 350 1307 454 1357; x_wconf 91' lang='lat' dir='ltr'>hoc</span> <span class='ocrx_word' id='word_1_101' title='bbox 483 1307 770 1368; x_wconf 88' lang='lat' dir='ltr'>ordinatur,</span> <span class='ocrx_word' id='word_1_102' title='bbox 817 1317 874 1356; x_wconf 89' lang='lat' dir='ltr'>ut</span> <span class='ocrx_word' id='word_1_103' title='bbox 909 1307 1111 1356; x_wconf 89' lang='lat' dir='ltr'>homini</span> <span class='ocrx_word' id='word_1_104' title='bbox 1140 1305 1383 1356; x_wconf 91' lang='lat' dir='ltr'>malefico</span> <span class='ocrx_word' id='word_1_105' title='bbox 1413 1306 1616 1356; x_wconf 90' lang='lat' dir='ltr'>auferat</span> <span class='ocrx_word' id='word_1_106' title='bbox 1643 1315 1966 1373; x_wconf 90' lang='lat' dir='ltr'>potestatem</span> 
     </span>
     <span class='ocr_line' id='line_1_15' title="bbox 65 1388 563 1439; baseline 0 -1"><span class='ocrx_word' id='word_1_107' title='bbox 65 1388 279 1439; x_wconf 91' lang='lat' dir='ltr'>ulterius</span> <span class='ocrx_word' id='word_1_108' title='bbox 319 1390 563 1439; x_wconf 91' lang='lat' dir='ltr'>nocendi.</span> 
     </span>
    </p>
   </div>
   <div class='ocr_carea' id='block_1_5' title="bbox 65 1476 1971 2037">
    <p class='ocr_par' dir='ltr' id='par_1_5' title="bbox 65 1476 1971 2037">
     <span class='ocr_line' id='line_1_16' title="bbox 145 1476 1964 1543; baseline -0.001 -15"><span class='ocrx_word' id='word_1_109' title='bbox 145 1488 187 1541; x_wconf 85' lang='lat'>5.</span> <span class='ocrx_word' id='word_1_110' title='bbox 242 1476 438 1538; x_wconf 73' lang='lat' dir='ltr'>Quinta</span> <span class='ocrx_word' id='word_1_111' title='bbox 479 1479 740 1528; x_wconf 89' lang='lat' dir='ltr'>sententia</span> <span class='ocrx_word' id='word_1_112' title='bbox 780 1478 986 1527; x_wconf 85' lang='lat' dir='ltr'>admitti</span> <span class='ocrx_word' id='word_1_113' title='bbox 1015 1478 1214 1543; x_wconf 85' lang='lat' dir='ltr'>nequit,</span> <span class='ocrx_word' id='word_1_114' title='bbox 1258 1477 1380 1543; x_wconf 83' lang='lat' dir='ltr'>quia</span> <span class='ocrx_word' id='word_1_115' title='bbox 1421 1477 1635 1526; x_wconf 88' lang='lat' dir='ltr'>crimina</span> <span class='ocrx_word' id='word_1_116' title='bbox 1665 1477 1964 1543; x_wconf 88' lang='lat' dir='ltr'>puniuntur,</span> 
     </span>
     <span class='ocr_line' id='line_1_17' title="bbox 65 1559 1967 1626; baseline -0.001 -17"><span class='ocrx_word' id='word_1_117' title='bbox 65 1568 354 1626; x_wconf 85' lang='lat' dir='ltr'>postquam</span> <span class='ocrx_word' id='word_1_118' title='bbox 397 1561 681 1610; x_wconf 90' lang='lat' dir='ltr'>commissa</span> <span class='ocrx_word' id='word_1_119' title='bbox 721 1568 869 1622; x_wconf 77' lang='lat' dir='ltr'>sunt3</span> <span class='ocrx_word' id='word_1_120' title='bbox 915 1576 1077 1625; x_wconf 83' lang='lat' dir='ltr'>quare</span> <span class='ocrx_word' id='word_1_121' title='bbox 1119 1559 1187 1608; x_wconf 93' lang='lat' dir='ltr'>de</span> <span class='ocrx_word' id='word_1_122' title='bbox 1228 1559 1537 1608; x_wconf 86' lang='lat' dir='ltr'>defensione</span> <span class='ocrx_word' id='word_1_123' title='bbox 1565 1576 1722 1608; x_wconf 91' lang='lat' dir='ltr'>sensu</span> <span class='ocrx_word' id='word_1_124' title='bbox 1753 1559 1967 1626; x_wconf 87' lang='lat' dir='ltr'>proprio</span> 
     </span>
     <span class='ocr_line' id='line_1_18' title="bbox 65 1641 1965 1708; baseline 0 -17"><span class='ocrx_word' id='word_1_125' title='bbox 65 1659 239 1692; x_wconf 90' lang='lat' dir='ltr'>sermo</span> <span class='ocrx_word' id='word_1_126' title='bbox 281 1659 397 1691; x_wconf 90' lang='lat' dir='ltr'>esse</span> <span class='ocrx_word' id='word_1_127' title='bbox 437 1643 647 1708; x_wconf 86' lang='lat' dir='ltr'>nequit,</span> <span class='ocrx_word' id='word_1_128' title='bbox 705 1643 827 1708; x_wconf 83' lang='lat' dir='ltr'>quia</span> <span class='ocrx_word' id='word_1_129' title='bbox 868 1642 1002 1692; x_wconf 91' lang='lat' dir='ltr'>haec</span> <span class='ocrx_word' id='word_1_130' title='bbox 1041 1641 1155 1691; x_wconf 80' lang='lat' dir='ltr'>vult</span> <span class='ocrx_word' id='word_1_131' title='bbox 1194 1641 1451 1707; x_wconf 89' lang='lat' dir='ltr'>impedire</span> <span class='ocrx_word' id='word_1_132' title='bbox 1492 1642 1710 1691; x_wconf 88' lang='lat' dir='ltr'>crimina</span> <span class='ocrx_word' id='word_1_133' title='bbox 1749 1642 1798 1691; x_wconf 91' lang='lat' dir='ltr'>in</span> <span class='ocrx_word' id='word_1_134' title='bbox 1842 1642 1965 1703; x_wconf 87' lang='lat' dir='ltr'>fieri,</span> 
     </span>
     <span class='ocr_line' id='line_1_19' title="bbox 66 1721 1968 1790; baseline -0.001 -16"><span class='ocrx_word' id='word_1_135' title='bbox 66 1741 158 1774; x_wconf 88' lang='lat' dir='ltr'>seu</span> <span class='ocrx_word' id='word_1_136' title='bbox 198 1722 310 1774; x_wconf 85' lang='lat' dir='ltr'>vult</span> <span class='ocrx_word' id='word_1_137' title='bbox 362 1724 598 1785; x_wconf 90' lang='lat' dir='ltr'>efficere,</span> <span class='ocrx_word' id='word_1_138' title='bbox 654 1733 711 1774; x_wconf 92' lang='lat' dir='ltr'>ut</span> <span class='ocrx_word' id='word_1_139' title='bbox 753 1725 968 1774; x_wconf 89' lang='lat' dir='ltr'>crimina</span> <span class='ocrx_word' id='word_1_140' title='bbox 1016 1742 1122 1773; x_wconf 90' lang='lat' dir='ltr'>non</span> <span class='ocrx_word' id='word_1_141' title='bbox 1164 1733 1549 1790; x_wconf 86' lang='lat' dir='ltr'>perpetrentur.</span> <span class='ocrx_word' id='word_1_142' title='bbox 1633 1721 1842 1788; x_wconf 70' lang='lat' dir='ltr'>Quodsi</span> <span class='ocrx_word' id='word_1_143' title='bbox 1884 1724 1968 1773; x_wconf 91' lang='lat' dir='ltr'>de-</span> 
     </span>
     <span class='ocr_line' id='line_1_20' title="bbox 69 1806 1971 1872; baseline -0.001 -16"><span class='ocrx_word' id='word_1_144' title='bbox 69 1806 235 1856; x_wconf 87' lang='lat' dir='ltr'>fensio</span> <span class='ocrx_word' id='word_1_145' title='bbox 288 1806 473 1856; x_wconf 88' lang='lat' dir='ltr'>latiore</span> <span class='ocrx_word' id='word_1_146' title='bbox 524 1824 683 1856; x_wconf 86' lang='lat' dir='ltr'>sensu</span> <span class='ocrx_word' id='word_1_147' title='bbox 733 1815 972 1856; x_wconf 87' lang='lat' dir='ltr'>sumatur</span> <span class='ocrx_word' id='word_1_148' title='bbox 1024 1824 1121 1872; x_wconf 91' lang='lat' dir='ltr'>pro</span> <span class='ocrx_word' id='word_1_149' title='bbox 1175 1807 1577 1856; x_wconf 77' lang='lat' dir='ltr'>conservatione</span> <span class='ocrx_word' id='word_1_150' title='bbox 1635 1815 1687 1855; x_wconf 91' lang='lat' dir='ltr'>et</span> <span class='ocrx_word' id='word_1_151' title='bbox 1728 1806 1971 1856; x_wconf 90' lang='lat' dir='ltr'>custodia</span> 
     </span>
     <span class='ocr_line' id='line_1_21' title="bbox 70 1888 1971 1950; baseline -0.001 -12"><span class='ocrx_word' id='word_1_152' title='bbox 70 1889 197 1938; x_wconf 90' lang='lat' dir='ltr'>boni</span> <span class='ocrx_word' id='word_1_153' title='bbox 239 1889 552 1950; x_wconf 89' lang='lat' dir='ltr'>communis,</span> <span class='ocrx_word' id='word_1_154' title='bbox 596 1906 718 1938; x_wconf 84' lang='lat' dir='ltr'>vera</span> <span class='ocrx_word' id='word_1_155' title='bbox 759 1898 838 1939; x_wconf 91' lang='lat' dir='ltr'>est</span> <span class='ocrx_word' id='word_1_156' title='bbox 878 1890 1154 1949; x_wconf 88' lang='lat' dir='ltr'>sententia,</span> <span class='ocrx_word' id='word_1_157' title='bbox 1198 1890 1294 1939; x_wconf 90' lang='lat' dir='ltr'>sed</span> <span class='ocrx_word' id='word_1_158' title='bbox 1336 1890 1495 1938; x_wconf 89' lang='lat' dir='ltr'>utitur</span> <span class='ocrx_word' id='word_1_159' title='bbox 1523 1888 1789 1938; x_wconf 83' lang='lat' dir='ltr'>vocabulo</span> <span class='ocrx_word' id='word_1_160' title='bbox 1819 1888 1971 1937; x_wconf 90' lang='lat' dir='ltr'>nimis</span> 
     </span>
     <span class='ocr_line' id='line_1_22' title="bbox 69 1971 340 2037; baseline 0.004 -17"><span class='ocrx_word' id='word_1_161' title='bbox 69 1971 340 2037; x_wconf 89' lang='lat' dir='ltr'>ambiguo.</span> 
     </span>
    </p>
   </div>
   <div class='ocr_carea' id='block_1_6' title="bbox 68 2106 1975 3322">
    <p class='ocr_par' dir='ltr' id='par_1_6' title="bbox 68 2106 1975 3322">
     <span class='ocr_line' id='line_1_23' title="bbox 74 2106 1972 2176; baseline 0.001 -19"><span class='ocrx_word' id='word_1_162' title='bbox 74 2106 219 2171; x_wconf 84' lang='lat'><strong>636.</strong></span> <span class='ocrx_word' id='word_1_163' title='bbox 301 2110 350 2159; x_wconf 82' lang='lat'>6.</span> <span class='ocrx_word' id='word_1_164' title='bbox 383 2109 549 2160; x_wconf 72' lang='lat' dir='ltr'>Sexta</span> <span class='ocrx_word' id='word_1_165' title='bbox 578 2111 839 2162; x_wconf 89' lang='lat' dir='ltr'>sententia</span> <span class='ocrx_word' id='word_1_166' title='bbox 867 2127 974 2160; x_wconf 89' lang='lat' dir='ltr'>non</span> <span class='ocrx_word' id='word_1_167' title='bbox 1004 2110 1222 2176; x_wconf 81' lang='lat' dir='ltr'>quidem</span> <span class='ocrx_word' id='word_1_168' title='bbox 1252 2108 1379 2159; x_wconf 88' lang='lat' dir='ltr'>falsa</span> <span class='ocrx_word' id='word_1_169' title='bbox 1408 2118 1501 2171; x_wconf 92' lang='lat' dir='ltr'>est,</span> <span class='ocrx_word' id='word_1_170' title='bbox 1533 2110 1628 2160; x_wconf 92' lang='lat' dir='ltr'>sed</span> <span class='ocrx_word' id='word_1_171' title='bbox 1657 2110 1972 2176; x_wconf 90' lang='lat' dir='ltr'>principium</span> 
     </span>
     <span class='ocr_line' id='line_1_24' title="bbox 69 2192 1972 2258; baseline 0.001 -19"><span class='ocrx_word' id='word_1_172' title='bbox 69 2192 253 2241; x_wconf 86' lang='lat' dir='ltr'>statuit</span> <span class='ocrx_word' id='word_1_173' title='bbox 291 2193 443 2242; x_wconf 90' lang='lat' dir='ltr'>nimis</span> <span class='ocrx_word' id='word_1_174' title='bbox 484 2209 695 2258; x_wconf 87' lang='lat' dir='ltr'>vagum.</span> <span class='ocrx_word' id='word_1_175' title='bbox 755 2192 943 2242; x_wconf 87' lang='lat' dir='ltr'>Omnis</span> <span class='ocrx_word' id='word_1_176' title='bbox 980 2192 1198 2258; x_wconf 81' lang='lat' dir='ltr'>quidem</span> <span class='ocrx_word' id='word_1_177' title='bbox 1239 2209 1414 2258; x_wconf 89' lang='lat' dir='ltr'>poena</span> <span class='ocrx_word' id='word_1_178' title='bbox 1447 2201 1526 2241; x_wconf 91' lang='lat' dir='ltr'>est</span> <span class='ocrx_word' id='word_1_179' title='bbox 1554 2193 1788 2258; x_wconf 76' lang='lat' dir='ltr'>expiatio</span> <span class='ocrx_word' id='word_1_180' title='bbox 1818 2210 1972 2258; x_wconf 84' lang='lat' dir='ltr'>quae-</span> 
     </span>
     <span class='ocr_line' id='line_1_25' title="bbox 70 2273 1972 2340; baseline 0.002 -19"><span class='ocrx_word' id='word_1_181' title='bbox 70 2273 195 2322; x_wconf 90' lang='lat' dir='ltr'>dam</span> <span class='ocrx_word' id='word_1_182' title='bbox 249 2282 303 2324; x_wconf 90' lang='lat' dir='ltr'>et</span> <span class='ocrx_word' id='word_1_183' title='bbox 357 2275 617 2340; x_wconf 85' lang='lat' dir='ltr'>reparatio</span> <span class='ocrx_word' id='word_1_184' title='bbox 672 2275 894 2336; x_wconf 85' lang='lat' dir='ltr'>ordinis,</span> <span class='ocrx_word' id='word_1_185' title='bbox 951 2283 1003 2324; x_wconf 92' lang='lat' dir='ltr'>et</span> <span class='ocrx_word' id='word_1_186' title='bbox 1043 2275 1085 2323; x_wconf 92' lang='lat' dir='ltr'>si</span> <span class='ocrx_word' id='word_1_187' title='bbox 1125 2291 1300 2324; x_wconf 87' lang='lat' dir='ltr'>sermo</span> <span class='ocrx_word' id='word_1_188' title='bbox 1342 2275 1409 2324; x_wconf 89' lang='lat' dir='ltr'>sit</span> <span class='ocrx_word' id='word_1_189' title='bbox 1449 2276 1517 2324; x_wconf 94' lang='lat' dir='ltr'>de</span> <span class='ocrx_word' id='word_1_190' title='bbox 1558 2292 1757 2340; x_wconf 90' lang='lat' dir='ltr'>poena,</span> <span class='ocrx_word' id='word_1_191' title='bbox 1812 2292 1972 2340; x_wconf 86' lang='lat' dir='ltr'>quam</span> 
     </span>
     <span class='ocr_line' id='line_1_26' title="bbox 69 2354 1969 2423; baseline 0.002 -20"><span class='ocrx_word' id='word_1_192' title='bbox 69 2354 220 2404; x_wconf 74' lang='lat' dir='ltr'>Deus</span> <span class='ocrx_word' id='word_1_193' title='bbox 270 2356 483 2422; x_wconf 83' lang='lat' dir='ltr'>infligit,</span> <span class='ocrx_word' id='word_1_194' title='bbox 540 2357 643 2407; x_wconf 90' lang='lat' dir='ltr'>hoc</span> <span class='ocrx_word' id='word_1_195' title='bbox 700 2358 1013 2423; x_wconf 89' lang='lat' dir='ltr'>principium</span> <span class='ocrx_word' id='word_1_196' title='bbox 1069 2356 1335 2406; x_wconf 87' lang='lat' dir='ltr'>sufficiens</span> <span class='ocrx_word' id='word_1_197' title='bbox 1387 2364 1440 2406; x_wconf 91' lang='lat' dir='ltr'>et</span> <span class='ocrx_word' id='word_1_198' title='bbox 1495 2358 1823 2406; x_wconf 80' lang='lat' dir='ltr'>verissimum</span> <span class='ocrx_word' id='word_1_199' title='bbox 1875 2365 1969 2407; x_wconf 92' lang='lat' dir='ltr'>est.</span> 
     </span>
     <span class='ocr_line' id='line_1_27' title="bbox 68 2436 1973 2505; baseline 0.002 -20"><span class='ocrx_word' id='word_1_200' title='bbox 68 2436 216 2486; x_wconf 92' lang='lat' dir='ltr'>Deus</span> <span class='ocrx_word' id='word_1_201' title='bbox 268 2438 405 2487; x_wconf 85' lang='lat' dir='ltr'>enim</span> <span class='ocrx_word' id='word_1_202' title='bbox 447 2438 561 2489; x_wconf 87' lang='lat' dir='ltr'>vult</span> <span class='ocrx_word' id='word_1_203' title='bbox 613 2441 740 2489; x_wconf 91' lang='lat' dir='ltr'>recti</span> <span class='ocrx_word' id='word_1_204' title='bbox 790 2440 989 2489; x_wconf 89' lang='lat' dir='ltr'>ordinis</span> <span class='ocrx_word' id='word_1_205' title='bbox 1031 2439 1358 2498; x_wconf 74' lang='lat' dir='ltr'>custodiam,</span> <span class='ocrx_word' id='word_1_206' title='bbox 1412 2440 1463 2488; x_wconf 88' lang='lat' dir='ltr'>in</span> <span class='ocrx_word' id='word_1_207' title='bbox 1505 2457 1613 2505; x_wconf 85' lang='lat' dir='ltr'>quo</span> <span class='ocrx_word' id='word_1_208' title='bbox 1656 2440 1765 2488; x_wconf 91' lang='lat' dir='ltr'>eius</span> <span class='ocrx_word' id='word_1_209' title='bbox 1806 2438 1973 2504; x_wconf 87' lang='lat' dir='ltr'>gloria</span> 
     </span>
     <span class='ocr_line' id='line_1_28' title="bbox 70 2519 1969 2587; baseline 0.002 -20"><span class='ocrx_word' id='word_1_210' title='bbox 70 2519 367 2570; x_wconf 78' lang='lat' dir='ltr'>extrinseca</span> <span class='ocrx_word' id='word_1_211' title='bbox 408 2521 673 2583; x_wconf 78' lang='lat' dir='ltr'>consistit3</span> <span class='ocrx_word' id='word_1_212' title='bbox 719 2539 878 2587; x_wconf 87' lang='lat' dir='ltr'>porro</span> <span class='ocrx_word' id='word_1_213' title='bbox 920 2522 1032 2587; x_wconf 91' lang='lat' dir='ltr'>ipse</span> <span class='ocrx_word' id='word_1_214' title='bbox 1060 2538 1156 2571; x_wconf 89' lang='lat' dir='ltr'>sua</span> <span class='ocrx_word' id='word_1_215' title='bbox 1185 2522 1552 2571; x_wconf 87' lang='lat' dir='ltr'>omniscientia</span> <span class='ocrx_word' id='word_1_216' title='bbox 1580 2522 1781 2587; x_wconf 87' lang='lat' dir='ltr'>optime</span> <span class='ocrx_word' id='word_1_217' title='bbox 1809 2522 1969 2582; x_wconf 89' lang='lat' dir='ltr'>novit,</span> 
     </span>
     <span class='ocr_line' id='line_1_29' title="bbox 70 2603 1973 2669; baseline 0.002 -19"><span class='ocrx_word' id='word_1_218' title='bbox 70 2610 328 2666; x_wconf 88' lang='lat' dir='ltr'>quantum</span> <span class='ocrx_word' id='word_1_219' title='bbox 380 2603 513 2652; x_wconf 85' lang='lat' dir='ltr'>ordo</span> <span class='ocrx_word' id='word_1_220' title='bbox 566 2621 660 2669; x_wconf 89' lang='lat' dir='ltr'>per</span> <span class='ocrx_word' id='word_1_221' title='bbox 711 2604 909 2653; x_wconf 88' lang='lat' dir='ltr'>crimen</span> <span class='ocrx_word' id='word_1_222' title='bbox 962 2603 1133 2653; x_wconf 92' lang='lat' dir='ltr'>laesus</span> <span class='ocrx_word' id='word_1_223' title='bbox 1184 2604 1276 2665; x_wconf 83' lang='lat' dir='ltr'>sit,</span> <span class='ocrx_word' id='word_1_224' title='bbox 1332 2612 1384 2653; x_wconf 91' lang='lat' dir='ltr'>et</span> <span class='ocrx_word' id='word_1_225' title='bbox 1436 2612 1685 2669; x_wconf 86' lang='lat' dir='ltr'>quantam</span> <span class='ocrx_word' id='word_1_226' title='bbox 1741 2621 1973 2669; x_wconf 90' lang='lat' dir='ltr'>poenam</span> 
     </span>
     <span class='ocr_line' id='line_1_30' title="bbox 68 2683 1972 2752; baseline 0.002 -20"><span class='ocrx_word' id='word_1_227' title='bbox 68 2683 241 2749; x_wconf 90' lang='lat' dir='ltr'>ipsum</span> <span class='ocrx_word' id='word_1_228' title='bbox 271 2686 467 2734; x_wconf 91' lang='lat' dir='ltr'>crimen</span> <span class='ocrx_word' id='word_1_229' title='bbox 508 2718 578 2723; x_wconf 92' lang='lat'>—</span> <span class='ocrx_word' id='word_1_230' title='bbox 620 2687 779 2735; x_wconf 87' lang='lat' dir='ltr'>etiam</span> <span class='ocrx_word' id='word_1_231' title='bbox 807 2686 1101 2735; x_wconf 89' lang='lat' dir='ltr'>secundum</span> <span class='ocrx_word' id='word_1_232' title='bbox 1132 2687 1483 2736; x_wconf 84' lang='lat' dir='ltr'>subiectivam</span> <span class='ocrx_word' id='word_1_233' title='bbox 1510 2685 1972 2752; x_wconf 90' lang='lat' dir='ltr'>imputabilitatem</span> 
     </span>
     <span class='ocr_line' id='line_1_31' title="bbox 70 2764 1973 2834; baseline 0.002 -20"><span class='ocrx_word' id='word_1_234' title='bbox 70 2764 424 2832; x_wconf 84' lang='lat' dir='ltr'>delinquentis</span> <span class='ocrx_word' id='word_1_235' title='bbox 463 2798 534 2801; x_wconf 87' lang='lat'>—</span> <span class='ocrx_word' id='word_1_236' title='bbox 574 2766 852 2818; x_wconf 85' lang='lat' dir='ltr'>mereatur.</span> <span class='ocrx_word' id='word_1_237' title='bbox 897 2798 968 2802; x_wconf 97' lang='lat'>—-</span> <span class='ocrx_word' id='word_1_238' title='bbox 1010 2766 1118 2817; x_wconf 81' lang='lat' dir='ltr'>Sed</span> <span class='ocrx_word' id='word_1_239' title='bbox 1171 2768 1351 2834; x_wconf 88' lang='lat' dir='ltr'>quoad</span> <span class='ocrx_word' id='word_1_240' title='bbox 1406 2776 1728 2834; x_wconf 88' lang='lat' dir='ltr'>potestatem</span> <span class='ocrx_word' id='word_1_241' title='bbox 1782 2767 1973 2817; x_wconf 87' lang='lat' dir='ltr'>coerci-</span> 
     </span>
     <span class='ocr_line' id='line_1_32' title="bbox 69 2847 1973 2916; baseline 0.002 -20"><span class='ocrx_word' id='word_1_242' title='bbox 69 2847 231 2897; x_wconf 87' lang='lat' dir='ltr'>tivam</span> <span class='ocrx_word' id='word_1_243' title='bbox 271 2849 609 2899; x_wconf 65' lang='lat' dir='ltr'>auctoritatis</span> <span class='ocrx_word' id='word_1_244' title='bbox 638 2850 898 2914; x_wconf 70' lang='lat' dir='ltr'>politicae</span> <span class='ocrx_word' id='word_1_245' title='bbox 939 2850 1042 2899; x_wconf 90' lang='lat' dir='ltr'>hoc</span> <span class='ocrx_word' id='word_1_246' title='bbox 1094 2850 1438 2916; x_wconf 89' lang='lat' dir='ltr'>principium:</span> <span class='ocrx_word' id='word_1_247' title='bbox 1494 2851 1691 2900; x_wconf 86' lang='lat' dir='ltr'>crimen</span> <span class='ocrx_word' id='word_1_248' title='bbox 1732 2866 1847 2899; x_wconf 93' lang='lat' dir='ltr'>esse</span> <span class='ocrx_word' id='word_1_249' title='bbox 1888 2867 1973 2899; x_wconf 77' lang='lat' dir='ltr'>ex-</span> 
     </span>
     <span class='ocr_line' id='line_1_33' title="bbox 69 2929 1974 2998; baseline 0.002 -20"><span class='ocrx_word' id='word_1_250' title='bbox 69 2929 324 2994; x_wconf 91' lang='lat' dir='ltr'>piandum</span> <span class='ocrx_word' id='word_1_251' title='bbox 354 2930 436 2980; x_wconf 84' lang='lat' dir='ltr'>vel</span> <span class='ocrx_word' id='word_1_252' title='bbox 478 2930 678 2981; x_wconf 91' lang='lat' dir='ltr'>laesum</span> <span class='ocrx_word' id='word_1_253' title='bbox 708 2932 947 2981; x_wconf 89' lang='lat' dir='ltr'>ordinem</span> <span class='ocrx_word' id='word_1_254' title='bbox 978 2949 1093 2981; x_wconf 90' lang='lat' dir='ltr'>esse</span> <span class='ocrx_word' id='word_1_255' title='bbox 1122 2932 1492 2998; x_wconf 89' lang='lat' dir='ltr'>reparandum,</span> <span class='ocrx_word' id='word_1_256' title='bbox 1536 2932 1688 2981; x_wconf 87' lang='lat' dir='ltr'>nimis</span> <span class='ocrx_word' id='word_1_257' title='bbox 1728 2931 1974 2996; x_wconf 91' lang='lat' dir='ltr'>generale</span> 
     </span>
     <span class='ocr_line' id='line_1_34' title="bbox 70 3012 1974 3080; baseline 0.002 -20"><span class='ocrx_word' id='word_1_258' title='bbox 70 3019 124 3060; x_wconf 93' lang='lat' dir='ltr'>et</span> <span class='ocrx_word' id='word_1_259' title='bbox 162 3028 358 3077; x_wconf 87' lang='lat' dir='ltr'>vagum</span> <span class='ocrx_word' id='word_1_260' title='bbox 399 3022 494 3063; x_wconf 90' lang='lat' dir='ltr'>est.</span> <span class='ocrx_word' id='word_1_261' title='bbox 575 3012 929 3063; x_wconf 87' lang='lat' dir='ltr'>Auctoritatis</span> <span class='ocrx_word' id='word_1_262' title='bbox 981 3013 1134 3063; x_wconf 91' lang='lat' dir='ltr'>huius</span> <span class='ocrx_word' id='word_1_263' title='bbox 1189 3032 1296 3063; x_wconf 90' lang='lat' dir='ltr'>non</span> <span class='ocrx_word' id='word_1_264' title='bbox 1349 3021 1430 3063; x_wconf 91' lang='lat' dir='ltr'>est</span> <span class='ocrx_word' id='word_1_265' title='bbox 1481 3031 1723 3080; x_wconf 89' lang='lat' dir='ltr'>reparare</span> <span class='ocrx_word' id='word_1_266' title='bbox 1774 3013 1974 3063; x_wconf 89' lang='lat' dir='ltr'>laesum</span> 
     </span>
     <span class='ocr_line' id='line_1_35' title="bbox 72 3093 1974 3162; baseline 0.003 -21"><span class='ocrx_word' id='word_1_267' title='bbox 72 3093 313 3143; x_wconf 91' lang='lat' dir='ltr'>ordinem</span> <span class='ocrx_word' id='word_1_268' title='bbox 353 3094 581 3145; x_wconf 90' lang='lat' dir='ltr'>hominis</span> <span class='ocrx_word' id='word_1_269' title='bbox 620 3096 690 3145; x_wconf 92' lang='lat' dir='ltr'>ad</span> <span class='ocrx_word' id='word_1_270' title='bbox 733 3096 935 3157; x_wconf 90' lang='lat' dir='ltr'>Deum;</span> <span class='ocrx_word' id='word_1_271' title='bbox 980 3113 1135 3146; x_wconf 92' lang='lat' dir='ltr'>secus</span> <span class='ocrx_word' id='word_1_272' title='bbox 1176 3097 1397 3146; x_wconf 89' lang='lat' dir='ltr'>deberet</span> <span class='ocrx_word' id='word_1_273' title='bbox 1439 3114 1534 3162; x_wconf 86' lang='lat' dir='ltr'>pro</span> <span class='ocrx_word' id='word_1_274' title='bbox 1576 3095 1816 3161; x_wconf 85' lang='lat' dir='ltr'>quolibet</span> <span class='ocrx_word' id='word_1_275' title='bbox 1855 3113 1974 3162; x_wconf 92' lang='lat' dir='ltr'>pec-</span> 
     </span>
     <span class='ocr_line' id='line_1_36' title="bbox 72 3176 1973 3244; baseline 0.002 -20"><span class='ocrx_word' id='word_1_276' title='bbox 72 3184 192 3224; x_wconf 92' lang='lat' dir='ltr'>cato</span> <span class='ocrx_word' id='word_1_277' title='bbox 234 3176 444 3227; x_wconf 90' lang='lat' dir='ltr'>mortali</span> <span class='ocrx_word' id='word_1_278' title='bbox 483 3195 713 3243; x_wconf 89' lang='lat' dir='ltr'>poenam</span> <span class='ocrx_word' id='word_1_279' title='bbox 754 3179 941 3244; x_wconf 88' lang='lat' dir='ltr'>capitis</span> <span class='ocrx_word' id='word_1_280' title='bbox 981 3177 1244 3244; x_wconf 85' lang='lat' dir='ltr'>infligere,</span> <span class='ocrx_word' id='word_1_281' title='bbox 1301 3195 1422 3227; x_wconf 90' lang='lat' dir='ltr'>nam</span> <span class='ocrx_word' id='word_1_282' title='bbox 1464 3187 1771 3244; x_wconf 88' lang='lat' dir='ltr'>peccatum,</span> <span class='ocrx_word' id='word_1_283' title='bbox 1827 3178 1973 3243; x_wconf 87' lang='lat' dir='ltr'>quod</span> 
     </span>
     <span class='ocr_line' id='line_1_37' title="bbox 73 3260 1975 3322; baseline 0.002 -16"><span class='ocrx_word' id='word_1_284' title='bbox 73 3267 300 3308; x_wconf 89' lang='lat' dir='ltr'>mortem</span> <span class='ocrx_word' id='word_1_285' title='bbox 350 3268 620 3309; x_wconf 87' lang='lat' dir='ltr'>aeternam</span> <span class='ocrx_word' id='word_1_286' title='bbox 674 3268 930 3322; x_wconf 84' lang='lat' dir='ltr'>meretur,</span> <span class='ocrx_word' id='word_1_287' title='bbox 987 3278 1017 3310; x_wconf 91' lang='lat' dir='ltr'>a</span> <span class='ocrx_word' id='word_1_288' title='bbox 1070 3260 1271 3310; x_wconf 88' lang='lat' dir='ltr'>fortiori</span> <span class='ocrx_word' id='word_1_289' title='bbox 1312 3269 1541 3309; x_wconf 87' lang='lat' dir='ltr'>meretur</span> <span class='ocrx_word' id='word_1_290' title='bbox 1580 3268 1806 3309; x_wconf 91' lang='lat' dir='ltr'>mortem</span> <span class='ocrx_word' id='word_1_291' title='bbox 1848 3267 1975 3310; x_wconf 92' lang='lat' dir='ltr'>tem-</span> 
     </span>
    </p>
   </div>
   <div class='ocr_carea' id='block_1_7' title="bbox 73 3339 1975 3482">
    <p class='ocr_par' dir='ltr' id='par_1_7' title="bbox 73 3339 1975 3482">
     <span class='ocr_line' id='line_1_38' title="bbox 73 3339 1975 3407; baseline 0.002 -19"><span class='ocrx_word' id='word_1_292' title='bbox 73 3339 336 3405; x_wconf 80' lang='lat' dir='ltr'>poralem3</span> <span class='ocrx_word' id='word_1_293' title='bbox 380 3359 554 3407; x_wconf 90' lang='lat' dir='ltr'>neque</span> <span class='ocrx_word' id='word_1_294' title='bbox 582 3342 821 3392; x_wconf 89' lang='lat' dir='ltr'>eiusdem</span> <span class='ocrx_word' id='word_1_295' title='bbox 849 3343 1180 3392; x_wconf 85' lang='lat' dir='ltr'>auctoritatis</span> <span class='ocrx_word' id='word_1_296' title='bbox 1209 3349 1289 3391; x_wconf 91' lang='lat' dir='ltr'>est</span> <span class='ocrx_word' id='word_1_297' title='bbox 1317 3342 1558 3390; x_wconf 91' lang='lat' dir='ltr'>ordinem</span> <span class='ocrx_word' id='word_1_298' title='bbox 1597 3341 1975 3392; x_wconf 83' lang='lat' dir='ltr'>individualem</span> 
     </span>
     <span class='ocr_line' id='line_1_39' title="bbox 163 3432 1708 3482; baseline 0.003 -18"><span class='ocrx_word' id='word_1_299' title='bbox 163 3432 404 3474; x_wconf 88' lang='lat' dir='ltr'>Cathrein,</span> <span class='ocrx_word' id='word_1_300' title='bbox 432 3433 564 3466; x_wconf 70' lang='lat' dir='ltr'>Philos.</span> <span class='ocrx_word' id='word_1_301' title='bbox 593 3435 748 3468; x_wconf 78' lang='lat' dir='ltr'>moralis.</span> <span class='ocrx_word' id='word_1_302' title='bbox 791 3435 858 3467; x_wconf 84' lang='lat' dir='ltr'>Ed.</span> <span class='ocrx_word' id='word_1_303' title='bbox 887 3446 917 3474; x_wconf 87' lang='grc'>5.</span> <span class='ocrx_word' id='word_1_304' title='bbox 1654 3442 1708 3482; x_wconf 79' lang='lat'>30</span> 
     </span>
    </p>
   </div>
  </div>
 </body>
</html>
