2182 3682
485 170 573 199 LIB.
609 169 655 198 11.
701 168 803 197 CAP.
837 168 904 197 III.
951 167 1014 195 DE
1048 166 1302 196 SOCIETATE
1337 168 1494 197 CIVILI.
1818 166 1921 220 445

31 324 153 359 cum
191 304 569 366 absolutismo‚
619 304 742 353 ideo
782 301 1079 353 Ecclesiam
1118 318 1150 351 a
1190 301 1343 352 Statu
1383 300 1540 367 plene
1579 301 1933 366 separandam

31 406 159 440 esse.
227 387 538 447 Ecclesiam,
581 386 624 435 si
663 386 850 435 iterum
890 400 1092 450 pauper
1131 392 1183 433 et
1223 384 1493 433 societatis
1534 382 1695 433 civilis
1737 383 1932 433 auxilio

33 471 283 521 destituta
324 469 484 529 foret,
538 485 690 518 suam
731 468 835 516 vim
876 464 1133 515 moralem
1175 465 1445 515 victricem
1497 474 1681 515 contra
1733 481 1934 515 errores

31 552 384 602 exercituram
436 567 566 600 esse.
648 549 777 599 Ideo
830 547 1176 614 postulabant
1227 547 1322 596 has
1374 554 1624 612 quattuor
1680 562 1935 611 «magnas

31 634 364 684 libertates»:
419 631 511 682 scl.
558 631 771 698 plenam
824 630 1123 679 libertatem
1177 628 1375 690 cultus,
1433 628 1517 678 lib.
1564 628 1935 688 conscientiae,

32 715 119 766 lib.
173 715 334 781 preli,
399 715 485 764 lib.
541 713 920 763 associationis.
1011 711 1288 762 Sententia
1343 711 1476 760 haec
1533 711 1727 760 reiecta
1783 718 1863 759 est
1910 725 1941 758 a

39 797 306 862 Gregorio
345 796 494 846 XV]
527 805 579 846 et
619 795 927 862 praesertim
967 811 998 844 a
1038 794 1137 844 Pio
1178 793 1273 843 IX
1308 794 1359 842 in
1400 792 1623 859 Syllabo
1671 792 1823 855 (thes
1871 802 1937 854 77

32 880 100 931 ad
144 880 249 943 80),
294 887 347 928 et
386 879 496 928 iure
537 878 742 928 meritO.

106 962 247 1012 Nam
287 968 368 1010 est
407 961 537 1010 mira
576 960 1017 1025 inconsequentia
1069 976 1364 1024 agnoscere
1417 956 1795 1007 revelationem
1842 974 1939 1023 pro

32 1045 140 1094 vita
179 1044 381 1110 privata
422 1051 475 1092 et
508 1060 615 1091 non
657 1059 753 1107 pro
796 1041 1024 1107 publica,
1068 1041 1216 1107 quasi
1251 1041 1415 1090 homo
1458 1039 1654 1089 habeat
1694 1040 1773 1088 ius
1814 1038 1941 1088 limi-

34 1126 182 1176 tandi
221 1134 545 1192 potestatem
585 1124 688 1173 Dei
740 1124 807 1173 ad
849 1124 1010 1174 vitam
1058 1123 1332 1189 privatam.
1414 1122 1626 1171 Deinde
1676 1122 1941 1188 separatio

32 1208 172 1257 vitae
212 1208 446 1273 privatae
488 1223 517 1256 a
558 1205 770 1272 publica
803 1214 884 1255 est
924 1205 1081 1271 plane
1124 1204 1478 1271 impossibilis.
1540 1204 1722 1253 Bonus
1764 1203 1944 1253 catho-

34 1290 163 1339 licus
205 1289 370 1338 debet
410 1305 606 1349 curare,
651 1298 709 1337 ut
747 1288 974 1337 infantes
1008 1289 1058 1337 in
1086 1287 1283 1337 scholis
1325 1286 1588 1337 catholice
1630 1287 1940 1346 educentur,

36 1378 94 1421 ut
134 1372 467 1421 matrimonia
507 1370 779 1420 Ecclesiae
820 1370 1040 1430 subsint,
1085 1378 1143 1419 ut
1184 1370 1479 1435 generatim
1521 1369 1631 1418 iura
1671 1368 1943 1418 Ecclesiae

34 1454 139 1503 sint
177 1453 337 1514 salva,
380 1471 428 1503 v.
461 1470 510 1518 g.
543 1453 724 1519 quoad
767 1452 1157 1502 immunitatem
1188 1452 1326 1512 cleri,
1371 1452 1552 1517 quoad
1594 1452 1739 1501 bona
1779 1450 1943 1500 eccle-

35 1536 258 1597 siastica,
303 1536 480 1601 quoad
522 1535 907 1584 institutionem
948 1535 997 1583 in
1038 1534 1236 1583 scholis
1279 1543 1377 1583 etc.
1448 1534 1725 1583 Praeterea
1764 1541 1945 1599 potest

38 1618 253 1684 quidem
293 1618 560 1667 interdum
601 1617 815 1666 libertas
856 1616 1095 1667 cultuum
1137 1625 1279 1666 recte
1321 1615 1546 1676 tolerari,
1591 1617 1633 1665 si
1673 1616 1725 1665 id
1768 1632 1943 1665 neces-

36 1701 228 1750 sarium
254 1701 322 1749 sit
348 1700 416 1749 ad
446 1700 643 1749 maiora
683 1699 822 1758 mala
861 1700 1102 1760 vitanda3
1148 1699 1243 1749 sed
1285 1699 1577 1764 generatim
1620 1698 1944 1748 contendere

38 1799 224 1832 omnes
276 1781 448 1831 cultus
503 1782 700 1831 debere
749 1782 937 1831 iisdem
990 1781 1188 1830 iuribus
1241 1781 1476 1846 gaudere
1529 1798 1589 1830 ac
1630 1779 1942 1841 Ecclesiam,

38 1873 119 1914 est
171 1864 477 1913 iniuriosum
529 1863 829 1924 Ecclesiae,
890 1881 1027 1929 quae
1078 1863 1192 1912 sola
1244 1867 1324 1912 ius
1376 1863 1666 1912 exsistendi
1718 1871 1769 1912 et
1811 1863 1944 1912 ordi-

38 1946 201 1996 nandi
241 1962 323 1995 res
363 1945 635 2010 religiosas
676 1945 856 2006 habet,
901 1952 954 1995 et
995 1946 1078 1995 cui
1120 1963 1307 1994 omnes
1349 1962 1442 2011 per
1481 1962 1538 1994 se
1580 1945 1948 1995 obsecundare

39 2036 299 2078 tenentur.
332 2057 401 2063 ——
442 2027 582 2076 Dein
623 2044 850 2093 magnus
891 2035 972 2077 est
1012 2044 1157 2076 error
1196 2036 1400 2093 putare,
1445 2044 1702 2077 concessa
1742 2027 1950 2093 aequali

39 2110 283 2160 libertate
325 2108 457 2159 falso
487 2118 539 2159 et
566 2127 708 2171 verO,
754 2109 894 2159 malo
925 2118 978 2159 et
1006 2109 1168 2170 bono,
1212 2127 1425 2175 semper
1451 2127 1636 2159 verum
1665 2119 1718 2159 et
1747 2110 1949 2160 bonum

38 2193 313 2242 victoriam
342 2200 673 2257 reportatura
695 2209 825 2242 esse.
881 2192 1106 2241 Facilius
1136 2201 1217 2241 est
1245 2209 1477 2241 errorem
1505 2209 1757 2258 spargere
1786 2210 1946 2258 quam

39 2275 332 2335 veritatem,
376 2282 428 2323 et
456 2274 758 2323 hominibus
799 2274 1108 2324 facinorosis
1149 2275 1309 2324 etiam
1338 2273 1503 2323 multa
1531 2275 1706 2324 media
1735 2283 1947 2340 praesto

40 2364 177 2418 sunt,
221 2373 250 2406 a
291 2356 483 2422 quibus
523 2356 651 2406 boni
693 2357 956 2406 abstinere
992 2357 1218 2419 debent;
1265 2357 1498 2423 denique
1539 2357 1767 2407 hominis
1809 2357 1950 2423 cupi-

42 2439 235 2488 ditates
286 2438 544 2499 efficiunt,
600 2447 658 2488 ut
708 2438 907 2489 facilius
955 2439 1024 2489 ad
1066 2440 1251 2488 vitium
1303 2439 1639 2505 pertrahatur
1680 2457 1841 2505 quam
1881 2438 1950 2488 ad

41 2521 304 2571 virtutem.

873 2623 1047 2655 SECTIO
1073 2623 1118 2656 II.

140 2714 227 2752 DE
258 2713 462 2754 MODIS
494 2715 909 2754 DERIVATIVIS
942 2715 1412 2764 ACOUIRENDAE
1444 2715 1852 2755 POTESTATIS

335 2787 682 2827 POLITICAE
713 2788 934 2837 DEOUE
966 2790 1263 2828 EIUSDEM
1290 2789 1662 2829 AMISSIONE.

150 2907 178 2962 ξ
217 2922 250 2950 1.
300 2912 380 2950 DE
411 2912 628 2951 TITULO
663 2913 1074 2962 HEREDITATIS,
1110 2912 1477 2961 ELECTIONIS,
1513 2914 1847 2963 VICTORIAE,

832 2980 1161 3019 EMPTIONIS.

51 3085 195 3150 604.
284 3102 323 3138 Ι.
367 3088 692 3140 Hereditate
731 3090 1012 3156 imperium
1051 3091 1375 3152 transfertur,
1420 3108 1540 3141 cum
1583 3108 1685 3140 una
1725 3106 1953 3156 persona

48 3168 116 3218 ab
168 3170 390 3235 imperio
447 3180 651 3221 remota
705 3173 880 3222 eidem
936 3174 1176 3224 succedit
1227 3173 1328 3223 alia
1380 3191 1449 3223 ex
1501 3173 1690 3222 eadem
1743 3172 1951 3233 familia,

49 3259 195 3301 certo
237 3252 438 3304 ordine.
519 3253 694 3320 Saepe
734 3253 822 3304 lex
863 3254 1004 3305 hunc
1045 3255 1396 3306 successionis
1449 3255 1670 3304 modum
1712 3254 1953 3304 determi-

49 3349 179 3382 nans
229 3351 324 3400 per
375 3352 693 3386 consensum
746 3337 997 3404 principis
1049 3346 1102 3387 et
1156 3337 1341 3404 populi
1391 3337 1663 3398 statuitur,
1723 3345 1774 3386 et
1826 3345 1952 3387 tunc
