2182 3682
217 183 321 234 340
609 180 724 210 PARS
758 181 806 211 ΙΙ.
858 181 1178 211 PHILOSOPHIA
1212 183 1416 212 MORALIS
1451 183 1702 214 SPECIALIS.

213 318 464 383 coniungi
503 318 692 384 possit;
739 332 784 369 2.
829 336 958 368 num
997 319 1064 369 sit
1104 318 1487 369 indissolubile.
1557 319 1644 369 De
1683 318 1784 370 hac
1824 321 2119 386 posteriore

211 400 523 466 quaestione
561 401 614 450 in
654 400 994 467 paragrapho
1034 402 1279 468 sequenti
1317 418 1493 451 sermo
1535 402 1644 452 erit.

210 531 358 583 444.
437 520 781 587 Polygamia,
831 520 860 570 i.
904 538 946 571 e.
989 520 1365 572 simultaneum
1402 523 1537 572 inter
1575 522 1753 589 plures
1791 524 2114 590 coniugium,

207 601 314 668 legi
352 603 577 653 naturali
617 603 941 664 adversatur,
987 611 1039 653 et
1080 604 1324 669 quidem:

281 686 331 750 a)
372 685 688 751 polyandria
742 703 835 735 seu
890 685 1204 736 simultanea
1256 687 1408 736 unius
1460 687 1643 737 uxoris
1698 705 1822 738 cum
1876 687 2115 754 pluribus

205 767 325 817 viris
366 768 672 818 coniunctio
724 777 1034 834 propterea,
1091 770 1214 835 quia
1253 769 1338 819 vel
1379 770 1554 835 ipsum
1596 769 1756 820 finem
1808 771 2113 836 primarium

204 851 525 900 matrimonii
566 851 784 901 omnino
824 852 1076 917 impedit;
1121 860 1273 917 pater
1300 853 1440 901 enim
1468 860 1650 902 manet
1680 852 1927 914 incertus,
1970 853 2114 903 unde

204 932 450 983 educatio
501 934 813 999 impeditur;
869 941 1144 1000 praeterea
1184 933 1267 984 vel
1307 934 1423 1000 ipsa
1473 934 1771 985 fecunditas
1821 934 2004 985 uxoris
2043 953 2113 985 ex

204 1016 474 1065 consortio
517 1033 639 1066 cum
679 1014 918 1081 pluribus
958 1016 1203 1082 impediri
1242 1017 1474 1079 videtur;

276 1098 332 1164 b)
373 1097 669 1165 polygynia
708 1116 836 1148 vero
876 1116 971 1148 seu
1011 1099 1326 1150 simultanea
1376 1100 1528 1150 unius
1568 1100 1660 1150 viri
1702 1117 1825 1150 cum
1871 1098 2112 1166 pluribus

202 1181 458 1231 uxoribus
500 1182 805 1232 coniunctio
847 1182 997 1242 ideo,
1053 1183 1175 1248 quia
1229 1182 1359 1232 fines
1407 1183 1726 1232 matrimonii
1767 1183 2111 1233 secundarios

201 1263 425 1313 multum
466 1264 707 1330 impedit,
746 1281 875 1314 vcum
916 1265 1231 1330 plerumque
1261 1283 1488 1315 uxorum
1529 1264 1800 1331 pluralitas
1840 1265 2113 1331 perpetuis

200 1346 407 1396 invidiis
459 1355 511 1396 et
564 1346 792 1396 dissidiis
848 1363 1037 1412 pacem
1092 1347 1445 1397 domesticam
1498 1348 1750 1398 turbaret.
1833 1347 2111 1397 Praeterea

199 1438 465 1495 repugnat
524 1429 784 1479 amicitiae
846 1430 1090 1489 intimae,
1157 1446 1292 1496 quae
1351 1431 1485 1480 inter
1542 1431 1711 1480 virum
1773 1437 1827 1481 et
1884 1447 2109 1480 uxorem

197 1512 494 1561 intercedat
547 1520 776 1578 oportet.
858 1511 1112 1562 Amicitia
1169 1514 1308 1562 enim
1365 1512 1481 1563 talis
1533 1531 1710 1580 neque
1761 1513 1989 1563 habetur
2038 1514 2106 1564 ad

198 1594 395 1644 multos
447 1611 622 1660 neque
663 1596 730 1644 ad
783 1595 1112 1661 inaequales3
1167 1596 1263 1645 sed
1305 1605 1445 1646 esset
1497 1614 1694 1663 magna
1741 1595 2105 1663 inaequalitaS‚

196 1676 239 1726 si
291 1694 429 1726 uxor
479 1695 587 1727 non
639 1678 735 1727 nisi
787 1695 951 1727 unum
999 1678 1192 1739 virum,
1247 1678 1324 1728 vir
1363 1696 1488 1729 vero
1541 1679 1718 1746 plures
1771 1697 1968 1730 uxores
2020 1678 2106 1729 ha-

197 1759 323 1809 bere
363 1767 562 1825 posset,

197 1888 344 1942 445.
426 1878 512 1928 Ex
554 1880 708 1929 dictis
750 1879 901 1930 facile
943 1880 1223 1947 colligitur,
1268 1899 1362 1932 cnr
1389 1881 1538 1931 Deus
1577 1882 1727 1948 isque
1757 1881 1905 1931 solus
1930 1882 2114 1948 quoad

183 1961 540 2027 poljgyniam
581 1962 901 2027 dispensare
953 1965 1136 2029 possit.
1220 1964 1519 2031 Polygynia
1559 1965 1699 2014 enim
1751 1964 1848 2013 iuri
1887 1972 2108 2014 naturae

195 2061 265 2093 ex
305 2043 505 2110 duplici
558 2045 762 2095 ratione
815 2054 1103 2112 repugnat:
1167 2048 1212 2110 Ι)
1256 2048 1379 2113 quia
1432 2047 1633 2097 inducit
1673 2046 2107 2113 inaequalitatem

194 2127 381 2176 iurium
440 2127 575 2177 inter
631 2128 889 2194 coniuges
946 2138 1132 2179 contra
1188 2130 1514 2196 exigentiam
1572 2138 1879 2179 contractus
1934 2130 2105 2179 matri-

194 2209 451 2271 monialis,
498 2224 543 2260 2.
590 2211 712 2276 quia
754 2210 932 2277 aliquo
976 2212 1143 2261 modo
1185 2212 1410 2279 impedit
1451 2212 1584 2262 fines
1624 2212 1971 2262 secundarios
1999 2228 2104 2262 ma-

193 2293 437 2343 trimonii.
519 2293 628 2343 Iam
685 2294 831 2359 quod
886 2295 953 2344 ad
1004 2301 1082 2343 1¹¹¹n
1123 2296 1336 2356 attinet,
1393 2296 1542 2345 Deus
1594 2304 1652 2344 ut
1690 2311 1972 2361 supremus
2013 2295 2103 2344 do-

193 2375 366 2425 minus
426 2383 608 2441 potest
666 2377 778 2425 iura
834 2378 1125 2443 coniugum
1186 2387 1346 2444 prout
1403 2377 1629 2427 voluerit
1684 2377 1966 2427 transferre
2020 2376 2103 2427 vel

192 2457 409 2509 auferre.
491 2458 585 2508 Ad
628 2466 728 2520 2⁰¹⁸,
782 2459 933 2509 Deus
985 2478 1091 2510 non
1145 2470 1326 2526 potest
1368 2461 1676 2527 dispensare
1727 2461 1778 2509 in
1825 2460 1911 2521 iis,
1967 2476 2104 2526 quae

192 2549 314 2590 sunt
343 2550 528 2590 contra
569 2551 858 2608 praecepta
888 2543 1175 2608 primaria
1219 2543 1352 2610 legis
1380 2552 1613 2605 naturae,
1657 2561 1750 2593 seu
1778 2560 1913 2609 quae
1942 2542 2100 2592 finem

193 2623 497 2686 primarium
550 2625 867 2674 matrimonii
923 2625 1225 2691 impediunt
1276 2626 1486 2690 (saltem
1543 2626 1940 2692 dispensatione
1996 2625 2103 2674 uni-

191 2705 403 2756 versali:
461 2704 513 2756 S.
567 2706 783 2769 Themi,
837 2706 1113 2774 Supplem.
1159 2726 1207 2774 q.
1253 2710 1350 2773 67,
1405 2726 1450 2762 a.
1497 2709 1577 2772 2),
1633 2709 1757 2774 quia
1796 2707 1947 2757 Deus
1993 2724 2100 2757 non

190 2795 372 2853 potest
423 2787 583 2837 finem
635 2788 771 2838 velle
824 2798 876 2838 et
927 2788 1083 2839 simul
1135 2790 1401 2840 licentiam
1455 2791 1608 2850 dare,
1668 2798 1726 2839 ut
1777 2789 1995 2839 omnino
2048 2795 2102 2839 et

191 2869 374 2935 quoad
425 2869 624 2920 multos
677 2871 1012 2937 impediatur.
1093 2872 1239 2922 Bene
1290 2890 1417 2922 vero
1460 2873 1768 2938 dispensare
1819 2879 2001 2938 potest
2046 2871 2097 2920 in

188 2952 274 3013 iis,
330 2968 470 3018 quae
510 2952 670 3002 finem
711 2954 1086 3003 secundarium
1126 2955 1425 3022 impediunt
1465 2962 1519 3005 et
1559 2971 1696 3021 quae
1735 2954 1935 3004 idcirco
1976 2962 2098 3003 sunt

190 3042 376 3084 contra
416 3043 709 3100 praecepta
765 3037 1089 3086 secmzdaria
1142 3038 1282 3103 legis
1336 3037 1625 3087 namralz's.
1719 3036 1903 3086 Potest
1957 3036 2096 3085 enim

190 3117 517 3183 contingere,
561 3124 618 3167 ut
657 3135 703 3167 v.
749 3135 798 3183 g.
843 3118 961 3167 finis
1000 3119 1276 3184 primarius
1316 3121 1381 3169 sit
1421 3119 1489 3169 ad
1531 3128 1745 3185 tempus
1785 3118 2006 3168 celerius
2046 3126 2100 3167 et

190 3198 400 3248 uberius
455 3199 800 3266 attingendus
857 3209 909 3249 et
965 3209 1022 3249 ut
1077 3202 1327 3267 neglecto
1384 3202 1452 3252 ad
1512 3208 1726 3267 tempus
1781 3199 2096 3250 secundario

191 3279 390 3331 facilius
431 3282 750 3347 attingatur,
804 3282 856 3331 in
908 3281 998 3332 tali
1040 3292 1219 3333 autem
1262 3302 1387 3334 casu
1435 3284 1568 3333 haec
1608 3282 1874 3348 neglectio
1914 3299 2095 3332 secun-

190 3363 320 3412 darii
371 3363 487 3413 finis
543 3365 835 3430 prudenter
890 3365 1121 3430 permitti
1182 3375 1374 3432 potest.
1478 3364 1617 3416 «Sed
1677 3365 1799 3431 quia
1854 3381 1961 3414 non
2017 3372 2097 3414 est
