2182 3682
220 164 320 214 194
619 160 732 189 PARS
767 160 796 189 Ι.
832 159 1152 189 PHILOSOPHIA
1187 159 1390 187 MORALIS
1427 158 1707 188 GENERALIS.

216 299 352 348 riore
418 297 789 347 communitati
854 297 1118 362 imposita.
1220 295 1544 345 Coactivitas
1609 312 1735 345 vero
1800 294 1934 361 legis
1992 294 2119 344 nihil

213 379 354 429 aliud
411 388 491 429 est
547 396 709 445 quam
766 378 986 429 facultas
1027 377 1297 428 statuendi
1352 386 1405 427 et
1458 377 1736 443 infligendi
1786 376 2118 426 sanctionem

212 461 488 528 (poenam)
529 461 597 511 ad
653 461 952 526 urgendam
994 459 1194 526 legem,
1252 477 1346 509 seu
1403 459 1582 525 potius
1633 458 1746 509 eius
1797 458 2117 508 observatio-

212 561 349 594 nem.
431 544 487 607 b)
531 542 589 594 Si
640 542 856 592 nornine
907 542 1031 591 iuris
1084 540 1408 607 intellegitur
1460 540 1684 591 facultas
1740 540 1979 601 moraliS,
2035 557 2118 590 co-

213 627 454 676 activitas
494 625 882 692 praesupponit
921 624 1002 674 ius
1059 625 1198 674 circa
1237 623 1471 690 aliquam
1513 641 1640 685 rem,
1684 631 1737 672 et
1776 621 1951 672 solum
1991 632 2120 672 tunc

213 708 271 758 fit
312 707 544 769 actualis,
590 706 809 774 quando
852 707 970 772 quis
1012 716 1222 756 recusat
1262 705 1400 756 ultro
1443 714 1712 771 praestare
1753 705 1833 765 id,
1877 705 1929 754 in
1971 704 2119 771 quod

212 790 473 840 habemus
513 791 605 840 ius.
689 788 743 839 Si
782 807 829 839 v.
875 805 925 854 g.
970 788 1147 839 habeo
1189 789 1269 838 ius
1298 788 1607 854 postulandi
1647 787 1715 837 ab
1757 786 1860 836 alio
1903 796 2119 837 centum

211 890 425 933 aureos,
479 889 587 921 non
640 871 768 920 mihi
820 870 943 921 licet
995 871 1174 920 statim
1223 871 1291 920 ad
1345 871 1451 920 vim
1504 870 1786 936 physicam
1838 885 2118 930 recurrere,

212 956 307 1005 sed
348 954 523 1004 solum
579 963 732 1015 tunc,
789 953 1005 1019 quando
1047 952 1179 1002 alter
1230 951 1368 1002 ultro
1423 952 1601 1003 officio
1659 952 1962 1002 satisfacere
2013 968 2121 1001 non

211 1037 339 1087 vult.
395 1036 716 1087 Coactivitas
758 1053 888 1101 ergo
917 1035 1306 1102 praesupponit
1344 1036 1424 1084 ius
1465 1044 1523 1084 ut
1563 1034 1693 1101 quid
1735 1034 1939 1084 ratione
1979 1034 2124 1099 prius

211 1130 265 1169 et
303 1119 433 1169 illud
474 1137 572 1185 pro
614 1118 717 1168 fine
758 1117 935 1168 habet.
992 1117 1090 1167 Est
1130 1134 1258 1184 ergo
1301 1118 1598 1183 proprietas
1638 1116 1761 1166 iuris
1787 1116 2119 1166 subsidiaria.

212 1201 342 1251 Ideo
384 1218 670 1268 possumus
710 1201 761 1249 in
802 1201 927 1260 iure,
971 1200 1162 1249 saltem
1202 1199 1457 1265 perfecto,
1504 1199 1612 1249 duo
1641 1198 1905 1248 elementa
1947 1199 2124 1248 distin-

212 1300 402 1350 guere:
471 1298 510 1334 Ι,
554 1283 726 1349 ipsam
791 1281 1101 1332 facultatem
1156 1281 1413 1331 moralem
1471 1282 1523 1330 in
1579 1280 1813 1347 aliquam
1869 1297 1979 1330 rem
2035 1278 2120 1330 vel

214 1366 656 1432 praestationem,
731 1374 784 1414 et
846 1378 891 1413 2.
957 1363 1262 1413 facultatem
1332 1363 1591 1414 moralem
1658 1363 1952 1413 adhibendi
2017 1363 2124 1412 vim

214 1448 521 1515 physicam,
580 1448 623 1496 si
683 1464 820 1513 opus
861 1447 927 1495 sit
968 1456 1021 1496 et
1062 1463 1158 1512 per
1199 1446 1621 1496 circumstantias
1677 1445 1787 1495 fieri
1826 1446 2010 1512 possit.
2056 1474 2127 1479 -—

215 1530 624 1581 Coactivitatem
677 1547 785 1578 non
839 1529 1163 1578 constituere
1216 1529 1498 1578 essentiam
1553 1528 1676 1578 iuris
1729 1528 1888 1577 etiam
1936 1545 2007 1577 ex
2058 1543 2123 1576 eo

215 1623 386 1680 patet,
442 1612 591 1678 quod
643 1628 768 1661 vera
820 1611 1084 1660 exsistunt
1124 1611 1262 1671 iura,
1315 1627 1452 1676 quae
1492 1619 1679 1660 natura
1719 1626 1815 1660 sua
1855 1608 2121 1660 coactioni

215 1713 325 1745 non
364 1705 488 1745 sunt
529 1694 782 1755 obnoxia,
825 1712 874 1743 v.
918 1711 968 1759 g.
1013 1694 1109 1754 ius,
1154 1693 1300 1758 quod
1331 1692 1553 1759 quilibet
1581 1692 1760 1754 habet,
1804 1710 1870 1742 ne
1900 1692 1967 1742 ab
2008 1691 2122 1742 aliis

213 1779 329 1828 sine
372 1777 574 1827 ratione
615 1775 785 1825 malus
826 1775 1101 1825 iudicetur.

220 1929 366 1980 234.
451 1926 617 1965 PARS
650 1927 725 1964 ΙΙΙ.
791 1926 834 1963 Α
878 1924 1064 1964 fortiori
1095 1925 1302 1963 actualis
1336 1924 1548 1973 cogendi
1573 1924 1885 1973 possibilitas
1921 1923 2125 1972 (coacti-

221 1995 346 2032 vitas
380 1994 426 2032 in
463 1996 571 2031 actu
606 1992 848 2040 secundo)
885 2004 982 2031 non
1019 1993 1270 2031 constituit
1302 1992 1573 2030 essentiam
1607 1992 1739 2030 iuris.

293 2076 458 2122 Prob.
526 2073 648 2123 Hoc
689 2072 927 2138 sequitur
968 2089 1036 2121 ex
1078 2080 1227 2138 parte
1256 2071 1317 2121 Π.
1355 2101 1427 2106 -
1466 2071 1605 2120 Dein
1647 2071 1726 2120 ius
1766 2079 1849 2121 est
1887 2077 2127 2136 potestas

218 2156 456 2216 moralis,
513 2172 619 2205 non
673 2155 909 2221 physica.
991 2153 1165 2220 Atqui
1200 2154 1239 2203 si
1284 2154 1599 2203 consisteret
1637 2153 1688 2202 in
1731 2152 1924 2203 actuali
1963 2153 2127 2219 possi-

218 2238 420 2290 bilitate
449 2237 695 2304 cogendi,
740 2237 1196 2303 aequiparandum
1225 2244 1365 2285 esset
1401 2235 1655 2301 potestati
1682 2252 1826 2284 mere
1853 2234 2124 2301 physicae.

218 2322 488 2371 Fortiores
540 2321 681 2370 enim
732 2336 1024 2385 numquam
1077 2327 1298 2384 possent
1348 2317 1546 2368 violare
1598 2318 1690 2367 ius,
1784 2314 1918 2381 Quis
1968 2317 2128 2367 etiam

219 2412 381 2468 neget
420 2403 679 2452 viatorem
721 2419 750 2451 a
801 2400 1004 2450 latrone
1047 2417 1364 2466 oppressum
1413 2400 1638 2449 retinere
1678 2399 1757 2449 ius
1796 2416 1978 2460 suum,
2032 2399 2128 2449 etsi

221 2487 357 2536 desit
395 2483 616 2535 actualis
656 2484 888 2549 cogendi
927 2481 1283 2549 possibilitas?

296 2569 410 2617 Nec
453 2583 700 2633 opponas
740 2566 928 2615 adesse
969 2565 1157 2615 saltem
1187 2565 1480 2631 generatim
1510 2564 1845 2614 coactionem
1875 2562 2128 2628 legalem,

222 2658 483 2716 quatenus
505 2648 727 2714 quilibet
754 2665 848 2714 per
876 2647 1023 2714 leges
1051 2646 1228 2697 civiles
1256 2646 1568 2713 protegitur.
1632 2645 1770 2695 Nam
1800 2646 1849 2710 a)
1878 2645 1983 2714 hoc
2009 2645 2127 2711 ipso

222 2731 518 2781 admittitur
545 2730 952 2797 possibilitatem
982 2728 1248 2780 actualem
1277 2729 1568 2779 coactionis
1594 2728 1852 2794 physicae
1879 2714 2131 2793 nospes-

222 2816 388 2864 tinere
416 2814 483 2863 ad
513 2813 799 2863 essentiam
826 2812 974 2875 iuris;
1005 2812 1060 2876 b)
1089 2811 1279 2862 saltem
1306 2819 1631 2877 sequeretur,
1662 2810 1752 2860 ubi
1779 2811 1974 2860 desunt
2001 2809 2130 2859 eius-

223 2896 371 2946 modi
411 2895 558 2961 leges
600 2893 791 2955 civiles,
835 2893 1109 2944 hominem
1149 2894 1348 2943 iuribus
1388 2893 1622 2942 maxime
1655 2891 2024 2942 essentialibus
2063 2908 2128 2941 eo

223 2980 340 3044 ipso
383 2977 611 3036 destitui,
656 2977 805 3043 quod
845 2976 1066 3027 actualis
1114 2976 1347 3042 cogendi
1387 2973 1708 3041 possibilitas
1749 2974 1976 3024 deficiat.

229 3105 375 3159 235.
457 3104 624 3142 PARS
648 3105 724 3142 IV.
769 3105 963 3151 Norma,
999 3103 1268 3142 secundum
1304 3114 1442 3151 quam
1478 3102 1804 3141 discernenda
1838 3103 1918 3140 est
1949 3099 2128 3139 coacti-

228 3172 369 3218 vitas,
406 3174 485 3209 est
515 3171 691 3209 bonum
726 3171 981 3209 societatis
1013 3171 1270 3208 humanae.

301 3252 467 3298 Prob.
544 3250 607 3299 Id
658 3251 895 3316 sequitur
950 3267 1018 3299 ex
1075 3249 1228 3299 dictis
1280 3249 1347 3299 de
1403 3248 1506 3298 fine
1561 3249 1697 3299 iuris.
1789 3248 1943 3317 Finis
1986 3247 2128 3318 Qlssm

227 3332 349 3381 iuris
388 3340 468 3381 est
508 3333 640 3381 tueri
679 3332 1152 3398 independentiam
1179 3330 1524 3396 singulorum,
1567 3331 1639 3381 ita
1678 3338 1872 3391 tamen,
1916 3318 1984 3379 ut*
2000 3329 2132 3379 inter
