2182 3682
494 186 579 214 Lm.
614 185 661 215 11.
692 185 810 226 ⁴CAP.
844 185 910 214 111.
959 185 1021 212 DE
1056 184 1314 213 SOCIETATE
1350 185 1507 213 CIVILI.
1827 180 1927 234 415

41 320 279 388 poralem
330 321 601 386 proprium
654 319 880 380 habent,
934 317 1175 368 Ecclesia
1225 318 1393 383 possit
1445 318 1643 367 directe
1691 336 1771 368 res
1811 325 1938 367 tem-

40 402 274 470 poraleS‚
329 420 376 452 v.
421 419 470 467 g.
527 402 748 462 tributa,
805 418 915 450 rem
971 399 1246 450 militarem
1290 408 1420 460 etc,
1476 401 1732 450 ordinare.
1814 399 1937 451 Hoc
2004 439 2007 442 -

40 501 312 550 negamus.

43 622 187 688 558.
269 625 435 672 Prob.
515 621 755 673 Ecclesia
795 622 932 672 hanc
979 628 1307 687 potestatem
1348 637 1454 670 non
1497 620 1687 680 habet,
1741 620 1783 669 si
1824 637 1939 669 eam

41 706 266 773 probare
306 723 411 755 non
455 714 648 771 potest.
717 704 886 770 Atqui
925 721 1031 753 non
1073 711 1251 770 potest
1292 703 1534 768 probare.
1596 702 1749 767 Ergo
1780 743 1788 751 .
1818 743 1862 753 ..

114 802 270 852 Proh.
314 802 440 851 mai.
522 802 703 867 Reges
754 810 876 851 ante
919 799 1111 850 Christi
1158 800 1447 849 adventum
1498 807 1640 848 certe
1693 807 1842 848 erant
1891 798 1941 846 in

41 884 195 934 rebus
245 884 473 950 politicis
523 883 962 949 independentes.
1043 883 1197 947 Ergo
1250 899 1343 932 eos
1394 881 1532 931 hanc
1584 880 1942 946 independen-

40 967 167 1016 tiam
223 967 455 1015 amisisse
508 975 560 1015 et
610 982 641 1015 a
693 964 903 1015 Christo
955 964 1228 1015 Ecclesiae
1287 964 1558 1014 subiectos
1615 963 1772 1012 fuisse
1827 979 1943 1028 pro-

41 1048 153 1097 bari
193 1047 371 1097 debet.

113 1143 272 1194 Prob.
315 1144 444 1193 min.
513 1144 763 1192 Mensura
805 1142 1082 1192 cuiuslibet
1123 1142 1404 1208 potestatis
1445 1159 1473 1190 a
1507 1141 1628 1190 Deo
1671 1140 1945 1190 ordinatae

41 1238 122 1276 est
177 1227 286 1275 eius
342 1225 486 1288 finis;
544 1225 649 1275 hoc
704 1224 846 1275 valet
901 1226 1060 1275 etiam
1119 1224 1186 1273 de
1242 1232 1510 1290 potestate
1571 1221 1941 1272 ecclesiastica.

41 1308 211 1374 Atqui
235 1308 301 1357 ad
332 1307 491 1357 finem
520 1307 819 1357 Ecclesiae:
862 1307 1337 1357 sanctificationem
1365 1307 1675 1366 animarum,
1707 1313 1946 1371 potestas

43 1390 322 1440 ordinandi
353 1407 434 1439 res
456 1407 599 1439 mere
626 1388 867 1455 politicas
896 1407 991 1455 per
1011 1406 1067 1438 se
1090 1407 1197 1438 non
1221 1397 1300 1438 est
1322 1389 1630 1438 necessaria.
1673 1387 1827 1452 Ergo
1859 1429 1866 1437 .
1898 1430 1904 1436 .
1935 1430 1943 1437 .

41 1471 135 1521 Illa
173 1472 336 1521 verba
377 1471 569 1521 Christi
608 1473 677 1521 ad
719 1472 959 1521 Petrum:
1020 1469 1454 1536 «Quodcumque
1496 1469 1768 1536 ligaveris»
1824 1477 1942 1531 etc.,

41 1552 400 1619 intellegenda
427 1562 550 1604 sunt
577 1555 987 1604 accommodate
1015 1555 1082 1603 ad
1114 1553 1275 1602 finem
1301 1552 1626 1618 spiritualem
1656 1551 1943 1602 Ecclesiae.

47 1710 192 1765 559.
277 1700 527 1768 szfirm.
572 1701 882 1751 auctoritate
911 1698 963 1750 S.
995 1700 1048 1750 P.
1080 1699 1276 1749 Leonis
1303 1699 1474 1760 XIII,
1516 1700 1603 1765 qui
1643 1699 1694 1747 in
1736 1697 1940 1763 encycl.

50 1783 403 1833 «Diuturnum
458 1783 650 1833 illucl»z
721 1782 906 1848 «Quae
963 1784 1013 1831 in
1070 1799 1264 1848 genere
1321 1799 1493 1831 rerum
1555 1780 1781 1831 civilium
1839 1798 1944 1830 ver—

43 1874 280 1926 santur,»
328 1866 523 1932 inquit,
575 1883 669 1915 «ea
709 1866 760 1914 in
801 1873 1068 1931 potestate
1109 1874 1458 1930 supremoque
1498 1864 1723 1929 imperio
1765 1881 1945 1913 eorum

48 1944 392 2015 [principium]
449 1965 563 1997 esse
606 1948 849 2013 agnoscit
891 1956 943 1996 et
985 1946 1251 1997 declarat»
1314 1945 1570 2014 {Ecclesia
1612 1943 1835 2013 Christil.
1879 1977 1951 1982 —

43 2028 291 2079 Similiter
330 2031 382 2079 in
423 2029 626 2095 encycl.
671 2028 1007 2078 «immortale
1048 2029 1215 2079 Dei-z
1267 2029 1446 2079 «Deus
1487 2029 1704 2078 humani
1744 2029 1952 2093 generis

44 2113 474 2177 procurationem
515 2113 648 2162 inter
689 2112 820 2161 duas
861 2119 1158 2178 potestates
1197 2112 1419 2177 partitus
1449 2120 1543 2172 est,
1587 2110 1677 2160 scl.
1711 2110 1951 2160 ecclesia-

43 2195 230 2244 sticam
271 2203 324 2243 et
365 2193 596 2255 civilem,
652 2193 871 2243 alteram
914 2194 1128 2260 quidem
1174 2195 1386 2254 divinis,
1444 2193 1663 2243 alteram
1710 2193 1953 2242 humanis

45 2277 201 2326 rebus
228 2277 604 2342 praepositam.
661 2277 904 2342 Utraque
933 2285 1011 2325 est
1053 2277 1107 2325 in
1147 2294 1239 2325 sm
1273 2293 1474 2341 genere
1515 2276 1777 2337 maxima,
1821 2284 1952 2325 utra-

45 2376 147 2424 que
188 2358 352 2408 habet
392 2366 568 2409 certos
609 2359 798 2424 quibus
840 2360 1174 2408 contineatur
1215 2358 1453 2408 limites.»
1541 2358 1737 2407 Iterum
1778 2359 1829 2407 in
1870 2375 1955 2407 en-

46 2440 177 2506 cycl.
218 2440 548 2507 «Sapientiae
578 2441 921 2491 christianae»
948 2459 956 2491 ;
1008 2440 1279 2491 «Ecclesia
1315 2450 1367 2491 et
1397 2441 1580 2490 civitas
1608 2458 1761 2490 suum
1792 2440 1955 2490 habet

46 2531 267 2589 utraque
297 2524 653 2590 principatum
682 2532 1074 2590 proptereaque
1098 2524 1148 2572 in
1172 2524 1420 2589 gerendis
1451 2524 1608 2573 rebus
1629 2523 1736 2573 suis
1764 2531 1954 2573 neutra

35 2613 208 2669 paret
244 2605 460 2656 alteri.»

121 2693 399 2744 Consentit
438 2694 490 2745 S.
549 2695 783 2745 Thomas
822 2697 871 2745 in
916 2709 964 2757 2,
1009 2696 1127 2745 dist.
1162 2709 1246 2757 44,
1293 2713 1340 2761 q.
1376 2709 1422 2756 2,
1467 2712 1511 2745 a.
1547 2709 1572 2758 3
1616 2694 1685 2744 ad
1720 2708 1778 2757 4:
1831 2693 1953 2743 «Po-

46 2783 209 2826 testas
260 2777 542 2843 spiritualis
594 2787 646 2826 et
686 2778 968 2828 saecularis
1021 2787 1244 2843 utraque
1297 2777 1577 2827 deducitur
1618 2794 1647 2826 a
1688 2784 1955 2842 potestate

48 2857 247 2919 divina,
302 2869 355 2908 et
393 2859 516 2908 ideo
568 2860 619 2909 in
671 2868 875 2909 tantum
930 2859 1210 2909 saecularis
1262 2867 1502 2925 potestas
1543 2867 1622 2908 est
1672 2859 1771 2908 sub
1813 2858 1955 2924 spiri-

47 2939 200 3000 tuali,
254 2941 304 2989 in
347 2950 605 3007 quantum
646 2950 725 2991 est
766 2943 812 2991 ei
853 2960 883 2991 a
924 2943 1044 2992 Deo
1086 2942 1389 3008 supposita,
1433 2941 1522 2991 scl.
1567 2942 1619 2990 in
1659 2940 1766 3002 his,
1818 2957 1955 3006 quae

48 3021 114 3070 ad
162 3021 386 3072 salutem
438 3024 643 3073 animae
696 3025 986 3090 pertinent,
1043 3032 1096 3073 et
1135 3024 1258 3074 ideo
1302 3025 1353 3073 in
1394 3023 1474 3073 his
1523 3023 1692 3089 magis
1745 3033 1824 3072 est
1864 3023 1956 3072 ob-

12 3103 371 3176 -oediendum
412 3105 667 3172 spirituali
708 3123 868 3172 quam
909 3105 1176 3156 saeculari.
1240 3106 1304 3155 In
1343 3105 1433 3156 llis
1472 3114 1665 3166 autem,
1707 3122 1842 3170 quae
1881 3105 1962 3154 ad

48 3183 233 3235 bonum
270 3187 428 3236 civile
455 3189 731 3252 pertinent
770 3189 817 3252 (i.
851 3206 892 3238 e.
924 3189 974 3238 in
1005 3189 1164 3238 rebus
1193 3206 1338 3237 mere
1366 3187 1630 3254 politicis),
1672 3195 1751 3236 est
1775 3187 1955 3252 magi&

49 3266 421 3319 oboediendmn
465 3270 730 3334 potestati
779 3270 1058 3321 saeculari
1107 3287 1268 3336 quam
1323 3269 1607 3334 spirituali
1656 3269 1953 3319 secundum

48 3346 177 3398 illud
219 3350 299 3400 Mt
340 3368 384 3401 c.
429 3365 524 3402 22:
580 3352 844 3414 Reddite,
900 3370 1037 3419 quae
1089 3361 1212 3402 sunt
1267 3350 1530 3411 Caesaris,
1588 3350 1800 3400 Caesari
1851 3360 1950 3401 etc,
