2182 3682
470 176 556 204 LIB.
592 176 620 205 Ι.
668 177 766 205 CAP.
802 176 864 205 IV.
911 177 973 204 DE
1009 177 1121 205 IURE
1158 177 1504 207 PROPRIETATIS.
1825 182 1922 234 27]

39 314 304 380 quaeritur
330 312 559 373 ulteriuS,
599 313 877 378 quomodo
905 313 1120 363 labores
1147 315 1288 363 inter
1314 332 1402 363 eos
1427 316 1536 364 smt
1560 316 1929 379 distribuendi,

39 413 85 446 v.
129 412 177 461 g.
232 394 444 460 quinam
501 394 732 444 debeant
784 395 855 444 rei
902 396 1181 460 pecuariae
1234 413 1453 460 operam
1506 397 1658 457 dare,
1717 399 1929 463 quinam

38 476 271 527 effodere
312 476 572 525 carbones
611 477 663 524 in
706 476 914 536 fodinis,
958 476 1076 541 quis
1117 476 1313 526 debeat
1353 477 1404 526 in
1447 477 1659 538 fabrica,
1702 479 1753 528 in
1782 497 1928 545 agro,

34 560 85 608 in
126 556 297 607 culina
348 556 615 618 laborare,
671 557 787 623 quis
829 558 936 606 vias
978 558 1260 614 mundare,
1317 575 1497 608 curare
1539 569 1789 625 aegrotos
1829 570 1928 611 etc.

37 639 118 690 En
156 640 259 688 iam
300 656 526 705 quaero:
570 647 744 689 utrum
786 639 1006 705 singulis
1047 639 1225 689 licebit
1262 658 1362 706 pro
1404 641 1657 690 arbitratu
1697 659 1794 691 suo
1834 644 1933 692 sibi

37 721 273 772 laborem
333 720 527 787 eligere
587 719 924 786 electumque
985 722 1253 782 deserere,
1323 739 1388 771 an
1452 723 1791 787 magistratus
1848 724 1932 773 vel

35 803 189 853 etiam
233 820 418 852 omnes
458 820 659 869 pagum
701 802 1000 852 habitantes
1051 803 1102 852 in
1155 804 1425 852 communi
1480 821 1770 869 congressu
1826 807 1932 855 uni-

36 885 224 950 cuique
277 885 623 951 assignabunt
674 885 908 950 speciem
960 884 1181 946 laboris,
1241 894 1454 951 tempus
1505 884 1640 935 eto?
1716 885 1770 937 Si
1826 889 1931 936 uni-

36 967 226 1032 cuique
277 967 425 1032 optio
483 965 646 1016 libera
702 967 882 1027 datur,
942 984 1128 1016 omnes
1182 967 1281 1016 sibi
1339 966 1667 1033 praeeligent
1722 967 1934 1018 labores

35 1057 241 1114 gratos,
296 1048 498 1111 faciles3
554 1047 764 1098 labores
804 1066 930 1097 vero
972 1049 1235 1114 ingratos,
1281 1048 1543 1109 difficiles,
1586 1049 1931 1115 periculosos,

32 1131 240 1181 sanitati
268 1132 502 1191 nocivos,
548 1130 786 1180 abiectos
813 1129 926 1180 aliis
955 1130 1267 1196 relinquent.
1322 1131 1600 1180 Praeterea
1627 1131 1732 1181 hoc
1773 1141 1933 1197 pacto

34 1212 206 1262 nullus
248 1213 381 1262 ordo
424 1213 674 1262 constitui
716 1220 922 1277 potest3
978 1213 1020 1261 si
1060 1230 1185 1261 vero
1228 1213 1513 1278 unicuique
1569 1212 1720 1263 labor
1759 1230 1789 1263 a
1828 1231 1933 1264 ma-

35 1295 254 1360 gistratu
294 1294 605 1359 assignatur,
650 1293 909 1344 habemus
950 1294 1195 1344 miseram
1236 1295 1558 1355 servitutem,
1603 1311 1762 1361 quam
1793 1303 1933 1346 certe

34 1376 275 1426 homines
316 1393 424 1425 non
466 1376 553 1425 diu
595 1375 914 1426 tolerabunt.

36 1507 181 1560 344.
266 1507 308 1559 5.
363 1497 681 1562 Progressus
732 1499 782 1546 in
834 1498 1090 1557 scientiis,
1148 1498 1348 1547 artibus
1403 1498 1509 1548 fere
1565 1497 1739 1548 nullus
1794 1508 1934 1549 esset

33 1579 313 1645 possibilis.
395 1578 777 1645 Supponamus
818 1597 860 1629 e.
906 1597 956 1645 g.
1002 1579 1234 1645 aliquem
1287 1597 1479 1629 novam
1523 1580 1822 1630 machinam
1863 1582 1932 1630 in-

32 1662 262 1723 venisse,
318 1662 421 1710 iarn
462 1662 753 1727 quaeritur:
810 1662 1088 1727 quomodo
1130 1662 1197 1711 ab
1239 1662 1513 1711 inventore
1556 1662 1691 1712 effici
1746 1664 1929 1728 possit,

33 1751 91 1792 ut
141 1743 331 1792 eadem
382 1744 434 1792 in
487 1745 638 1809 praxi
690 1743 1000 1793 admittatur
1051 1753 1104 1793 et
1155 1743 1501 1794 adhibeatur?
1577 1745 1934 1810 Proponenda

32 1825 127 1874 erit
167 1842 248 1874 res
287 1824 370 1874 vel
411 1826 510 1875 toti
563 1825 766 1892 populo
806 1826 890 1875 vel
930 1843 1181 1891 supremo
1225 1825 1477 1880 concilio,
1534 1827 1682 1876 cuius
1723 1827 1820 1876 erit
1866 1827 1933 1876 de

33 1905 132 1956 hac
180 1924 234 1956 re
276 1907 576 1957 decernere.
658 1906 765 1957 Sed
819 1908 918 1958 hac
959 1909 1041 1957 via
1092 1907 1379 1973 pleraeque
1419 1909 1750 1958 inventiones
1792 1927 1935 1958 num-

34 2005 194 2053 quam
234 1989 302 2038 ad
344 2006 496 2039 usum
539 1989 837 2040 devenient.
894 1990 1007 2039 Etsi
1049 1991 1183 2039 enim
1227 2007 1652 2056 supponeremus
1694 1991 1934 2040 membra

32 2069 167 2120 illius
218 2070 425 2120 concilii
464 2070 546 2121 vel
600 2080 773 2121 totum
824 2071 1086 2137 populum
1138 2073 1469 2137 aptissimum
1522 2089 1636 2121 esse
1689 2073 1756 2121 ad
1808 2073 1934 2122 iudi-

34 2152 264 2202 candum
306 2152 373 2202 de
426 2170 563 2202 nova
614 2154 945 2214 inventione,
1001 2161 1181 2203 tamen
1224 2171 1340 2203 eam
1382 2155 1433 2203 in
1487 2171 1641 2203 usum
1682 2155 1934 2204 inducere

34 2251 129 2300 pro
189 2233 430 2300 longiore
490 2244 734 2301 tempore
794 2244 1013 2300 augeret
1077 2254 1302 2301 pensum
1362 2235 1558 2285 laboris
1618 2238 1930 2286 communis.

33 2315 251 2365 Debent
303 2317 442 2366 enim
495 2317 840 2367 condiciones
881 2318 1243 2383 operariorum
1296 2318 1494 2383 ubique
1537 2335 1651 2367 esse
1692 2319 1930 2379 eaedem,

34 2406 92 2447 ut
129 2407 366 2448 servetur
398 2400 635 2448 omnium
666 2399 972 2465 aequalitas,
1017 2408 1069 2449 et
1108 2400 1248 2460 ideo,
1291 2401 1332 2449 si
1374 2400 1572 2465 aliquid
1614 2401 1738 2450 novi
1778 2401 1933 2450 intro-

35 2479 242 2530 ducitur
281 2481 332 2530 in
373 2498 479 2530 uno
521 2480 659 2542 1000,
703 2482 753 2531 111
794 2481 907 2531 31115
948 2499 1165 2548 quoque
1194 2482 1246 2530 id
1288 2482 1398 2531 fieri
1440 2482 1616 2532 debet.
1675 2482 1934 2532 Plurimae

35 2578 162 2627 ergo
203 2579 373 2613 novae
425 2563 702 2613 machinae
744 2563 1109 2613 conficiendae
1151 2572 1331 2623 erunt,
1385 2565 1427 2612 si
1469 2564 1644 2630 aliqua
1685 2582 1824 2614 nova
1864 2566 1932 2614 in-

33 2644 210 2694 ventio
250 2645 301 2694 in
342 2661 495 2694 usum
536 2646 815 2695 inducitur.

38 2768 179 2823 345.
261 2759 532 2828 Supposui
573 2780 712 2812 nova
751 2763 967 2812 inveniri
1008 2762 1090 2812 vel
1133 2763 1426 2828 excogitari
1470 2764 1520 2812 in
1563 2764 1736 2813 futura
1772 2764 1932 2813 socie-

35 2847 142 2891 tate
180 2843 510 2895 socialistica.
591 2842 700 2893 Sed
753 2844 886 2894 haec
937 2846 1237 2910 suppositio
1290 2845 1631 2911 impossibilis
1669 2845 1934 2895 videbitur

37 2922 264 2986 cuilibet,
309 2926 398 2991 qui
426 2927 838 2976 consideraverit
875 2926 926 2975 in
954 2927 1256 2977 socialismo
1286 2926 1499 2993 plenam
1528 2929 1707 2994 vigere
1736 2927 1932 2977 debere

35 3005 406 3070 aequalitatem
447 3008 651 3058 iurium.
721 3007 859 3057 Nam
901 3016 992 3057 aut
1032 3008 1326 3058 admittitur
1366 3009 1640 3059 diversitas
1679 3017 1929 3069 statuum,

35 3092 93 3134 ut
118 3103 166 3139 v.
195 3104 245 3152 g.
276 3087 358 3137 alii
386 3089 436 3137 in
466 3097 784 3155 perpetuum
813 3089 942 3139 fiant
969 3091 1177 3151 medici,
1209 3092 1461 3157 magistri,
1492 3091 1783 3141 astronomi
1811 3098 1930 3151 etc.,

35 3165 119 3216 alii
158 3167 408 3236 chirurgi,
463 3170 761 3232 architecti,
806 3171 1062 3237 pictores,
1105 3178 1339 3234 sutores,
1382 3172 1466 3221 vel
1506 3190 1628 3222 non.
1709 3171 1765 3222 Si
1805 3189 1929 3233 non,

36 3262 193 3298 nemo
243 3267 496 3317 umquam
549 3253 744 3318 poterit
783 3252 835 3302 in
885 3253 966 3302 his
1007 3253 1206 3303 artibus
1259 3254 1396 3303 bene
1436 3262 1675 3303 versatus
1715 3262 1768 3302 et
1818 3270 1931 3318 per-

37 3327 204 3380 fectus
243 3348 374 3382 esse.
453 3333 753 3399 Requirunt
793 3333 932 3384 enim
984 3334 1202 3401 longam
1242 3336 1364 3384 inde
1406 3352 1435 3383 a
1475 3335 1746 3384 iuventute
1786 3351 1931 3400 prae-
