2182 3682
227 167 324 203 122
623 165 737 194 PARS
771 166 800 195 Ι.
852 165 1169 195 PHILOSOPHIA
1204 166 1407 194 MORALIS
1443 166 1724 195 GENERALIS.

218 318 316 366 que
355 301 625 352 invenitur
663 303 770 352 isla
811 303 1136 369 adaequatio
1188 303 1456 368 complete,
1497 312 1548 353 et
1585 303 1791 354 iustitia
1805 346 1819 366 ,
1873 321 2009 369 quae
2048 312 2128 355 est

217 383 392 432 virtus
429 384 718 448 specialis;
759 393 812 435 et
853 402 1041 435 omnes
1082 386 1316 446 virtuteS,
1359 386 1410 435 in
1453 386 1648 452 quibus
1687 385 1945 447 salvatur,
1999 395 2123 437 sunt

217 474 396 531 partes
435 467 760 517 subiectivae
801 468 1040 518 iustitiae.
1111 467 1218 518 Ubi
1262 475 1441 517 autem
1487 469 1602 534 ipsa
1642 468 1961 534 adaequatio
2013 486 2120 519 non

215 548 514 598 secundum
570 556 745 598 totum
797 549 1057 610 salvatur,
1116 550 1212 599 sed
1265 551 1558 600 secundum
1611 550 1808 616 aliquid
1860 552 2124 601 reducitur

214 629 284 679 ad
325 631 573 680 iustitiam
629 640 683 680 ut
737 649 859 697 pars
899 631 1230 697 potentialis,
1289 631 1487 698 aliquid
1541 633 1610 683 de
1650 633 1817 683 modo
1858 633 1970 683 eius
2009 651 2122 699 par-

215 712 440 778 ticipans
483 754 490 763 .
540 755 547 762 .
596 755 603 762 .
677 713 784 763 Ista
839 721 1017 764 autem
1071 714 1393 780 adaequatio
1450 715 1547 764 tria
1602 714 2005 781 complectitur,
2063 724 2122 765 ut

215 811 284 843 θΧ
336 795 490 845 dictis
545 803 720 861 patet,
779 796 869 846 scl.
917 805 973 846 ut
1027 797 1093 846 sit
1141 797 1445 847 ordinatum
1501 798 1580 847 aa'
1628 798 1893 861 alte7‘um,·
1948 806 2006 848 ut
2056 798 2123 848 sit

214 877 261 926 ei
300 877 546 939 debitum,
591 877 718 927 alias
759 879 1213 945 superexcederet
1253 880 1393 929 actio
1435 896 1581 941 eum,
1625 880 1696 930 ad
1737 897 1896 945 quem
1937 880 2025 942 fit;
2071 889 2123 930 et

213 967 271 1008 ut
298 967 501 1009 lantum
533 961 813 1020 reddaz‘ur,
855 971 1107 1027 quantam
1136 961 1368 1022 debetur,
1396 961 1524 1012 alias
1553 962 1807 1012 deficeret
1833 963 1885 1012 in
1913 963 2115 1012 minus»

213 1041 292 1105 (In
336 1055 382 1105 3,
427 1042 545 1092 dist.
582 1057 664 1107 33,
710 1061 759 1109 q.
807 1057 854 1107 3,
898 1062 943 1093 a.
987 1059 1037 1106 4,
1080 1044 1176 1095 sol.
1229 1045 1291 1108 Ι).
1362 1043 1500 1109 Quia
1536 1044 1670 1095 haec
1699 1045 1878 1095 omnia
1915 1045 1968 1095 in
2007 1043 2122 1094 sola

211 1123 404 1173 iustitia
419 1125 765 1188 parficulm‘i
790 1126 1060 1193 complete
1089 1127 1440 1188 inveniuntur,
1483 1126 1616 1177 haec
1644 1126 1758 1177 sola
1787 1135 1867 1177 est
1895 1127 2120 1177 arctiore

209 1222 372 1255 sensu
413 1216 624 1258 1ust1t1a.

221 1357 244 1395 Ῑ
262 1346 395 1409 425³·
460 1357 730 1405 Assertio.
779 1359 971 1404 lustitia
995 1360 1312 1419 particularis
1346 1361 1445 1405 sala
1482 1376 1541 1405 cx
1575 1365 1722 1406 mente
1747 1359 1793 1407 S.
1830 1360 1879 1406 T
1871 1360 2035 1406 homae
2059 1365 2125 1405 est

210 1446 307 1475 rma
342 1430 397 1476 de
431 1438 658 1491 quattuor
691 1434 945 1479 vz'rlusz'bus
981 1435 1311 1492 cardinalibus,
1351 1451 1443 1481 mm
1479 1450 1589 1482 vera
1620 1436 1802 1481 iustitia
1825 1436 2124 1481 cmnmzmiter

211 1505 334 1550 dicta
370 1507 448 1553 z'cl
478 1508 658 1553 iustitia
694 1509 870 1567 lqgralis.

291 1602 456 1650 Prob.
498 1618 538 1650 1.
588 1619 647 1650 ex
694 1605 857 1652 verbis
910 1605 1012 1652 eius
1064 1605 1316 1667 explicitis.
1395 1606 1609 1653 «Iustitia
1660 1605 1990 1653 condividitur
2037 1622 2122 1654 seu

212 1687 559 1725 conumeratur
604 1678 708 1725 aliis
756 1680 1009 1727 virtutibus
1058 1676 1451 1742 (cardinalibus),
1516 1696 1619 1728 non
1667 1682 1716 1727 in
1765 1689 2003 1741 quantum
2050 1691 2122 1729 est

211 1752 479 1811 generalis,
531 1753 618 1800 sed
666 1754 716 1800 in
766 1764 1001 1815 quantum
1051 1764 1124 1802 est
1171 1755 1396 1817 specialis
1444 1756 1614 1813 virtus,
1665 1764 1715 1802 ut
1761 1755 1887 1802 infra
1932 1756 2122 1804 dicetur

211 1834 297 1872 art.
341 1841 362 1886 7
405 1836 453 1874 et
494 1845 547 1874 12
588 1828 728 1875 huius
776 1838 992 1890 quaest.»
1036 1828 1111 1888 (2,
1155 1847 1205 1887 2,
1247 1846 1292 1891 q.
1336 1834 1421 1892 58,
1473 1848 1514 1878 a.
1557 1844 1579 1892 5
1633 1830 1697 1877 ad
1739 1826 1796 1891 1).
1869 1832 1928 1876 In
1979 1831 2121 1878 dictis
2160 1830 2169 1833 ⁷

211 1901 424 1949 articulis
461 1903 560 1964 agit
608 1903 670 1950 de
717 1903 894 1950 iustitia
941 1905 1237 1965 particulari.
1311 1907 1373 1952 Et
1421 1905 1561 1952 alibi:
1617 1905 1829 1952 «Iustitia
1875 1906 2121 1966 quaedam

210 1977 454 2037 generalis
492 1987 577 2035 est,
620 1979 866 2039 quaedam
902 1979 1143 2041 specialis.
1216 1980 1438 2042 Specz'alis
1476 1980 1677 2041 quidem
1715 1989 1810 2038 est,
1850 1981 2122 2028 secundum

211 2051 346 2110 quod
381 2053 531 2099 habet
567 2053 822 2101 materiam
860 2054 1239 2101 determinatam
1277 2055 1327 2100 in
1365 2055 1853 2112 communicationes,
1894 2071 2022 2117 quae
2059 2057 2123 2103 ad

209 2126 415 2172 alterum
453 2137 563 2174 sunt
599 2129 871 2175 secundum
909 2131 1153 2177 rationem
1191 2130 1368 2176 debiti:
1419 2137 1464 2176 et
1497 2132 1561 2176 sic
1582 2132 1786 2192 panitur
1818 2131 1893 2176 lzic
1925 2147 2023 2177 una
2068 2132 2124 2178 de

208 2207 434 2261 quattuor
467 2203 719 2250 virtutibus
754 2205 1085 2252 cardinalibus.
1158 2204 1273 2251 Alio
1311 2206 1462 2251 modo
1501 2205 1677 2252 dicitur
1711 2205 1956 2266 generalis
1993 2214 2115 2253 etc.»

210 2272 284 2336 (In
323 2292 377 2335 3,
417 2276 526 2324 dist.
566 2295 653 2339 33,
694 2294 740 2339 q.
786 2297 835 2335 1,
876 2296 915 2326 a.
961 2297 1011 2337 1,
1051 2280 1137 2327 sol.
1178 2296 1204 2339 3
1245 2280 1308 2326 ad
1349 2275 1408 2340 2).
1481 2282 1545 2327 Et
1581 2281 1644 2326 ib.
1686 2296 1732 2341 q.
1776 2297 1816 2336 2,
1855 2296 1897 2327 a.
1942 2297 1961 2327 1
2004 2281 2118 2327 sol:

214 2350 451 2410 «Iustitia,
502 2354 773 2400 secundum
825 2355 959 2415 quod
1008 2364 1079 2402 est
1126 2355 1260 2402 idem
1310 2355 1445 2416 quod
1490 2355 1650 2402 omnis
1687 2355 1860 2411 virtus,
1910 2370 2014 2402 non
2050 2363 2123 2403 est

210 2425 360 2473 virtus
397 2428 708 2475 cardinalis.»
784 2429 859 2476 Cf.
900 2429 962 2477 de
1000 2430 1256 2477 virtutibus
1294 2430 1481 2477 cardin.
1522 2447 1561 2477 a.
1603 2447 1628 2490 3
1670 2431 1733 2477 ad
1771 2433 1813 2476 8.

289 2523 453 2570 Prob.
493 2538 535 2571 2.
575 2525 760 2586 duplici
795 2525 986 2573 ratione
1025 2542 1084 2572 ex
1119 2534 1286 2573 mente
1324 2526 1370 2573 S.
1417 2527 1651 2573 Tlmmae:
1687 2522 1732 2588 a)
1774 2526 1985 2574 Virtutes
2021 2543 2122 2574 car-

208 2596 398 2644 dinales
435 2608 545 2645 sunt
579 2599 717 2657 illae,
774 2616 900 2661 quae
936 2609 1191 2647 versantur
1229 2600 1361 2648 circa
1398 2601 1613 2662 aliquam
1661 2601 1918 2648 materiam
1965 2602 2121 2649 deter-

207 2671 468 2730 minatam,
523 2689 650 2734 quae
699 2675 1113 2737 principalitatem
1162 2676 1336 2733 habet,
1391 2676 1506 2736 quia
1553 2685 1626 2723 est
1672 2675 1862 2723 homini
1908 2676 2120 2724 maxime

206 2746 485 2793 necessaria
521 2750 598 2795 vel
635 2750 847 2796 maxime
885 2750 1096 2797 difficilis
1135 2746 1213 2811 (cf.
1248 2768 1286 2807 1,
1330 2768 1370 2807 2,
1411 2766 1457 2811 q.
1488 2752 1563 2808 61,
1603 2765 1645 2797 a.
1675 2767 1718 2810 3.
1771 2751 2010 2810 Quodlib.
2043 2768 2117 2809 12,

208 2838 249 2868 a.
293 2838 348 2868 22
379 2818 507 2883 eto).
569 2824 723 2884 Atqui
760 2824 940 2872 iustitia
974 2825 1147 2886 legalis
1185 2840 1287 2871 non
1323 2826 1472 2872 habet
1508 2825 1774 2886 specialem
1812 2834 1860 2872 et
1896 2825 2121 2873 determi-

206 2905 374 2943 natam
410 2898 695 2957 materiam,
750 2900 839 2946 sed
886 2900 988 2946 eius
1035 2900 1240 2947 materia
1289 2908 1399 2947 sunt
1447 2909 1581 2947 actus
1618 2900 1839 2946 omnium
1875 2899 2116 2958 virtutum,

207 2980 353 3032 prout
389 2980 498 3018 sunt
535 2973 837 3021 ordinabiles
874 2974 937 3021 ad
973 2975 1160 3021 bonum
1199 2990 1479 3022 commune.
1551 2976 1686 3035 Ergo
1723 2989 1826 3021 non
1863 2983 1935 3022 est
1973 2974 2119 3021 virtus

209 3045 485 3093 cardinalis.
558 3048 737 3108 Neque
774 3057 941 3095 tamen
978 3049 1151 3096 referri
1189 3057 1352 3110 potest
1389 3049 1452 3096 ad
1488 3048 1718 3096 iustitiam
1769 3048 2118 3111 particularem

207 3120 328 3167 sicut
364 3137 477 3182 pars
515 3121 631 3178 eius
672 3123 785 3183 quia
822 3123 988 3184 aliquo
1026 3124 1178 3171 modo
1215 3132 1317 3171 tota
1341 3124 1491 3171 virtus
1518 3131 1603 3182 est,
1642 3124 1692 3170 in
1720 3132 1956 3184 quantum
1981 3132 2118 3170 actus

208 3194 428 3242 omnium
466 3195 694 3243 virtutum
731 3197 782 3243 in
819 3198 1007 3244 bonum
1046 3213 1310 3246 commune
1348 3198 1558 3245 ordinat.

285 3272 336 3337 b)
385 3278 616 3339 Proprius
663 3279 838 3325 modus
885 3279 1071 3327 virtutis
1120 3279 1382 3327 cardinalis
1429 3279 1638 3327 iustitiae
1688 3288 1758 3327 est
1798 3294 1995 3326 servare
2032 3293 2117 3325 me-

207 3351 334 3396 dium
380 3353 454 3398 rei
496 3360 685 3400 tantum
732 3353 1019 3412 reddendo,
1070 3363 1308 3416 quantum
1357 3354 1521 3401 debet.
1595 3354 1750 3415 Atqui
1789 3354 1892 3401 sola
1939 3352 2118 3400 iustitia
