2182 3682
555 190 708 221 CAPUT
740 191 800 220 IV.
851 190 915 218 DE
947 188 1233 218 VIRTUTIBUS
1266 188 1326 217 ET
1357 187 1513 217 VITIIS.
1883 186 1982 240 117

89 329 291 379 bonum
331 326 628 377 inordinate
668 324 874 391 appetit
912 322 1094 374 inanis
1127 322 1351 388 glom'a;
1402 322 1458 386 b)
1500 322 1684 372 bonnm
1726 322 1986 388 corporz‘5‚

89 409 236 476 quod
288 409 516 475 pertinet
565 407 634 457 ad
686 406 1145 457 conservationem
1198 404 1494 465 zbzdz'vz'dm‘,
1545 404 1681 453 sicut
1732 405 1882 454 cibus
1933 412 1984 453 et

87 499 273 558 potuS‚
329 499 382 540 et
433 489 536 539 hoc
589 489 886 538 inordinate
936 487 1141 553 appetit
1186 486 1356 551 gula;
1409 486 1457 550 c)
1498 485 1683 534 bonum
1725 486 1982 550 corpori&

89 573 234 639 quod
286 572 514 637 pertinet
561 571 629 621 ad
681 570 1141 620 conservationem
1180 568 1400 633 speciei,
1454 575 1507 616 et
1546 566 1649 616 hoc
1689 567 1985 615 inordinate

88 654 293 721 quaerit
331 653 588 716 luxuria,-
631 653 686 717 d>
726 652 913 701 bonnm
955 651 1221 710 exterius,
1261 649 1351 700 561.
1398 648 1635 708 divitiae,
1679 656 1731 697 et
1770 648 1875 697 hoc
1915 648 1984 696 in-

87 736 327 786 ordinate
367 736 573 801 quaerit
614 734 858 784 avaritia
901 732 974 798 (S.
1029 732 1213 782 Tlcom.
1267 747 1306 792 Ι,
1354 745 1401 792 2,
1445 748 1495 796 q.
1541 731 1625 792 84,
1668 746 1713 779 a.
1757 730 1827 792 4).

163 818 325 884 Quod
367 825 543 867 autem
585 817 701 882 quis
753 816 954 865 bonum
995 815 1193 880 fitgiat
1241 822 1461 880 propter
1500 812 1700 862 malum
1741 811 1985 863 coniunc-

88 908 216 961 tum,
260 908 439 966 potest
480 899 591 948 fieri
630 906 720 948 aut
749 906 994 963 respectu
1036 897 1164 946 boni
1204 896 1403 962 proprii
1442 902 1532 944 aut
1574 901 1819 959 respectu
1861 892 1989 941 boni

89 981 255 1033 alieni.
313 983 363 1046 a)
405 982 675 1047 Respectu
717 980 841 1029 boni
867 979 1096 1044 proprii
1133 979 1237 1028 1106
1267 978 1338 1038 fit,
1384 977 1507 1043 quia
1535 984 1614 1025 est
1647 975 1989 1025 coniunctum

88 1082 210 1114 cum
250 1063 448 1125 labore,
492 1071 546 1114 et
585 1064 658 1113 sic
700 1062 926 1112 habetur
954 1061 1160 1121 acedia,
1202 1077 1340 1126 quae
1369 1068 1449 1108 est
1489 1059 1695 1107 tristitia
1735 1056 1802 1106 de
1842 1057 1988 1124 bono

89 1147 305 1213 proprio
364 1145 621 1211 spirituali
683 1153 905 1211 propter
966 1143 1205 1192 laborem
1266 1140 1600 1207 corporalem
1660 1139 1985 1189 adiunctum.

88 1229 296 1278 Bonum
326 1228 562 1278 alienum
603 1227 901 1277 inordinate
943 1225 1153 1291 fugitur,
1199 1224 1322 1290 quia
1351 1231 1596 1273 censetur
1623 1221 1987 1287 impeditivum

87 1311 332 1377 propriae
360 1308 723 1370 excellentiae,
763 1317 815 1358 et
843 1308 963 1369 hoc,
995 1308 1050 1371 b)
1080 1308 1119 1356 si
1148 1307 1214 1356 sit
1241 1307 1353 1356 sine
1381 1305 1760 1355 insurrectione
1789 1303 1857 1352 ad
1884 1303 1988 1352 vin-

89 1393 301 1454 dictam,
334 1401 413 1442 est
435 1392 663 1453 invidia,
694 1409 830 1457 quae
854 1400 933 1440 est
954 1390 1160 1440 tristitia
1182 1389 1249 1439 de
1275 1390 1420 1439 bono
1444 1388 1632 1447 alieno,
1660 1387 1711 1435 in
1734 1394 1989 1451 quantum

89 1483 362 1541 reputatur
388 1475 831 1541 impedimentum
869 1474 1113 1539 propriae
1142 1471 1515 1531 excellentiae3
1561 1470 1608 1532 c)
1650 1469 1692 1517 si
1720 1476 1897 1517 autern
1926 1467 1991 1516 sit

88 1574 210 1608 cum
249 1557 629 1607 insurrectione
656 1557 725 1606 ad
766 1557 1069 1615 vindictam,
1113 1554 1340 1604 habetur
1368 1553 1472 1603 ira.
1530 1551 1621 1600 Ad
1665 1550 1854 1600 eadem
1895 1550 1991 1599 tria

87 1640 212 1690 vitia
252 1640 480 1706 pertinet
520 1638 824 1705 prosecutio
862 1637 984 1688 mali
1025 1637 1273 1702 oppositi,
1316 1636 1450 1685 sicut
1479 1635 1547 1684 ad
1589 1640 1841 1699 quattuor
1866 1633 1991 1682 vitia

90 1721 267 1788 priora
316 1722 546 1787 pertinet
596 1721 895 1770 inordinata
948 1719 1072 1784 fuga
1126 1717 1248 1768 mali
1300 1734 1484 1767 eorum
1537 1717 1684 1766 bono
1728 1715 1986 1765 contrarii.

99 1838 239 1902 136.
321 1838 519 1904 Quaeri
560 1847 754 1906 potest,
799 1857 891 1889 cur
930 1838 1180 1903 snperbia
1223 1854 1329 1886 non
1364 1844 1667 1885 numeretur
1707 1834 1842 1883 inter
1867 1833 1992 1882 vitia

90 1922 365 1988 capitalia?
417 1922 602 1988 Rem.-
647 1921 908 1987 Superln'a
938 1930 1018 1970 est
1057 1920 1398 1970 l‘nm'a'inal‘us
1435 1917 1696 1983 appetitus
1724 1916 1994 1981 profudere

90 2004 464 2065 excellenlz'ae,
519 2014 571 2054 et
622 2004 727 2054 hoc
778 2005 962 2054 vitium
1015 2003 1163 2069 quasi
1214 1999 1505 2051 universale
1558 2017 1665 2048 non
1706 1999 1993 2065 opponitur

90 2086 300 2152 reliquis
358 2087 520 2148 vitiis,
587 2088 681 2136 sed
743 2095 822 2136 est
882 2086 1063 2151 regina
1122 2084 1385 2151 quaedam
1448 2083 1684 2132 omnium
1744 2081 1991 2130 vitiorum

89 2168 166 2228 (S.
216 2167 430 2235 Gregol‘
471 2168 574 2229 M„
616 2167 802 2219 Moral.
848 2168 877 2217 l.
926 2182 1008 2232 31,
1054 2185 1096 2217 c.
1143 2169 1247 2230 45).
1331 2167 1469 2215 Nam
1511 2165 1561 2213 in
1604 2163 1792 2213 Ordine
1832 2163 1991 2212 inlen-

89 2251 251 2301 tiom's
289 2251 538 2317 superbia
577 2260 656 2301 est
695 2251 898 2300 initium
929 2251 1165 2300 omnium
1194 2250 1456 2309 vitiorum,
1502 2248 1625 2313 quia
1663 2247 1713 2295 in
1743 2244 1992 2294 omnibus

90 2334 245 2384 bonis
296 2333 682 2400 temporalibus
731 2334 1070 2399 acquirendis
1121 2332 1239 2382 finis
1280 2340 1384 2392 est,
1442 2339 1498 2380 ut
1549 2329 1715 2378 homo
1767 2345 1862 2394 per
1906 2326 1993 2376 illa

91 2416 360 2482 quandam
418 2416 805 2482 perfectionem
861 2415 1183 2481 singularem
1239 2424 1291 2463 et
1347 2412 1717 2463 excellentiam
1779 2410 1989 2460 habeat.

90 2497 148 2547 In
191 2498 380 2548 ordine
419 2498 767 2548 exsecutionis
806 2516 933 2548 vero
975 2498 1202 2564 primum
1243 2497 1426 2546 vitium
1469 2504 1548 2545 est
1587 2494 1827 2555 avaritia,
1872 2493 1993 2559 quia

91 2579 302 2630 divitiae
343 2582 797 2646 opportunitatem
850 2580 1110 2646 praebent
1151 2578 1404 2645 explendi
1445 2595 1633 2627 omnes
1674 2576 1993 2643 cupiditates

91 2661 165 2727 (S.
220 2662 407 2713 leom.
458 2677 499 2724 1,
546 2677 592 2724 2,
637 2681 687 2730 q.
735 2665 819 2725 84,
864 2679 907 2713 a.
955 2676 1013 2725 23
1059 2675 1107 2723 2,
1152 2675 1199 2723 2,
1245 2679 1294 2727 q.
1348 2662 1464 2722 162,
1508 2678 1551 2711 a.
1598 2661 1667 2723 8).

820 2811 1147 2851 ARTICULLTS
1181 2811 1254 2849 IV.
1700 2838 1704 2843 ,

297 2909 390 2955 DE
428 2909 844 2956 VIRTUTIBUS
882 2907 1393 2956 CARDINALIBUS
1430 2907 1501 2953 IN
1540 2905 1784 2952 SPECIE.

787 3024 814 3078 ξ
854 3038 887 3066 1.
938 3027 1291 3066 PRUDENTIA.

173 3111 335 3163 (Arist,
370 3115 464 3154 Eth.
499 3115 524 3155 l.
559 3116 598 3164 6,
634 3129 669 3155 c.
706 3124 844 3168 Ssqq.
910 3118 951 3155 S.
993 3117 1132 3155 leom.
1170 3126 1206 3163 2,
1244 3126 1281 3163 2,
1317 3129 1355 3166 q.
1391 3123 1445 3163 47
1470 3127 1558 3166 sqq.
1625 3113 1800 3157 Lessins,
1833 3111 1900 3148 De

787 3183 939 3222 iustitia
972 3191 1012 3222 et
1045 3183 1133 3222 iure
1167 3183 1192 3222 1.
1234 3180 1290 3232 1.)

99 3285 238 3338 137.
319 3277 615 3328 Prudentia
672 3277 918 3328 definitur
968 3296 1038 3328 ex
1089 3286 1267 3327 mente
1309 3275 1624 3325 Aristotelis
1665 3273 1806 3338 (Eth.
1863 3271 1893 3323 l.
1938 3273 1986 3333 6,

91 3373 134 3407 6.
184 3358 258 3423 5);
313 3368 456 3409 recta
499 3360 642 3410 ratio
683 3360 985 3425 agibz‘lium.
1067 3360 1272 3409 Dicitur
1314 3358 1455 3407 ratio
1498 3364 1668 3418 recta,
1712 3356 1834 3422 quia
1873 3372 1989 3422 pru-
