2182 3682
196 181 301 244 468
603 191 716 220 PARS
750 191 798 221 II.
850 191 1164 221 PHILOSOPHIA
1197 191 1402 220 MORALIS
1439 191 1687 221 SPECIALIS.

195 326 417 377 eosdem
457 344 487 377 a
529 344 754 394 corpore
805 328 1073 378 societatis
1125 327 1503 394 praecidendo.
1583 327 1738 393 Ergo
1789 327 1929 378 licite
1969 328 2103 378 occi-

194 410 406 460 duntur.
463 409 725 460 Homines
762 411 902 460 enim
937 411 1117 477 quoad
1159 411 1303 461 bona
1343 410 1658 477 temporalia
1688 410 2104 460 subordinantur

191 492 339 542 bono
367 493 649 555 societatis,
693 493 840 544 cuius
868 493 1110 543 membra
1149 500 1299 555 sunt;
1344 510 1489 559 ergO,
1533 494 1576 543 si
1603 492 1672 542 ad
1708 493 1912 543 bonum
1939 493 2104 543 socie-

190 575 314 625 tatis
346 576 700 625 necessarium
729 584 809 625 est
838 576 1085 626 occidere
1126 575 1415 638 hominem,
1459 585 1745 642 propterea
1773 575 1896 642 quia
1923 584 2104 626 manet

193 658 239 708 ei
264 658 608 724 periculosus,
640 666 783 709 recte
810 658 1085 720 occiditur,
1118 659 1252 708 sicut
1281 666 1425 709 recte
1451 658 1780 709 abscinditur
1805 658 2104 709 membrum

192 741 457 807 corporis,
513 741 731 807 quando
785 742 852 791 ad
907 743 1369 792 conservationem
1420 742 1582 791 totius
1623 742 1862 808 corporis
1913 741 1966 791 id
2018 758 2103 792 ne-

192 824 477 873 cessarium
519 832 600 873 est
629 822 702 888 (S.
745 823 930 874 leom.
965 838 1013 884 2,
1058 838 1105 886 2,
1151 842 1199 890 q.
1233 825 1319 887 64,
1364 841 1407 874 a.
1443 838 1471 873 2
1503 824 1571 874 ad
1603 824 1670 888 3).
1729 823 1929 874 Contra
1956 832 2099 891 gent.

192 905 222 955 l.
271 920 316 970 3,
362 923 404 956 c.
458 907 583 968 146:
645 906 804 956 «Vita
846 908 1184 972 quorundam
1225 906 1595 973 pestiferorum
1637 907 1862 973 impedit
1901 906 2104 957 bonum

192 1005 508 1050 commune,
572 989 719 1055 quod
779 998 858 1039 est
919 990 1207 1040 concordia
1266 990 1534 1040 societatis
1593 989 1874 1040 humanae.
1970 988 2103 1040 Sub-

192 1071 439 1121 trahendi
478 1072 638 1137 igitur
677 1081 798 1122 sunt
849 1072 1156 1123 huiusmodi
1206 1072 1451 1123 homines
1498 1090 1594 1138 per
1634 1080 1862 1122 mortem
1904 1072 1971 1123 ab
2013 1072 2104 1123 ho-

192 1154 395 1203 minum
435 1155 742 1205 societate.»

267 1243 323 1307 b)
376 1243 436 1294 In
488 1261 685 1310 magna
736 1243 1075 1295 multitudine
1127 1262 1339 1311 semper
1393 1244 1544 1295 multi
1595 1244 1953 1307 inveniuntur,
2012 1245 2104 1311 qui

191 1325 309 1376 solo
350 1335 495 1376 metu
548 1327 735 1377 mortis
776 1328 843 1377 ab
896 1328 1167 1378 atrocibus
1210 1328 1514 1378 criminibus
1569 1328 1940 1395 perpetrandis
1978 1328 2104 1377 satis

192 1408 478 1459 efficaciter
543 1410 787 1475 impediri
853 1419 1091 1476 possunt.
1195 1410 1341 1476 Ergo
1410 1412 1699 1461 auctoritas
1767 1409 1929 1461 civilis
1995 1427 2103 1461 non

188 1491 363 1541 solum
403 1500 598 1558 potest,
642 1493 737 1542 sed
780 1493 941 1542 etiam
983 1493 1148 1543 debet
1188 1510 1307 1543 eam
1348 1510 1580 1560 poenam
1610 1494 1936 1552 comminari,
1980 1492 2103 1559 quia

190 1581 403 1624 tenetur
469 1574 784 1637 efficaciter,
856 1583 1117 1642 quantum
1185 1585 1394 1642 potest,
1463 1577 1769 1643 prospicere
1834 1576 2105 1626 securitati

190 1656 453 1723 publicae.
536 1657 658 1707 Hoc
699 1675 854 1708 sensu
897 1656 947 1708 S.
1004 1658 1272 1708 Thomas:
1332 1658 1529 1709 «Latro
1570 1658 1937 1726 suspenditur,
1993 1675 2102 1708 non

190 1748 249 1789 ut
288 1741 401 1806 ipse
443 1740 771 1802 emendetur,
814 1741 909 1790 sed
939 1749 1171 1806 propser
1206 1741 1364 1803 alios,
1408 1750 1464 1791 ut
1490 1741 1680 1791 saltem
1708 1750 1853 1791 metu
1893 1757 2102 1808 poenae

190 1838 414 1888 peccare
456 1822 744 1873 desistant»
792 1823 872 1887 (Ι,
919 1837 978 1885 2,
1024 1841 1073 1890 q.
1120 1825 1215 1888 87,
1260 1840 1304 1874 a.
1353 1838 1379 1888 3
1424 1824 1492 1874 ad
1537 1838 1565 1873 2
1609 1831 1663 1874 et
1703 1841 1752 1890 q.
1797 1834 1894 1888 95,
1938 1840 1983 1874 a.
2035 1824 2097 1888 Ι).

193 1967 339 2034 639.
421 1969 595 2021 del.
652 1986 699 2021 I.
781 1971 892 2021 Alii
944 1973 1103 2022 etiam
1155 1972 1259 2022 hoc
1312 1980 1630 2039 argumento
1682 1973 1757 2022 uti
1807 1971 1981 2022 solent
2033 1972 2102 2022 ad

189 2054 527 2120 probandam
567 2054 739 2104 thesin
781 2064 1046 2104 nostram:
1102 2055 1246 2104 Inter
1287 2055 1499 2121 culpam
1542 2064 1595 2104 et
1640 2072 1871 2121 poenam
1913 2071 2104 2121 aequa-

188 2135 306 2186 litas
346 2137 412 2186 sit
466 2145 697 2203 oportet.
780 2136 952 2203 Atqui
1002 2145 1126 2187 sunt
1166 2138 1432 2203 quaedam
1486 2138 1704 2187 crimina
1755 2145 1865 2187 tam
1907 2137 2106 2187 atrocia

191 2220 257 2283 (v.
291 2235 339 2284 g.
373 2219 757 2284 homicidium),
802 2228 857 2269 ut
886 2218 1027 2269 nulla
1057 2220 1118 2269 iis
1158 2238 1334 2286 poena
1371 2220 1776 2286 proportionata
1802 2221 1868 2270 sit
1894 2227 2106 2286 praeter

189 2301 374 2351 mortis
425 2301 759 2368 supplicium.
843 2302 966 2352 Hoc
1020 2312 1338 2368 argumento
1391 2303 1756 2353 abstinuimus.
1838 2302 2105 2369 Supponit

190 2384 329 2433 enim
370 2383 632 2434 theoriam
661 2384 994 2450 expiationis,
1041 2402 1178 2451 quae
1206 2385 1390 2436 statuit
1423 2386 1740 2452 principium
1781 2402 1878 2452 pro
1906 2386 2102 2435 iudicio

189 2466 425 2516 humano
467 2467 620 2517 nimis
660 2484 872 2533 vagum.
930 2468 1069 2517 Dein
1097 2468 1309 2518 videtur
1349 2476 1725 2534 argumentum
1766 2468 2103 2534 propositum

191 2548 386 2598 ducere
446 2549 515 2598 ad
577 2548 766 2599 falsum
829 2551 1253 2610 consectarium,
1316 2550 1408 2601 scl.
1470 2567 1569 2617 pro
1631 2550 1826 2600 eodem
1887 2551 2102 2600 crimine

189 2648 402 2697 semper
443 2632 670 2681 eandem
711 2649 943 2698 poenam
986 2650 1102 2682 esse
1143 2632 1504 2699 infligendam.

264 2719 326 2770 Id
383 2720 523 2770 enirn
579 2736 676 2786 pro
733 2721 955 2771 indubio
1013 2722 1302 2772 habemus:
1361 2719 1417 2771 Si
1470 2721 1538 2771 ad
1594 2721 1941 2772 homicidium
1994 2721 2101 2772 effi-

191 2803 385 2853 caciter
424 2803 828 2868 impediendum
870 2805 1043 2853 minor
1082 2821 1259 2870 poena
1298 2804 1579 2865 sufficeret,
1624 2804 1910 2854 auctoritas
1939 2803 2102 2855 civilis

190 2884 391 2934 nullum
443 2885 666 2935 haberet
716 2886 796 2935 ius
848 2886 917 2935 ad
970 2903 1202 2951 poenam
1255 2887 1441 2936 mortis
1492 2886 1862 2949 statuendam;
1921 2903 2100 2952 quarn-
2151 2889 2156 2892 ’

190 2967 267 3016 vis
317 2968 369 3016 in
420 2985 484 3017 eo
539 2985 663 3017 casu
717 2968 914 3017 crimen
972 2986 1080 3018 non
1133 2976 1273 3018 esset
1329 2969 1528 3030 minus,
1589 2985 1753 3035 quam
1807 2986 1950 3018 nunc
2002 2977 2097 3020 est.

188 3048 335 3115 Ergo
402 3067 649 3100 mensura
715 3051 941 3100 iustitiae
1007 3068 1104 3116 pro
1169 3068 1344 3116 poena
1413 3052 1463 3100 in
1532 3058 1674 3100 statu
1742 3051 2099 3101 exsecutionis

192 3139 273 3181 est
330 3132 527 3182 iustitia
588 3149 797 3198 poenae
859 3134 908 3182 in
973 3141 1114 3182 statu
1175 3133 1617 3183 comminationis.
1715 3133 1858 3182 Num
1919 3140 2098 3183 autem

189 3213 325 3264 iuste
366 3213 521 3264 liceat
560 3216 861 3265 auctoritati
913 3214 1176 3264 humanae
1226 3233 1457 3281 poenam
1499 3215 1730 3281 aliquam
1771 3215 2095 3277 comminari,

192 3296 465 3362 dependet
531 3314 601 3346 ex
666 3297 979 3347 necessitate
1044 3297 1197 3346 huius
1266 3297 1694 3347 comminationis
1758 3297 1828 3346 ad
1894 3297 2098 3347 bonurn

193 3395 492 3429 commune.
