2182 3682
513 195 663 224 CAPUT
696 195 756 224 IV.
807 195 868 223 DE
901 194 1184 224 VIRTUTIBUS
1218 195 1277 223 ET
1309 195 1465 224 VITIIS.
1841 200 1932 236 121

51 348 361 398 procurare,
416 331 609 381 iustitia
656 329 840 395 legalis
889 328 1245 395 principaliter
1302 337 1354 378 et
1406 329 1814 380 architectonice
1865 338 1945 380 est

49 414 100 463 in
141 413 376 478 principe
414 430 508 462 seu
549 429 777 478 persona
816 410 1046 477 publica,
1089 411 1141 459 in
1167 409 1393 459 subditis
1419 410 1590 459 solum
1632 412 1944 461 secundario

49 501 102 544 et
158 495 307 559 quasi
361 493 776 543 administrative
834 492 908 557 (S.
962 492 1146 541 Tlmm.
1193 504 1251 551 2,
1313 505 1365 552 2,
1426 509 1474 557 q.
1525 494 1616 555 58,
1675 509 1718 542 a.
1763 494 1832 556 6).
1876 524 1947 527 —

49 575 251 624 Iustitia
304 574 488 640 legalis
553 575 892 640 distinguitur
954 573 1021 623 ab
1087 572 1446 633 oboedientia,
1505 573 1626 638 quia
1680 574 1947 623 obiectum

50 655 270 707 formale
332 656 708 706 oboedientiae
773 664 852 705 est
914 655 1169 705 honestas
1231 654 1599 704 submissionis
1653 655 1753 704 sub
1816 656 1949 704 iusta

48 737 323 789 voluntate
373 738 681 804 superioris,
741 737 1012 787 obiectum
1051 754 1177 786 vero
1218 736 1444 786 iustitiae
1496 735 1678 802 legalis
1730 745 1809 786 est
1859 736 1948 786 ho-

49 828 251 881 nestas,
310 838 447 886 quae
498 821 549 869 in
592 837 656 869 eo
698 827 804 879 est,
855 819 1002 885 quod
1045 819 1343 868 membrum
1387 819 1779 868 communitatis
1820 818 1950 884 (per-

50 901 239 965 fectae)
281 902 380 952 toti
420 901 802 961 communitati,
847 901 995 950 cuius
1023 917 1146 966 pars
1174 908 1268 961 est,
1314 900 1496 949 debita
1525 900 1699 950 officia
1738 900 1947 950 tribuat.

130 991 332 1041 Iustitia
393 990 763 1055 particularis
835 990 1187 1040 subdividitur
1260 990 1310 1038 in
1385 990 1824 1038 commutativam
1901 997 1954 1038 et

51 1072 451 1123 distributivam.
534 1073 733 1121 Iustitia
793 1072 1170 1122 comumlalivcz
1226 1070 1556 1120 voluntatem
1614 1070 1828 1120 inclinat
1883 1071 1951 1120 ad

49 1155 128 1204 ius
167 1172 317 1204 suum
373 1155 611 1204 strictum
672 1154 952 1220 unicuique
1004 1154 1210 1219 privato
1268 1153 1631 1212 reddendum,
1689 1153 1952 1202 servando

50 1236 423 1302 aequalitatem
466 1237 551 1286 rei
588 1236 667 1285 ad
702 1254 832 1297 rem,
875 1237 904 1286 i.
950 1254 993 1286 e.
1039 1237 1111 1285 rei
1152 1236 1392 1285 redditae
1433 1235 1501 1284 ad
1543 1252 1654 1284 rem
1696 1235 1948 1285 debitam.

49 1318 248 1368 Iustitia
287 1318 634 1368 dz'slrz‘bulivcz
688 1334 750 1367 ea
791 1326 895 1379 est,
951 1335 1057 1383 qua
1108 1318 1413 1368 communia
1464 1318 1608 1367 bona
1658 1317 1740 1366 vel
1793 1334 1955 1366 onera

54 1400 437 1450 distribuuntur
476 1402 610 1449 inter
650 1400 891 1449 membra
920 1400 1189 1450 societatis
1215 1400 1512 1449 secundum
1551 1399 1952 1465 proportionem

51 1483 358 1532 meritorum
398 1481 481 1531 vel
524 1481 860 1544 facultatium
917 1500 1023 1531 non
1076 1482 1302 1531 attendit
1352 1481 1730 1548 aequalitatem
1772 1481 1843 1530 rei
1883 1481 1951 1531 ad

51 1581 161 1614 rem
204 1564 658 1629 (arithmeticam),
713 1565 808 1613 sed
850 1564 1227 1629 aequalitatem
1280 1564 1503 1613 duarum
1544 1564 1952 1630 proportionum

54 1637 494 1713 (geometricam).
591 1644 646 1696 Si
703 1645 864 1695 Gaius
921 1646 1084 1695 habet
1148 1647 1393 1695 meritum
1449 1655 1506 1695 ut
1565 1660 1592 1695 2
1652 1655 1704 1696 et
1760 1646 1952 1711 accipit

57 1729 346 1794 praemium
390 1736 447 1777 ut
474 1742 523 1790 4,
568 1728 733 1793 exigit
761 1728 954 1777 iustitia
984 1728 1329 1788 distributiva,
1374 1737 1429 1777 ut
1459 1727 1627 1788 Titus,
1672 1728 1761 1793 qui
1789 1727 1953 1777 habet

54 1811 299 1860 meritum
341 1818 398 1859 ut
437 1824 487 1872 4,
531 1811 757 1876 accipiat
798 1811 1092 1876 praemium
1134 1819 1189 1859 ut
1233 1813 1278 1860 8.

57 1977 198 2029 142.
280 1963 581 2030 Quaeritur,
627 1982 752 2015 num
803 1965 987 2014 divisio
1030 1965 1255 2014 iustitiae
1296 1965 1345 2014 in
1380 1965 1695 2030 gc'llcrczlclll
1739 1974 1791 2014 et
1821 1973 1952 2029 par-

49 2048 330 2098 ticularem
371 2048 438 2097 sit
479 2048 664 2097 divisio
706 2048 757 2096 in
797 2048 995 2112 spccz'es
1035 2048 1288 2097 lllll'f'OcaS
1328 2064 1394 2097 an
1436 2047 1719 2111 (malogras.
1797 2047 1951 2111 Κεφ.

52 2129 106 2180 Si
146 2130 342 2179 sistitur
382 2131 431 2179 i'n
474 2129 782 2179 definitione
834 2130 1059 2179 iustitiae
1100 2147 1258 2195 supra
1299 2131 1368 2193 (n.
1423 2130 1542 2193 139)
1584 2129 1768 2189 allata,
1819 2145 1956 2194 quae

51 2212 271 2262 exhibet
311 2212 586 2261 notionem
636 2212 894 2261 «iustitiae
923 2213 1277 2261 communiter
1305 2213 1509 2261 dictae»
1546 2214 1614 2275 (2,
1657 2225 1702 2271 2,
1747 2229 1797 2277 q.
1838 2224 1952 2271 120,

52 2311 95 2344 a.
143 2308 171 2343 2
223 2311 250 2344 c
292 2303 344 2344 et
396 2295 463 2343 ad
524 2295 602 2357 I),
660 2294 897 2343 definitio
951 2295 1161 2359 utrique
1214 2294 1440 2344 iustitiae
1492 2294 1788 2344 secundum
1840 2311 1956 2359 pro-

52 2377 220 2442 priam
271 2377 528 2426 rationem
583 2385 635 2426 et
687 2377 913 2426 univoce
966 2377 1214 2426 convenit
1267 2377 1346 2440 (2,
1406 2390 1451 2437 2,
1498 2394 1546 2442 q.
1597 2380 1678 2440 58,
1722 2393 1766 2426 a.
1817 2387 1837 2439 5
1887 2376 1951 2438 c).

53 2457 161 2508 Sed
203 2459 335 2508 haec
377 2459 615 2508 definitio
656 2460 768 2508 sine
817 2460 980 2508 dubio
1025 2460 1183 2509 etiam
1225 2460 1507 2524 aequitati,
1553 2458 1820 2524 religioni,
1866 2458 1955 2507 ob-

53 2542 351 2590 oedientiae
392 2542 609 2607 proprio
637 2559 794 2591 sensu
825 2542 1088 2602 convenit,
1133 2542 1205 2590 ita
1244 2549 1300 2589 ut
1341 2541 1441 2590 hae
1483 2558 1697 2606 quoque
1737 2541 1957 2590 virtutes

52 2623 153 2672 sint
193 2631 370 2689 partes
410 2624 735 2673 subiectivae
786 2624 1013 2673 iustitiae
1066 2623 1417 2673 communiter
1459 2624 1648 2673 dictae.
1729 2622 1784 2673 Si
1830 2640 1955 2672 vero

51 2705 242 2754 iustitia
282 2706 475 2755 arctius
503 2707 724 2755 sumitur
752 2723 848 2771 pro
880 2706 1085 2762 virtute,
1132 2723 1268 2771 quae
1298 2705 1445 2755 alteri
1473 2706 1539 2755 ad
1571 2705 1954 2770 aequalilatem

54 2787 171 2847 dat,
215 2787 361 2853 quod
401 2805 554 2837 suum
596 2797 698 2849 est,
750 2788 987 2837 definitio
1027 2789 1123 2837 soli
1166 2788 1390 2837 iustitiae
1420 2787 1763 2852 parricidam
1797 2804 1956 2836 sensu

53 2869 235 2919 stricto
277 2871 540 2931 convenit,
584 2888 690 2919 non
721 2879 900 2919 autem
941 2871 1168 2919 iustitiae
1198 2869 1356 2935 legali
1383 2870 1467 2919 vel
1508 2870 1619 2919 aliis
1659 2869 1952 2928 virtutibus,

52 2945 188 3015 quae
228 2960 350 3001 sunt
390 2952 458 3001 ad
499 2951 736 3003 alterum.
819 2952 1000 3002 «Sicut
1041 2952 1340 3002 moderatio
1385 2954 1693 3018 passionum
1741 2960 1821 3000 est
1865 2951 1952 2999 ad-

55 3034 300 3098 aequatio
318 3034 550 3099 ipsarum
568 3034 636 3084 ad
658 3034 932 3094 rationem,
957 3035 1028 3083 ita
1052 3034 1349 3083 moderatio
1374 3035 1695 3084 exteriorum
1719 3042 1951 3092 actuum,

53 3115 346 3164 secundum
388 3117 534 3181 quod
575 3125 698 3165 sunt
737 3116 806 3165 ad
849 3115 1088 3176 alterum,
1133 3125 1242 3175 est,
1288 3116 1433 3181 quod
1476 3116 1844 3181 adaequentur
1884 3113 1954 3162 illi

55 3210 124 3243 ex
163 3198 578 3262 comparatione,
623 3199 691 3247 ad
733 3215 895 3263 quem
924 3198 1280 3247 moderantur.
1338 3197 1408 3246 Et
1448 3196 1581 3246 haec
1622 3196 1835 3262 quidem
1866 3196 1953 3244 ad-

53 3278 301 3342 aequatio
329 3286 424 3338 est,
468 3280 688 3345 quando
717 3281 764 3328 ei
794 3280 1048 3338 redditur,
1080 3278 1227 3344 quod
1256 3287 1310 3328 et
1338 3288 1593 3344 quantum
1623 3279 1667 3327 ei
1698 3278 1949 3339 debetur;

56 3366 109 3406 et
135 3358 266 3408 llaec
294 3359 617 3426 adaequatio
634 3362 899 3427 pstopstz'us
927 3362 1111 3411 modus
1138 3361 1375 3411 iustiliae
1397 3368 1496 3412 est.
1542 3360 1701 3413 Unde
1730 3359 1950 3410 ubicum-
