2182 3682
217 164 319 212 218
623 172 738 201 PARS
773 172 820 202 ΙΙ.
869 172 1183 202 PHILOSOPHIA
1217 172 1424 201 MORALIS
1461 172 1707 204 SPECIALIS.

216 307 364 372 267.
447 318 615 357 PARS
647 318 702 356 ΙΙ.
772 318 987 356 Tenetur
1016 317 1171 355 Deum
1206 317 1405 366 diligere
1439 329 1592 367 super
1624 319 1796 357 omnia.

291 415 449 462 Prob.
508 413 697 476 Amor,
743 413 811 463 de
854 431 963 479 quo
1005 412 1090 462 hic
1131 413 1354 478 agimuS,
1399 420 1479 463 est
1518 430 1669 464 amor
1700 414 2121 477 benevolentiae,

213 514 320 562 quo
372 495 463 546 561.
508 496 685 546 Deum
733 513 976 545 amamus
1016 504 1236 561 propter
1274 511 1332 544 se
1381 495 1582 561 ipsum,
1637 504 1696 546 ut
1734 496 1786 546 in
1825 514 1883 547 se
1921 496 2123 547 infinite

212 578 482 645 perfectus
528 585 582 628 et
621 595 831 627 summo
884 594 1066 627 amore
1109 577 1300 642 dignus
1351 586 1456 640 est3
1512 595 1636 628 nam
1686 596 1837 629 amor
1876 580 2122 646 concupi·
2174 600 2176 606 ⁴

212 661 472 721 scentiae,
517 677 624 726 quo
666 660 842 709 Deum
885 676 1127 708 amamus
1167 668 1387 726 propter
1427 668 1666 710 nostram
1707 661 2013 723 utilitatem,
2070 662 2122 711 in

212 760 307 809 spe
349 742 691 793 beatitudinis
731 740 1016 792 includitur
1055 741 1138 790 vel
1179 742 1247 791 ab
1289 742 1480 792 eadem
1520 743 1850 809 supponitur.

287 832 489 882 Rectus
531 831 664 881 ordo
694 830 945 897 postulat,
989 838 1048 880 ut
1085 831 1229 880 bona
1269 849 1508 881 amemus
1547 833 1846 882 secundum
1881 833 2121 883 ordinem

214 915 486 982 dignitatis
525 914 609 964 vel
650 913 1045 975 aestimationis,
1090 931 1252 980 quam
1294 923 1574 965 merentur.
1644 915 1816 981 Alquz'
1854 915 2004 965 Deus
2044 923 2124 965 est

212 997 472 1047 infinitum
515 997 717 1046 bonum
770 1005 823 1045 et
864 995 982 1045 fons
1033 1003 1087 1045 et
1127 995 1244 1045 finis
1288 995 1501 1046 ultimus
1553 997 1725 1047 omnis
1766 997 1896 1047 boni
1944 998 2120 1047 creati.

213 1080 367 1145 Ergo
408 1087 584 1129 rectus
625 1079 758 1128 ordo
799 1077 1057 1144 postulat,
1104 1085 1158 1127 ut
1197 1077 1317 1144 plus
1348 1095 1510 1144 quam
1552 1080 1729 1129 omnia
1761 1079 1861 1129 alia
1901 1087 2120 1140 ametur,

214 1171 267 1212 et
307 1161 507 1228 reliqua
547 1178 654 1211 non
708 1168 952 1210 amentur
991 1161 1088 1210 nisi
1129 1178 1249 1210 cum
1289 1160 1728 1212 subordinatione
1774 1162 1843 1212 ad
1885 1179 2124 1212 amorem

214 1245 313 1311 ipsi
354 1244 608 1294 debitum.

288 1334 439 1383 idem
479 1332 582 1383 alio
626 1333 817 1383 modo:
861 1332 1005 1382 Finis
1039 1331 1159 1398 plus
1200 1340 1430 1382 meretur
1470 1334 1633 1382 amari
1662 1351 1823 1399 quam
1864 1351 1940 1396 ea,
1987 1351 2125 1400 quae

213 1424 334 1466 sunt
375 1415 442 1465 ad
477 1415 651 1465 finem.
715 1415 885 1480 Atqui
910 1415 1058 1464 Deus
1100 1424 1180 1464 est
1214 1414 1330 1464 finis
1371 1414 1616 1465 absolute
1649 1415 1879 1478 ultimus,
1924 1415 2125 1483 reliqua

213 1516 340 1548 vero
383 1499 562 1547 omnia
601 1498 651 1547 in
693 1515 814 1547 eum
856 1506 913 1546 ut
955 1497 1111 1546 finem
1156 1497 1484 1548 ordinantur.
1565 1498 1720 1563 Ergo
1756 1540 1764 1548 .
1800 1541 1808 1549 .
1844 1540 1852 1549 .

289 1588 440 1639 Haec
468 1587 646 1637 valent
680 1587 746 1637 de
788 1604 970 1636 amore
1012 1587 1372 1652 apprcll'alive
1406 1587 1533 1651 (non
1572 1589 1849 1653 intensive)
1891 1605 2117 1650 summo,

212 1672 241 1721 i.
274 1688 318 1722 6.
361 1672 433 1721 ita
473 1670 734 1721 debemus
775 1687 890 1719 esse
932 1670 1190 1735 dispositi,
1234 1678 1292 1719 ut
1332 1671 1508 1736 potius
1540 1670 1763 1721 velimus
1804 1671 1982 1721 omnia
2021 1671 2122 1721 alia

211 1754 355 1803 bona
395 1754 635 1803 amittere
676 1769 839 1819 quam
878 1751 1074 1802 violare
1114 1768 1352 1802 amorem
1394 1753 1510 1803 Dei.

216 1906 361 1960 268.
447 1907 646 1958 Cel‘oll.
715 1908 861 1974 Ergo
903 1907 1080 1957 Deum
1123 1906 1240 1974 plus
1287 1925 1464 1958 amare
1506 1908 1768 1958 debemus
1808 1924 1969 1974 quam
2023 1924 2121 1957 nos

211 1992 356 2058 ipsos
398 2000 449 2041 et
490 1999 725 2041 nostram
768 1991 1153 2041 beatitudinem
1196 1990 1264 2055 (2,
1312 2004 1358 2051 2,
1403 2007 1452 2056 q.
1499 1990 1584 2051 26,
1629 2007 1671 2041 a.
1720 1991 1786 2054 3).

294 2118 395 2159 Obi.
455 2111 617 2158 Nemo
655 2118 817 2172 potest
846 2109 1032 2171 aliquid
1058 2125 1238 2167 amare,
1266 2109 1359 2155 nisi
1384 2109 1433 2155 in
1460 2118 1697 2170 quantum
1723 2117 1795 2156 est
1821 2107 2122 2155 conveniens

212 2194 259 2232 et
294 2186 481 2232 bonum
518 2184 621 2232 sibi.
694 2185 832 2244 Ergo
869 2184 1015 2232 etiam
1053 2185 1215 2230 Deum
1252 2199 1353 2230 non
1390 2198 1648 2245 possumus
1685 2183 1904 2244 diligere,
1943 2182 2035 2230 nisi
2071 2182 2122 2229 in

213 2269 449 2321 quantum
486 2269 557 2307 est
592 2262 777 2307 bonum
816 2258 1118 2307 conveniens
1155 2258 1320 2316 nobis,
1361 2267 1408 2306 et
1443 2258 1560 2304 hinc
1596 2273 1736 2305 amor
1772 2273 1889 2319 erga
1923 2272 2014 2304 nos
2052 2265 2124 2304 est

211 2335 334 2382 ratio
371 2335 551 2382 amoris
589 2351 706 2396 erga
742 2335 861 2381 alios
897 2334 1111 2395 ideoque
1149 2333 1318 2381 maior.

290 2441 441 2490 Resp.
497 2433 628 2479 Dist.
657 2438 799 2479 antec.
821 2450 833 2477 .·
868 2431 1031 2478 Nemo
1058 2439 1221 2491 potest
1247 2429 1432 2490 aliquid
1458 2444 1639 2486 amare,
1677 2427 1772 2474 nisi
1807 2427 1857 2474 in
1883 2436 2120 2489 quantum

212 2516 285 2554 est
331 2507 634 2554 conveniens
683 2516 730 2554 et
778 2508 964 2553 bonum
1012 2505 1103 2553 sibi
1138 2505 1234 2552 hoc
1272 2520 1440 2561 sensu,
1495 2504 1629 2565 quod
1667 2502 2014 2550 convenientia
2049 2503 2121 2549 rei

211 2582 275 2628 ad
320 2591 568 2629 amantem
614 2582 673 2628 sit
703 2582 940 2641 generalis
975 2582 1172 2627 condicio
1198 2580 1552 2641 praerequisita
1588 2578 1651 2624 ad
1689 2593 1935 2636 amorem,
1986 2591 2120 2633 conc„

211 2658 309 2704 hoc
346 2672 503 2715 sensu,
545 2657 679 2717 quod
716 2656 797 2702 illa
833 2655 1182 2702 convenientia
1218 2654 1277 2701 511
1312 2653 1592 2700 necessario
1629 2653 1753 2700 ratio
1792 2651 1972 2699 amoris
2005 2666 2123 2712 erga

212 2747 341 2789 rem,
383 2747 510 2791 nege.
581 2732 712 2777 Dz'st.
742 2732 934 2792 pariter
968 2745 1084 2776 cons.
1157 2728 1398 2776 Audiatur
1439 2728 1483 2775 S.
1523 2728 1767 2774 Thomas:
1822 2726 2036 2773 «Natura
2070 2726 2120 2772 in

212 2822 263 2853 se
312 2822 460 2853 curva
507 2805 707 2862 dicitur,
758 2805 872 2866 quia
921 2819 1116 2866 semper
1163 2803 1318 2864 diligit
1356 2804 1543 2849 bonum
1580 2817 1731 2849 51111111.
1803 2801 1921 2848 Νο11
1955 2809 2121 2847 tamen

213 2889 422 2943 oportet,
462 2880 597 2942 quod
632 2880 682 2925 in
718 2881 816 2926 hoc
853 2879 1073 2941 quiescat
1109 2878 1331 2935 intentio,
1370 2877 1506 2938 quod
1536 2892 1673 2923 suum
1699 2884 1784 2933 est,
1822 2876 1910 2923 sed
1934 2874 1984 2921 in
2008 2875 2119 2932 hoc,

213 2956 350 3017 quod
395 2957 584 3003 bonum
632 2963 726 3002 est:
777 2954 870 3000 nisi
918 2954 1049 3001 enim
1098 2953 1188 3000 sibi
1227 2962 1354 2999 esset
1391 2954 1575 2998 bonum
1612 2952 1779 3011 aliquo
1816 2950 1995 3008 modo,
2043 2949 2122 2996 vel

213 3030 483 3078 secundum
542 3029 613 3077 rei
664 3029 920 3076 veritatem
972 3030 1049 3076 vel
1105 3027 1376 3075 secundum
1431 3025 1798 3088 apparentiam,
1852 3039 2122 3084 numquam

213 3106 372 3167 ipsum
408 3114 608 3151 amaret.
673 3104 790 3150 Non
826 3112 992 3150 tamen
1027 3112 1232 3164 propter
1266 3102 1364 3148 hoc
1400 3109 1544 3158 amat,
1584 3100 1699 3160 quia
1735 3114 1874 3146 suum
1910 3105 1995 3154 est,
2033 3096 2122 3144 sed

216 3180 330 3241 quia
374 3180 562 3226 bonum
611 3188 707 3225 est:
759 3179 946 3224 bonum
995 3178 1127 3224 enim
1175 3186 1248 3223 est
1294 3191 1384 3236 per
1432 3190 1484 3222 se
1532 3173 1781 3221 obiectum
1828 3171 2116 3220 voluntatis»

218 3252 293 3314 (In
332 3272 373 3313 2,
413 3254 520 3302 dist.
562 3269 604 3314 3,
644 3269 690 3313 q.
730 3269 760 3311 4
797 3253 860 3299 ad
900 3269 954 3313 23
992 3253 1052 3298 cf.
1092 3251 1155 3298 ib.
1195 3250 1259 3297 ad
1296 3246 1358 3310 3).
