2182 3682
482 189 568 219 ΗΒ.
602 189 631 219 1.
679 188 779 217 cAP.
815 188 875 217 ιν.
923 187 985 215 DE
1019 187 1131 215 IURE
1165 185 1518 216 PROPRlE'rA'ms.
1838 173 1938 236 265

532 318 560 373 ἓ
594 331 631 360 2.
682 318 1061 359 SOCIALISMUS
1096 317 1459 356 REFUTATUR.

759 436 1026 484 THESIS
1064 436 1236 483 LV11.

57 552 200 606 335.
290 550 556 610 Systema
602 546 1014 595 socialistarum
1068 545 1220 592 falsis
1268 544 1651 592 fundamentis
1698 544 1949 590 innititur

53 631 218 686 atque
255 623 310 670 in
347 637 409 669 se
445 620 795 682 impossibile
833 627 887 667 et
923 621 1235 667 absurdum
1275 626 1374 666 est.

129 731 218 783 St.
262 729 338 798 Q.
427 746 467 782 Ι.
523 730 668 796 Quid
711 731 924 780 nomine
965 729 1246 779 socialismi
1287 728 1626 793 intellegatur
1666 727 1729 777 cf.
1773 744 1947 792 supra.

129 836 175 873 2.
231 821 425 887 Quoad
475 820 767 870 secundam
820 828 1025 885 partem
1079 819 1243 867 thesis
1292 826 1419 866 nota
1471 834 1569 867 nos
1620 834 1727 865 non
1776 816 1951 866 dicere

52 903 408 954 socialismum
432 902 798 968 metaphysice
820 900 902 950 vel
932 901 1153 966 physice
1180 916 1492 965 repugnare,
1524 898 1619 948 sed
1648 897 1950 958 vlol‘all'scl‘,

52 987 82 1035 i.
125 1003 169 1035 e.
211 992 453 1052 spectata
504 983 778 1033 hominum
819 991 1029 1043 natura,
1086 981 1254 1047 qualis
1295 982 1363 1031 de
1404 981 1544 1030 facto
1587 988 1679 1029 est.
1761 979 1952 1045 Neque

53 1084 248 1133 negare
277 1066 521 1116 volumus
548 1065 907 1115 socialismum
947 1082 1042 1130 per
1083 1063 1449 1113 brevissimum
1493 1062 1714 1111 fortasse
1743 1069 1954 1126 tempus

51 1150 101 1198 vi
141 1147 405 1198 introduci
443 1156 495 1197 et
522 1147 765 1197 sustineri
793 1164 967 1212 posse,
1011 1146 1104 1195 sed
1148 1145 1519 1195 contendimus
1560 1161 1680 1193 eum
1713 1149 1955 1208 spectata

53 1230 330 1280 hominum
371 1238 557 1279 natura
596 1228 840 1279 stabilem
884 1246 1000 1278 esse
1041 1245 1149 1276 non
1191 1244 1365 1293 posse.

57 1353 202 1418 336.
284 1364 450 1402 PARS
481 1365 514 1402 I.
579 1364 752 1401 Nititur
782 1361 926 1401 salsis
961 1361 1302 1399 fundamentis.

129 1452 295 1499 Prob.
362 1451 734 1500 Fundamenta
776 1449 1075 1515 praecipua,
1120 1449 1310 1514 quibus
1351 1447 1646 1497 socialistae
1688 1447 1807 1510 (etsi
1846 1462 1953 1494 non

54 1551 241 1583 omnes
281 1532 547 1595 omnibus)
591 1532 850 1581 theoriam
879 1548 1026 1580 suam
1071 1538 1453 1596 superstruunt,
1497 1538 1619 1578 sunt
1659 1528 1764 1577 fere
1793 1527 1951 1576 haec:

61 1631 101 1665 Ι.
146 1615 350 1665 theoria
380 1614 567 1664 valoris
596 1616 665 1678 (n.
702 1614 854 1677 330);
902 1627 946 1662 2.
986 1613 1190 1663 theoria
1219 1611 1535 1661 evolutionis
1568 1609 1955 1660 materialistica

53 1699 123 1761 (n.
159 1697 312 1761 333);
360 1711 404 1760 3.
449 1695 741 1761 aequalitas
782 1695 971 1744 iurium
1000 1695 1234 1743 omnium
1265 1694 1553 1743 hominum.
1618 1692 1786 1757 quus'
1823 1691 1955 1740 haec

54 1777 399 1828 fundamenta
437 1787 560 1827 sunt
603 1777 745 1827 falsa.
826 1777 980 1841 Ergo
1026 1819 1031 1825 .
1081 1819 1087 1825 .
1137 1818 1143 1825 .

127 1874 287 1924 Proh.
329 1875 457 1924 min.
530 1873 621 1923 Ad
672 1889 711 1923 Ι.
775 1873 989 1923 Falsum
1031 1880 1110 1923 est
1150 1873 1491 1938 principium:
1536 1871 1771 1921 valorem
1814 1888 1954 1920 com-

54 1958 369 2006 mutativum
409 1956 688 2006 intrinsece
723 1956 970 2006 constitui
997 1955 1110 2005 salo
1141 1954 1338 2004 labore.
1396 1955 1598 2003 Verum
1627 1953 1846 2019 quidem
1876 1961 1957 2002 est

54 2038 310 2104 plurimos
348 2039 633 2104 scriptores
674 2038 745 2086 rei
787 2038 1167 2087 oeconomicae
1209 2037 1313 2086 hoc
1354 2036 1668 2102 principium
1711 2034 1836 2083 olim
1869 2035 1956 2084 ad-

56 2121 258 2170 misisse
298 2128 351 2170 et
379 2121 645 2186 quosdam
687 2120 864 2169 adhuc
892 2119 1054 2168 hodie
1087 2119 1382 2168 admittere.
1452 2118 1561 2168 Sed
1589 2118 1687 2183 ipsi
1713 2117 1954 2176 viderint,

56 2203 335 2268 quomodo
390 2219 447 2252 se
502 2219 628 2267 erga
683 2201 977 2251 socialistas
1034 2200 1340 2250 defendant.
1424 2200 1547 2250 Hoc
1595 2208 1771 2248 autem
1823 2199 1956 2264 prin-

56 2285 249 2350 cipium
292 2283 481 2333 falsum
523 2300 638 2332 esse
682 2282 833 2332 facile
875 2283 1185 2332 ostenditur.

129 2374 269 2423 Nam
317 2387 357 2423 Ι.
439 2371 594 2437 Quae
636 2373 790 2421 Marx
842 2372 910 2421 ad
963 2371 1090 2421 illud
1144 2371 1486 2437 probandum
1540 2371 1717 2430 affert,
1772 2368 1959 2418 nullius

56 2456 312 2505 momenti
352 2463 487 2505 sunt.
570 2454 705 2504 Cum
758 2455 898 2503 enim
951 2471 1102 2503 merx
1153 2453 1329 2519 aliqua
1381 2462 1566 2502 contra
1617 2452 1771 2501 aliam
1821 2469 1959 2502 com-

57 2545 303 2598 mutatur,
351 2537 550 2586 debent
594 2537 772 2602 utique
813 2537 863 2585 in
904 2535 1080 2601 aliqua
1121 2536 1324 2585 ratione
1365 2535 1637 2584 communi
1678 2534 1960 2584 convenire

56 2628 109 2670 et
147 2619 467 2685 comparari;
511 2618 643 2668 haec
684 2627 863 2668 autem
906 2619 1037 2666 ratio
1080 2618 1376 2667 communis
1417 2617 1702 2683 praecipue
1743 2624 1848 2677 est,
1904 2624 1960 2664 ut

55 2702 156 2751 iam
199 2701 570 2750 animadvertit
599 2699 918 2749 Aristoteles
948 2699 1118 2763 (Polit.
1162 2700 1198 2760 I,
1231 2717 1273 2749 c.
1312 2701 1376 2762 5),
1421 2698 1660 2763 aptitudo
1687 2698 1962 2762 utriusque

57 2782 136 2832 ad
168 2783 610 2847 satisfaciendmn
653 2782 821 2831 alicui
858 2782 1190 2845 l'mz'zgrentl'ac
1229 2781 1311 2830 vel
1353 2781 1652 2830 necessitati
1698 2779 1961 2829 humanae

59 2864 318 2928 (utilitas),
373 2872 426 2914 et
466 2882 572 2930 quo
625 2865 791 2913 maior
842 2863 973 2913 haec
1026 2863 1271 2928 aptitudo
1314 2872 1419 2921 est,
1475 2872 1527 2911 et
1568 2879 1674 2927 quo
1717 2861 1869 2910 altior
1909 2871 1961 2910 et

58 2946 328 3011 urgentior
367 2946 678 3006 necessitaS‚
735 2946 819 2995 cui
857 2944 1136 3005 satisfacit,
1196 2962 1261 2993 eo
1304 2944 1470 2993 maior
1510 2945 1697 2993 ceteris
1750 2943 1962 3008 paribus

58 3035 139 3077 est
174 3028 331 3078 etiam
362 3028 433 3077 rei
460 3027 608 3077 valor
636 3028 1062 3077 commutativus.
1120 3026 1271 3076 Haec
1300 3044 1459 3092 porro
1488 3026 1732 3091 aptitudo
1762 3025 1963 3090 pendet

60 3126 90 3159 a
129 3109 472 3175 qualitatibus
513 3109 763 3159 chemicis
804 3118 856 3158 et
897 3108 1131 3174 physicis
1172 3125 1369 3169 rerum,
1412 3108 1641 3172 ideoque
1680 3106 1749 3156 ab
1790 3106 1870 3155 his
1911 3107 1960 3155 in

59 3191 237 3241 valore
278 3192 683 3241 determinando
724 3190 867 3240 nullo
910 3190 1074 3240 modo
1109 3190 1411 3255 praescindi
1438 3196 1630 3255 potest.
1688 3188 1963 3237 Praeterea

61 3290 262 3323 merces
304 3273 586 3324 convenire
626 3279 851 3338 possunt
890 3273 940 3321 in
993 3289 1085 3333 eo,
1141 3272 1289 3338 quod
1341 3280 1463 3320 sunt
1515 3270 1714 3320 fructus
1766 3268 1962 3319 laboris

63 3353 292 3416 humani,
336 3354 455 3421 plus
494 3355 578 3404 vel
618 3355 790 3404 minus
831 3370 977 3403 rarae
1017 3363 1117 3404 etc.
