2182 3682
228 171 376 209 XVIII
950 173 1137 202 TABULA
1170 174 1409 204 THESEON.

299 309 412 348 XCI.
456 308 707 348 Auctoritati
731 309 840 349 civili
874 323 960 349 non
993 312 1194 364 competit
1227 311 1289 350 ius
1323 325 1468 351 omnes
1500 320 1696 364 parentes
1728 313 1823 366 lege
1855 314 1926 353 ob-

224 376 398 428 ligandi,
430 383 474 414 ut
495 376 650 415 liberos
674 391 751 429 per
772 378 929 430 aliquot
951 391 1084 417 annos
1107 379 1227 418 alicui
1249 378 1418 418 scholae
1449 379 1730 420 instituendos
1761 382 1927 420 tradant

298 450 431 489 XCII.
487 451 678 491 Potestas
717 452 890 504 politica
932 453 1061 505 longo
1095 453 1296 504 temporis
1329 453 1449 506 lapsu
1480 454 1518 493 vi
1551 455 1679 494 solius
1710 455 1810 495 iuris
1854 469 1926 496 na-

228 518 374 557 turalis
407 518 632 571 aliquando
665 520 782 572 quasi
814 519 1043 572 praescribi
1074 528 1215 572 potest
1249 551 1257 559 .

299 592 455 632 XCIII.
500 593 629 632 Nulla
660 594 968 647 praedictarum
997 594 1212 647 regiminis
1240 596 1466 635 formarum
1499 610 1578 648 per
1599 611 1644 636 se
1676 597 1827 636 iniusta
1859 605 1929 636 aut

222 659 367 699 illicita
400 663 611 701 censenda
643 669 705 701 est

297 734 450 775 XCIV.
494 735 623 774 Nulla
644 736 856 788 regiminis
880 737 1011 775 forma
1035 737 1183 776 ceteris
1214 738 1268 776 ita
1296 745 1494 790 praestat,
1529 745 1572 776 ut
1595 738 1641 778 iis
1663 752 1740 791 pro
1763 738 1929 791 quibus-

223 815 400 855 cumque
434 803 642 843 adiunctis
674 804 952 855 praeferenda
985 805 1144 844 censeri
1176 805 1311 857 possit

295 877 427 917 XCV.
481 878 856 930 Repraesentativa
887 878 1100 931 regiminis
1134 880 1264 918 forma
1300 880 1352 919 de
1393 893 1436 918 se
1470 880 1618 919 iniusta
1658 881 1819 920 censeri
1859 894 1928 920 ne-

221 945 308 996 quit
331 945 522 997 ideoque,
557 945 626 984 ubi
650 945 831 998 legitime
854 946 981 998 viget,
1017 947 1069 985 ad
1093 947 1404 986 oboedientiam
1429 947 1537 987 cives
1560 947 1741 1000 obligat;
1778 949 1927 988 modus

220 1021 371 1061 tamen,
406 1026 489 1065 quo
522 1013 563 1052 in
596 1014 743 1052 eadem
775 1021 1138 1065 repraesentantes
1172 1015 1396 1068 eliguntur,
1433 1015 1607 1054 vitiosus
1640 1029 1729 1055 esse
1762 1016 1928 1055 videtur

294 1086 449 1126 XCVI.
494 1087 744 1127 Necessaria
775 1096 836 1126 est
869 1089 1107 1128 auctoritati
1132 1089 1241 1128 civili
1275 1097 1462 1142 potestas
1496 1091 1706 1130 condendi
1739 1090 1856 1143 leges
1886 1091 1928 1129 in

219 1155 477 1193 conscientia
511 1155 748 1207 obligantes

292 1228 467 1268 XCVII.
514 1230 701 1269 Potestas
734 1229 971 1282 legislativa
1003 1244 1088 1270 non
1112 1240 1173 1270 est
1207 1231 1284 1270 nisi
1317 1232 1358 1269 in
1391 1246 1573 1283 persona
1601 1232 1771 1285 publica
1793 1246 1926 1284 eaque

219 1296 401 1335 habente
434 1310 671 1349 supremam
704 1297 1054 1346 iurisdictionem,
1100 1299 1141 1337 in
1174 1299 1264 1338 aliis
1296 1313 1397 1338 vero
1431 1313 1516 1338 non
1551 1300 1631 1339 nisi
1665 1308 1871 1352 quatenus
1903 1314 1927 1338 a

219 1364 435 1416 superiore
468 1373 721 1418 potestatem
757 1366 1103 1405 communicatam
1137 1366 1294 1405 habent

291 1439 489 1479 XCVIII.
546 1439 776 1492 Supremae
820 1441 1017 1492 potestati
1053 1441 1159 1480 civili
1195 1442 1397 1494 competit
1439 1441 1639 1481 iudicium
1682 1450 1769 1481 turn
1803 1442 1924 1482 civile

217 1513 313 1565 tum-¹
337 1507 548 1547 criminale
581 1521 654 1546 seu
688 1508 750 1546 ius
783 1509 983 1560 puniendi
1018 1509 1190 1548 crimina
1242 1542 1248 1548 .

291 1580 446 1622 XCIX.
491 1582 682 1622 Potestas
705 1583 874 1635 politica
906 1585 967 1623 ius
1001 1584 1130 1623 habet
1163 1599 1239 1636 pro
1263 1585 1545 1624 atrocioribus
1568 1585 1818 1637 quibusdam
1852 1586 1925 1624 cri—

220 1648 404 1688 minibus
436 1663 619 1702 poenam
654 1652 803 1703 capitis
837 1653 1049 1691 statuendi
1107 1684 1114 1691 .

294 1723 342 1763 C.
386 1723 559 1763 Exsistit
582 1725 645 1763 ius
668 1725 991 1765 internationale
1015 1726 1208 1765 naturale
1232 1734 1317 1764 tum
1348 1726 1557 1779 privatum
1589 1735 1675 1764 tum
1705 1726 1922 1778 publicum

296 1798 364 1838 CI.
420 1800 516 1838 Iura
561 1807 601 1838 et
633 1799 771 1840 officia
816 1809 994 1840 connata
1033 1801 1287 1840 diversarum
1327 1801 1572 1840 societatum
1606 1801 1785 1840 civilium
1830 1809 1926 1840 sunt

218 1866 408 1918 aequaha

295 1941 385 1980 CII.
441 1942 611 1981 Praeter
642 1942 780 1982 officia
823 1944 993 1982 iuridica
1034 1944 1141 1983 inter
1185 1951 1334 1995 gentes
1380 1944 1502 1982 etiam
1536 1943 1739 1982 exsistunt
1783 1943 1922 1982 officia

219 2008 400 2048 caritatis
435 2041 442 2048 .

300 2084 410 2122 CIII.
456 2084 712 2137 Principium
747 2086 1047 2125 nationalitatis
1081 2086 1195 2138 quod
1227 2093 1393 2134 vocant,
1433 2086 1517 2124 sive
1555 2098 1678 2124 sensu
1713 2086 1923 2125 illimitato

219 2158 260 2190 et
304 2151 499 2190 absoluto
544 2153 631 2191 sive
675 2166 800 2192 sensu
846 2154 986 2205 aliquo
1020 2154 1212 2193 restricto
1245 2153 1520 2205 intellegitur,
1562 2153 1712 2192 falsum
1752 2160 1793 2192 et
1832 2167 1922 2206 per-

218 2218 422 2258 niciosum
457 2227 518 2258 est
568 2250 574 2257 .

293 2292 401 2332 CIV.
456 2293 619 2332 Bellum
652 2307 737 2332 non
772 2303 832 2333 est
865 2308 942 2346 per
974 2308 1017 2333 se
1052 2295 1322 2334 inhonestum
1373 2327 1380 2333 .

289 2367 376 2407 CV.
434 2368 718 2408 Condiciones
752 2370 805 2407 ad
838 2369 937 2408 belli
971 2370 1198 2409 liceitatem
1232 2369 1456 2421 requisitae
1490 2376 1610 2408 sunt:
1661 2380 1695 2409 1.
1738 2369 1923 2421 legitima

215 2435 464 2483 auctoritas;
503 2446 540 2475 2.
575 2436 681 2475 iusta
714 2450 860 2484 causa;
898 2448 938 2487 3.
972 2437 1137 2476 debitus
1171 2438 1318 2475 modus
1375 2468 1381 2475 .

2045 268 2132 309 Pag.

2048 393 2132 434 427

2050 674 2133 718 455

2050 816 2133 860 455

2049 1017 2135 1068 458

2049 1159 2136 1208 460

2046 1736 2132 1777 474

2043 1878 2126 1921 475

2044 2013 2130 2062 476

2044 2221 2130 2270 480

2042 2295 2127 2346 483

2040 2436 2127 2487 483
