<?xml version="1.0" encoding="UTF-8"?>
<!DOCTYPE html PUBLIC "-//W3C//DTD XHTML 1.0 Transitional//EN"
    "http://www.w3.org/TR/xhtml1/DTD/xhtml1-transitional.dtd">
<html xmlns="http://www.w3.org/1999/xhtml" xml:lang="en" lang="en">
 <head>
  <title>
</title>
<meta http-equiv="Content-Type" content="text/html;charset=utf-8" />
  <meta name='ocr-system' content='tesseract 3.04.00' />
  <meta name='ocr-capabilities' content='ocr_page ocr_carea ocr_par ocr_line ocrx_word'/>
</head>
<body>
  <div class='ocr_page' id='page_1' title='image "./philosophiamoral00cath_0457.png"; bbox 0 0 2182 3682; ppageno 0'>
   <div class='ocr_carea' id='block_1_1' title="bbox 510 179 1943 231">
    <p class='ocr_par' dir='ltr' id='par_1_1' title="bbox 510 179 1943 231">
     <span class='ocr_line' id='line_1_1' title="bbox 510 179 1943 231; baseline -0.002 -22"><span class='ocrx_word' id='word_1_1' title='bbox 510 181 596 209; x_wconf 91' lang='lat' dir='ltr'>LIB.</span> <span class='ocrx_word' id='word_1_2' title='bbox 630 181 677 210; x_wconf 87' lang='grc' dir='ltr'>ΙΙ.</span> <span class='ocrx_word' id='word_1_3' title='bbox 725 180 822 210; x_wconf 83' lang='lat' dir='ltr'>CAP.</span> <span class='ocrx_word' id='word_1_4' title='bbox 858 180 925 209; x_wconf 89' lang='grc' dir='ltr'><strong>ΙΙΙ.</strong></span> <span class='ocrx_word' id='word_1_5' title='bbox 973 180 1036 207; x_wconf 89' lang='lat' dir='ltr'>DE</span> <span class='ocrx_word' id='word_1_6' title='bbox 1070 179 1330 208; x_wconf 85' lang='lat' dir='ltr'>SOCIETATE</span> <span class='ocrx_word' id='word_1_7' title='bbox 1366 179 1521 208; x_wconf 83' lang='lat' dir='ltr'>CIVILI.</span> <span class='ocrx_word' id='word_1_8' title='bbox 1841 180 1943 231; x_wconf 73' lang='lat'>433</span> 
     </span>
    </p>
   </div>
   <div class='ocr_carea' id='block_1_2' title="bbox 55 313 1959 1200">
    <p class='ocr_par' dir='ltr' id='par_1_2' title="bbox 55 313 1959 1200">
     <span class='ocr_line' id='line_1_2' title="bbox 57 313 1950 380; baseline -0.005 -13"><span class='ocrx_word' id='word_1_9' title='bbox 57 318 187 368; x_wconf 81' lang='lat' dir='ltr'>Pius</span> <span class='ocrx_word' id='word_1_10' title='bbox 226 316 322 366; x_wconf 81' lang='lat' dir='ltr'>IX</span> <span class='ocrx_word' id='word_1_11' title='bbox 353 316 404 365; x_wconf 92' lang='lat' dir='ltr'>in</span> <span class='ocrx_word' id='word_1_12' title='bbox 445 314 666 380; x_wconf 82' lang='lat' dir='ltr'>Syllabo</span> <span class='ocrx_word' id='word_1_13' title='bbox 720 316 1064 365; x_wconf 84' lang='lat' dir='ltr'>damnaverat</span> <span class='ocrx_word' id='word_1_14' title='bbox 1114 313 1252 363; x_wconf 90' lang='lat' dir='ltr'>hanc</span> <span class='ocrx_word' id='word_1_15' title='bbox 1304 313 1475 362; x_wconf 87' lang='lat' dir='ltr'>thesin</span> <span class='ocrx_word' id='word_1_16' title='bbox 1528 315 1665 378; x_wconf 77' lang='lat'>(48):</span> <span class='ocrx_word' id='word_1_17' title='bbox 1727 314 1950 365; x_wconf 72' lang='lat' dir='ltr'>«Catho-</span> 
     </span>
     <span class='ocr_line' id='line_1_3' title="bbox 55 395 1948 463; baseline -0.002 -14"><span class='ocrx_word' id='word_1_18' title='bbox 55 400 165 450; x_wconf 92' lang='lat' dir='ltr'>licis</span> <span class='ocrx_word' id='word_1_19' title='bbox 222 399 342 447; x_wconf 85' lang='lat' dir='ltr'>viris</span> <span class='ocrx_word' id='word_1_20' title='bbox 406 398 621 463; x_wconf 89' lang='lat' dir='ltr'>probari</span> <span class='ocrx_word' id='word_1_21' title='bbox 679 405 858 463; x_wconf 89' lang='lat' dir='ltr'>potest</span> <span class='ocrx_word' id='word_1_22' title='bbox 918 413 981 445; x_wconf 85' lang='lat' dir='ltr'>ea</span> <span class='ocrx_word' id='word_1_23' title='bbox 1039 395 1326 444; x_wconf 82' lang='lat' dir='ltr'>iuventutis</span> <span class='ocrx_word' id='word_1_24' title='bbox 1384 396 1740 445; x_wconf 76' lang='lat' dir='ltr'>instituendae</span> <span class='ocrx_word' id='word_1_25' title='bbox 1800 397 1948 457; x_wconf 86' lang='lat' dir='ltr'>ratio,</span> 
     </span>
     <span class='ocr_line' id='line_1_4' title="bbox 57 477 1949 547; baseline -0.001 -18"><span class='ocrx_word' id='word_1_26' title='bbox 57 497 191 547; x_wconf 90' lang='lat' dir='ltr'>quae</span> <span class='ocrx_word' id='word_1_27' title='bbox 242 481 308 529; x_wconf 92' lang='lat' dir='ltr'>sit</span> <span class='ocrx_word' id='word_1_28' title='bbox 348 497 378 528; x_wconf 85' lang='lat' dir='ltr'>a</span> <span class='ocrx_word' id='word_1_29' title='bbox 419 478 681 529; x_wconf 85' lang='lat' dir='ltr'>catholica</span> <span class='ocrx_word' id='word_1_30' title='bbox 728 478 834 528; x_wconf 89' lang='lat' dir='ltr'>fide</span> <span class='ocrx_word' id='word_1_31' title='bbox 875 487 927 527; x_wconf 89' lang='lat' dir='ltr'>et</span> <span class='ocrx_word' id='word_1_32' title='bbox 968 477 1034 526; x_wconf 89' lang='lat' dir='ltr'>ab</span> <span class='ocrx_word' id='word_1_33' title='bbox 1077 477 1657 545; x_wconf 12' lang='lat' dir='ltr'>Ecclesiae-potestate</span> <span class='ocrx_word' id='word_1_34' title='bbox 1697 478 1949 539; x_wconf 89' lang='lat' dir='ltr'>seiuncta,</span> 
     </span>
     <span class='ocr_line' id='line_1_5' title="bbox 56 557 1954 627; baseline -0.001 -17"><span class='ocrx_word' id='word_1_35' title='bbox 56 578 300 627; x_wconf 91' lang='lat' dir='ltr'>quaeque</span> <span class='ocrx_word' id='word_1_36' title='bbox 352 578 524 610; x_wconf 90' lang='lat' dir='ltr'>rerum</span> <span class='ocrx_word' id='word_1_37' title='bbox 579 560 862 609; x_wconf 78' lang='lat' dir='ltr'>dumtaxat</span> <span class='ocrx_word' id='word_1_38' title='bbox 913 557 1227 607; x_wconf 80' lang='lat' dir='ltr'>naturalium</span> <span class='ocrx_word' id='word_1_39' title='bbox 1280 559 1554 607; x_wconf 90' lang='lat' dir='ltr'>scientiam</span> <span class='ocrx_word' id='word_1_40' title='bbox 1607 575 1668 608; x_wconf 90' lang='lat' dir='ltr'>ac</span> <span class='ocrx_word' id='word_1_41' title='bbox 1715 566 1954 608; x_wconf 77' lang='lat' dir='ltr'>terrenae</span> 
     </span>
     <span class='ocr_line' id='line_1_6' title="bbox 55 639 1945 705; baseline -0.001 -13"><span class='ocrx_word' id='word_1_42' title='bbox 55 642 262 693; x_wconf 87' lang='lat' dir='ltr'>socialis</span> <span class='ocrx_word' id='word_1_43' title='bbox 291 643 430 692; x_wconf 87' lang='lat' dir='ltr'>vitae</span> <span class='ocrx_word' id='word_1_44' title='bbox 470 642 602 691; x_wconf 89' lang='lat' dir='ltr'>fines</span> <span class='ocrx_word' id='word_1_45' title='bbox 642 640 1016 691; x_wconf 88' lang='lat' dir='ltr'>tantummodo</span> <span class='ocrx_word' id='word_1_46' title='bbox 1044 639 1127 689; x_wconf 85' lang='lat' dir='ltr'>vel</span> <span class='ocrx_word' id='word_1_47' title='bbox 1168 639 1356 689; x_wconf 88' lang='lat' dir='ltr'>saltem</span> <span class='ocrx_word' id='word_1_48' title='bbox 1399 640 1648 705; x_wconf 88' lang='lat' dir='ltr'>primario</span> <span class='ocrx_word' id='word_1_49' title='bbox 1689 649 1945 705; x_wconf 76' lang='lat' dir='ltr'>spectet.»</span> 
     </span>
     <span class='ocr_line' id='line_1_7' title="bbox 58 721 1955 790; baseline -0.001 -16"><span class='ocrx_word' id='word_1_50' title='bbox 58 725 198 774; x_wconf 91' lang='lat' dir='ltr'>Hinc</span> <span class='ocrx_word' id='word_1_51' title='bbox 239 725 397 774; x_wconf 86' lang='lat' dir='ltr'>etiam</span> <span class='ocrx_word' id='word_1_52' title='bbox 438 733 586 790; x_wconf 91' lang='lat' dir='ltr'>patet</span> <span class='ocrx_word' id='word_1_53' title='bbox 625 725 676 773; x_wconf 92' lang='lat' dir='ltr'>in</span> <span class='ocrx_word' id='word_1_54' title='bbox 715 724 774 773; x_wconf 91' lang='lat' dir='ltr'>iis</span> <span class='ocrx_word' id='word_1_55' title='bbox 803 722 1122 787; x_wconf 79' lang='lat' dir='ltr'>regionibus,</span> <span class='ocrx_word' id='word_1_56' title='bbox 1166 722 1217 770; x_wconf 93' lang='lat' dir='ltr'>in</span> <span class='ocrx_word' id='word_1_57' title='bbox 1247 721 1440 787; x_wconf 87' lang='lat' dir='ltr'>quibus</span> <span class='ocrx_word' id='word_1_58' title='bbox 1466 721 1682 771; x_wconf 90' lang='lat' dir='ltr'>scholae</span> <span class='ocrx_word' id='word_1_59' title='bbox 1710 721 1955 788; x_wconf 87' lang='lat' dir='ltr'>publicae</span> 
     </span>
     <span class='ocr_line' id='line_1_8' title="bbox 58 803 1957 872; baseline -0.002 -16"><span class='ocrx_word' id='word_1_60' title='bbox 58 824 88 856; x_wconf 83' lang='lat' dir='ltr'>a</span> <span class='ocrx_word' id='word_1_61' title='bbox 143 806 397 872; x_wconf 86' lang='lat' dir='ltr'>religione</span> <span class='ocrx_word' id='word_1_62' title='bbox 451 805 606 871; x_wconf 87' lang='lat' dir='ltr'>plane</span> <span class='ocrx_word' id='word_1_63' title='bbox 661 813 784 854; x_wconf 90' lang='lat' dir='ltr'>sunt</span> <span class='ocrx_word' id='word_1_64' title='bbox 839 805 1108 854; x_wconf 90' lang='lat' dir='ltr'>seiunctae</span> <span class='ocrx_word' id='word_1_65' title='bbox 1163 804 1230 867; x_wconf 79' lang='lat' dir='ltr'>(v.</span> <span class='ocrx_word' id='word_1_66' title='bbox 1289 821 1357 869; x_wconf 90' lang='lat' dir='ltr'>g.·</span> <span class='ocrx_word' id='word_1_67' title='bbox 1398 804 1449 852; x_wconf 92' lang='lat' dir='ltr'>in</span> <span class='ocrx_word' id='word_1_68' title='bbox 1501 803 1740 854; x_wconf 81' lang='lat' dir='ltr'>Statibus</span> <span class='ocrx_word' id='word_1_69' title='bbox 1782 804 1957 855; x_wconf 92' lang='lat' dir='ltr'>Unitis</span> 
     </span>
     <span class='ocr_line' id='line_1_9' title="bbox 58 885 1958 953; baseline -0.001 -15"><span class='ocrx_word' id='word_1_70' title='bbox 58 887 340 938; x_wconf 87' lang='lat' dir='ltr'>Americae</span> <span class='ocrx_word' id='word_1_71' title='bbox 383 886 821 953; x_wconf 81' lang='lat' dir='ltr'>Septentrionalis</span> <span class='ocrx_word' id='word_1_72' title='bbox 873 895 925 936; x_wconf 93' lang='lat' dir='ltr'>et</span> <span class='ocrx_word' id='word_1_73' title='bbox 976 887 1027 935; x_wconf 92' lang='lat' dir='ltr'>in</span> <span class='ocrx_word' id='word_1_74' title='bbox 1069 885 1405 950; x_wconf 83' lang='lat' dir='ltr'>Hollandia)‚</span> <span class='ocrx_word' id='word_1_75' title='bbox 1460 903 1566 935; x_wconf 92' lang='lat' dir='ltr'>non</span> <span class='ocrx_word' id='word_1_76' title='bbox 1619 903 1778 952; x_wconf 90' lang='lat' dir='ltr'>posse</span> <span class='ocrx_word' id='word_1_77' title='bbox 1818 887 1958 936; x_wconf 86' lang='lat' dir='ltr'>viros</span> 
     </span>
     <span class='ocr_line' id='line_1_10' title="bbox 59 967 1959 1034; baseline -0.001 -15"><span class='ocrx_word' id='word_1_78' title='bbox 59 968 351 1019; x_wconf 89' lang='lat' dir='ltr'>catholicos</span> <span class='ocrx_word' id='word_1_79' title='bbox 401 968 545 1019; x_wconf 85' lang='lat' dir='ltr'>salva</span> <span class='ocrx_word' id='word_1_80' title='bbox 598 969 920 1019; x_wconf 90' lang='lat' dir='ltr'>conscientia</span> <span class='ocrx_word' id='word_1_81' title='bbox 974 968 1251 1033; x_wconf 84' lang='lat' dir='ltr'>cooperari</span> <span class='ocrx_word' id='word_1_82' title='bbox 1298 968 1348 1016; x_wconf 87' lang='lat' dir='ltr'>in</span> <span class='ocrx_word' id='word_1_83' title='bbox 1398 967 1613 1017; x_wconf 85' lang='lat' dir='ltr'>ferenda</span> <span class='ocrx_word' id='word_1_84' title='bbox 1654 967 1798 1033; x_wconf 90' lang='lat' dir='ltr'>lege,</span> <span class='ocrx_word' id='word_1_85' title='bbox 1855 986 1959 1034; x_wconf 90' lang='lat' dir='ltr'>qua</span> 
     </span>
     <span class='ocr_line' id='line_1_11' title="bbox 59 1049 1958 1117; baseline -0.001 -16"><span class='ocrx_word' id='word_1_86' title='bbox 59 1051 304 1102; x_wconf 87' lang='lat' dir='ltr'>catholici</span> <span class='ocrx_word' id='word_1_87' title='bbox 356 1060 603 1117; x_wconf 87' lang='lat' dir='ltr'>parentes</span> <span class='ocrx_word' id='word_1_88' title='bbox 655 1051 880 1100; x_wconf 84' lang='lat' dir='ltr'>infantes</span> <span class='ocrx_word' id='word_1_89' title='bbox 932 1067 1057 1099; x_wconf 89' lang='lat' dir='ltr'>suos</span> <span class='ocrx_word' id='word_1_90' title='bbox 1104 1050 1155 1098; x_wconf 93' lang='lat' dir='ltr'>in</span> <span class='ocrx_word' id='word_1_91' title='bbox 1197 1049 1459 1099; x_wconf 89' lang='lat' dir='ltr'>eiusmodi</span> <span class='ocrx_word' id='word_1_92' title='bbox 1498 1049 1711 1099; x_wconf 89' lang='lat' dir='ltr'>scholas</span> <span class='ocrx_word' id='word_1_93' title='bbox 1751 1051 1958 1100; x_wconf 90' lang='lat' dir='ltr'>mittere</span> 
     </span>
     <span class='ocr_line' id='line_1_12' title="bbox 60 1143 334 1200; baseline 0 -17"><span class='ocrx_word' id='word_1_94' title='bbox 60 1143 334 1200; x_wconf 79' lang='lat' dir='ltr'>cogantur.</span> 
     </span>
    </p>
   </div>
   <div class='ocr_carea' id='block_1_3' title="bbox 59 1220 1967 1862">
    <p class='ocr_par' dir='ltr' id='par_1_3' title="bbox 59 1220 1967 1862">
     <span class='ocr_line' id='line_1_13' title="bbox 134 1220 1958 1289; baseline -0.001 -16"><span class='ocrx_word' id='word_1_95' title='bbox 134 1224 182 1273; x_wconf 83' lang='lat'>6.</span> <span class='ocrx_word' id='word_1_96' title='bbox 226 1222 374 1273; x_wconf 82' lang='lat' dir='ltr'>Sicut</span> <span class='ocrx_word' id='word_1_97' title='bbox 425 1222 664 1289; x_wconf 80' lang='lat' dir='ltr'>singulae</span> <span class='ocrx_word' id='word_1_98' title='bbox 707 1221 956 1283; x_wconf 88' lang='lat' dir='ltr'>familiae,</span> <span class='ocrx_word' id='word_1_99' title='bbox 1015 1222 1087 1271; x_wconf 86' lang='lat' dir='ltr'>ita</span> <span class='ocrx_word' id='word_1_100' title='bbox 1128 1239 1157 1270; x_wconf 86' lang='lat' dir='ltr'>a</span> <span class='ocrx_word' id='word_1_101' title='bbox 1198 1221 1399 1270; x_wconf 87' lang='lat' dir='ltr'>fortiori</span> <span class='ocrx_word' id='word_1_102' title='bbox 1441 1220 1681 1271; x_wconf 86' lang='lat' dir='ltr'>Ecclesia</span> <span class='ocrx_word' id='word_1_103' title='bbox 1721 1240 1818 1288; x_wconf 91' lang='lat' dir='ltr'>pro</span> <span class='ocrx_word' id='word_1_104' title='bbox 1860 1240 1958 1272; x_wconf 90' lang='lat' dir='ltr'>suo</span> 
     </span>
     <span class='ocr_line' id='line_1_14' title="bbox 59 1303 1963 1370; baseline 0 -16"><span class='ocrx_word' id='word_1_105' title='bbox 59 1305 273 1354; x_wconf 86' lang='lat' dir='ltr'>arbitrio</span> <span class='ocrx_word' id='word_1_106' title='bbox 325 1304 536 1354; x_wconf 91' lang='lat' dir='ltr'>scholas</span> <span class='ocrx_word' id='word_1_107' title='bbox 588 1305 744 1354; x_wconf 85' lang='lat' dir='ltr'>etiarn</span> <span class='ocrx_word' id='word_1_108' title='bbox 800 1303 1050 1370; x_wconf 86' lang='lat' dir='ltr'>profanas</span> <span class='ocrx_word' id='word_1_109' title='bbox 1091 1304 1320 1369; x_wconf 84' lang='lat' dir='ltr'>erigere,</span> <span class='ocrx_word' id='word_1_110' title='bbox 1376 1312 1580 1353; x_wconf 85' lang='lat' dir='ltr'>erectas</span> <span class='ocrx_word' id='word_1_111' title='bbox 1622 1304 1867 1354; x_wconf 89' lang='lat' dir='ltr'>ordinare</span> <span class='ocrx_word' id='word_1_112' title='bbox 1909 1312 1963 1354; x_wconf 91' lang='lat' dir='ltr'>et</span> 
     </span>
     <span class='ocr_line' id='line_1_15' title="bbox 61 1385 1962 1453; baseline -0.001 -16"><span class='ocrx_word' id='word_1_113' title='bbox 61 1405 243 1453; x_wconf 91' lang='lat' dir='ltr'>regere</span> <span class='ocrx_word' id='word_1_114' title='bbox 285 1395 476 1452; x_wconf 91' lang='lat' dir='ltr'>potest.</span> <span class='ocrx_word' id='word_1_115' title='bbox 544 1387 614 1436; x_wconf 88' lang='lat' dir='ltr'>Et</span> <span class='ocrx_word' id='word_1_116' title='bbox 655 1386 758 1436; x_wconf 93' lang='lat' dir='ltr'>hoc</span> <span class='ocrx_word' id='word_1_117' title='bbox 800 1386 939 1435; x_wconf 75' lang='lat' dir='ltr'>valet</span> <span class='ocrx_word' id='word_1_118' title='bbox 980 1387 1137 1435; x_wconf 89' lang='lat' dir='ltr'>etiam</span> <span class='ocrx_word' id='word_1_119' title='bbox 1184 1395 1427 1451; x_wconf 89' lang='lat' dir='ltr'>respectu</span> <span class='ocrx_word' id='word_1_120' title='bbox 1469 1385 1771 1435; x_wconf 88' lang='lat' dir='ltr'>scholarum</span> <span class='ocrx_word' id='word_1_121' title='bbox 1810 1404 1962 1453; x_wconf 93' lang='lat' dir='ltr'>supe-</span> 
     </span>
     <span class='ocr_line' id='line_1_16' title="bbox 61 1467 1962 1519; baseline -0.001 0"><span class='ocrx_word' id='word_1_122' title='bbox 61 1470 269 1519; x_wconf 90' lang='lat' dir='ltr'>riorum.</span> <span class='ocrx_word' id='word_1_123' title='bbox 338 1468 509 1518; x_wconf 86' lang='lat' dir='ltr'>Immo</span> <span class='ocrx_word' id='word_1_124' title='bbox 564 1468 806 1518; x_wconf 86' lang='lat' dir='ltr'>Ecclesia</span> <span class='ocrx_word' id='word_1_125' title='bbox 861 1485 968 1516; x_wconf 91' lang='lat' dir='ltr'>non</span> <span class='ocrx_word' id='word_1_126' title='bbox 1024 1467 1198 1516; x_wconf 90' lang='lat' dir='ltr'>solum</span> <span class='ocrx_word' id='word_1_127' title='bbox 1253 1468 1333 1516; x_wconf 91' lang='lat' dir='ltr'>ius</span> <span class='ocrx_word' id='word_1_128' title='bbox 1389 1467 1625 1517; x_wconf 91' lang='lat' dir='ltr'>naturale</span> <span class='ocrx_word' id='word_1_129' title='bbox 1680 1468 1843 1518; x_wconf 85' lang='lat' dir='ltr'>habet</span> <span class='ocrx_word' id='word_1_130' title='bbox 1895 1469 1962 1518; x_wconf 88' lang='lat' dir='ltr'>ad</span> 
     </span>
     <span class='ocr_line' id='line_1_17' title="bbox 61 1549 1964 1610; baseline 0 -10"><span class='ocrx_word' id='word_1_131' title='bbox 61 1551 384 1601; x_wconf 90' lang='lat' dir='ltr'>erectionem</span> <span class='ocrx_word' id='word_1_132' title='bbox 435 1559 487 1600; x_wconf 91' lang='lat' dir='ltr'>et</span> <span class='ocrx_word' id='word_1_133' title='bbox 539 1551 885 1599; x_wconf 85' lang='lat' dir='ltr'>directionem</span> <span class='ocrx_word' id='word_1_134' title='bbox 937 1549 1267 1610; x_wconf 89' lang='lat' dir='ltr'>scholarum,</span> <span class='ocrx_word' id='word_1_135' title='bbox 1333 1550 1428 1598; x_wconf 90' lang='lat' dir='ltr'>sed</span> <span class='ocrx_word' id='word_1_136' title='bbox 1482 1550 1641 1599; x_wconf 89' lang='lat' dir='ltr'>etiam</span> <span class='ocrx_word' id='word_1_137' title='bbox 1688 1551 1767 1599; x_wconf 91' lang='lat' dir='ltr'>ius</span> <span class='ocrx_word' id='word_1_138' title='bbox 1808 1551 1964 1600; x_wconf 74' lang='lat' dir='ltr'>llz&#39;sto-</span> 
     </span>
     <span class='ocr_line' id='line_1_18' title="bbox 63 1631 1967 1698; baseline -0.001 -15"><span class='ocrx_word' id='word_1_139' title='bbox 63 1633 259 1694; x_wconf 51' lang='lat' dir='ltr'>wicum,</span> <span class='ocrx_word' id='word_1_140' title='bbox 317 1650 411 1698; x_wconf 92' lang='lat' dir='ltr'>per</span> <span class='ocrx_word' id='word_1_141' title='bbox 467 1632 747 1683; x_wconf 89' lang='lat' dir='ltr'>decursum</span> <span class='ocrx_word' id='word_1_142' title='bbox 800 1633 1056 1697; x_wconf 87' lang='lat' dir='ltr'>temporis</span> <span class='ocrx_word' id='word_1_143' title='bbox 1106 1631 1441 1696; x_wconf 88' lang='lat' dir='ltr'>acquisitum.</span> <span class='ocrx_word' id='word_1_144' title='bbox 1522 1632 1642 1697; x_wconf 88' lang='lat' dir='ltr'>Ipsa</span> <span class='ocrx_word' id='word_1_145' title='bbox 1695 1633 1832 1681; x_wconf 88' lang='lat' dir='ltr'>enim</span> <span class='ocrx_word' id='word_1_146' title='bbox 1886 1640 1967 1682; x_wconf 90' lang='lat' dir='ltr'>est</span> 
     </span>
     <span class='ocr_line' id='line_1_19' title="bbox 63 1713 1966 1780; baseline 0 -15"><span class='ocrx_word' id='word_1_147' title='bbox 63 1723 232 1765; x_wconf 86' lang='lat' dir='ltr'>mater</span> <span class='ocrx_word' id='word_1_148' title='bbox 269 1714 599 1775; x_wconf 89' lang='lat' dir='ltr'>scholarum,</span> <span class='ocrx_word' id='word_1_149' title='bbox 658 1732 794 1780; x_wconf 88' lang='lat' dir='ltr'>quae</span> <span class='ocrx_word' id='word_1_150' title='bbox 847 1713 1096 1780; x_wconf 88' lang='lat' dir='ltr'>plurimas</span> <span class='ocrx_word' id='word_1_151' title='bbox 1136 1713 1347 1764; x_wconf 91' lang='lat' dir='ltr'>scholas</span> <span class='ocrx_word' id='word_1_152' title='bbox 1387 1714 1501 1779; x_wconf 85' lang='lat' dir='ltr'>ipsa</span> <span class='ocrx_word' id='word_1_153' title='bbox 1543 1713 1782 1764; x_wconf 80' lang='lat' dir='ltr'>fundavit</span> <span class='ocrx_word' id='word_1_154' title='bbox 1822 1722 1875 1764; x_wconf 91' lang='lat' dir='ltr'>et</span> <span class='ocrx_word' id='word_1_155' title='bbox 1914 1716 1966 1765; x_wconf 92' lang='lat' dir='ltr'>in</span> 
     </span>
     <span class='ocr_line' id='line_1_20' title="bbox 64 1795 1967 1862; baseline 0 -16"><span class='ocrx_word' id='word_1_156' title='bbox 64 1814 153 1846; x_wconf 91' lang='lat' dir='ltr'>eas</span> <span class='ocrx_word' id='word_1_157' title='bbox 192 1796 428 1856; x_wconf 86' lang='lat' dir='ltr'>scholas,</span> <span class='ocrx_word' id='word_1_158' title='bbox 484 1813 620 1862; x_wconf 90' lang='lat' dir='ltr'>quae</span> <span class='ocrx_word' id='word_1_159' title='bbox 660 1796 728 1845; x_wconf 85' lang='lat' dir='ltr'>ab</span> <span class='ocrx_word' id='word_1_160' title='bbox 771 1795 882 1845; x_wconf 90' lang='lat' dir='ltr'>aliis</span> <span class='ocrx_word' id='word_1_161' title='bbox 925 1795 1174 1844; x_wconf 84' lang='lat' dir='ltr'>fundatae</span> <span class='ocrx_word' id='word_1_162' title='bbox 1216 1803 1389 1856; x_wconf 89' lang='lat' dir='ltr'>erant,</span> <span class='ocrx_word' id='word_1_163' title='bbox 1444 1813 1713 1845; x_wconf 90' lang='lat' dir='ltr'>summum</span> <span class='ocrx_word' id='word_1_164' title='bbox 1765 1797 1845 1845; x_wconf 91' lang='lat' dir='ltr'>ius</span> <span class='ocrx_word' id='word_1_165' title='bbox 1897 1797 1967 1846; x_wconf 93' lang='lat' dir='ltr'>in-</span> 
     </span>
    </p>
   </div>
   <div class='ocr_carea' id='block_1_4' title="bbox 61 1877 1968 2010">
    <p class='ocr_par' dir='ltr' id='par_1_4' title="bbox 61 1877 1968 2010">
     <span class='ocr_line' id='line_1_21' title="bbox 61 1877 1968 1944; baseline 0.001 -16"><span class='ocrx_word' id='word_1_166' title='bbox 61 1879 349 1944; x_wconf 89' lang='lat' dir='ltr'>spectionis</span> <span class='ocrx_word' id='word_1_167' title='bbox 414 1879 623 1927; x_wconf 90' lang='lat' dir='ltr'>nemine</span> <span class='ocrx_word' id='word_1_168' title='bbox 690 1878 1090 1927; x_wconf 80' lang='lat' dir='ltr'>contradicente</span> <span class='ocrx_word' id='word_1_169' title='bbox 1157 1895 1251 1943; x_wconf 93' lang='lat' dir='ltr'>per</span> <span class='ocrx_word' id='word_1_170' title='bbox 1310 1877 1476 1927; x_wconf 85' lang='lat' dir='ltr'>multa</span> <span class='ocrx_word' id='word_1_171' title='bbox 1534 1878 1746 1928; x_wconf 85' lang='lat' dir='ltr'>saecula</span> <span class='ocrx_word' id='word_1_172' title='bbox 1805 1878 1968 1929; x_wconf 89' lang='lat' dir='ltr'>libere</span> 
     </span>
     <span class='ocr_line' id='line_1_22' title="bbox 62 1961 362 2010; baseline 0 0"><span class='ocrx_word' id='word_1_173' title='bbox 62 1961 362 2010; x_wconf 83' lang='lat' dir='ltr'>exercebat.</span> 
     </span>
    </p>
   </div>
   <div class='ocr_carea' id='block_1_5' title="bbox 61 2106 1968 2239">
    <p class='ocr_par' dir='ltr' id='par_1_5' title="bbox 61 2106 1968 2239">
     <span class='ocr_line' id='line_1_23' title="bbox 65 2106 1968 2172; baseline 0.001 -16"><span class='ocrx_word' id='word_1_174' title='bbox 65 2116 210 2170; x_wconf 89' lang='lat'><strong>594.</strong></span> <span class='ocrx_word' id='word_1_175' title='bbox 292 2106 465 2157; x_wconf 73' lang='lat' dir='ltr'>Sclcol.</span> <span class='ocrx_word' id='word_1_176' title='bbox 535 2107 621 2156; x_wconf 76' lang='lat' dir='ltr'>Ex</span> <span class='ocrx_word' id='word_1_177' title='bbox 663 2107 816 2157; x_wconf 91' lang='lat' dir='ltr'>dictis</span> <span class='ocrx_word' id='word_1_178' title='bbox 856 2124 1020 2168; x_wconf 87' lang='lat' dir='ltr'>erues,</span> <span class='ocrx_word' id='word_1_179' title='bbox 1065 2106 1193 2172; x_wconf 89' lang='lat' dir='ltr'>quid</span> <span class='ocrx_word' id='word_1_180' title='bbox 1228 2106 1295 2155; x_wconf 94' lang='lat' dir='ltr'>de</span> <span class='ocrx_word' id='word_1_181' title='bbox 1324 2106 1572 2156; x_wconf 73' lang='lat' dir='ltr'>libertale</span> <span class='ocrx_word' id='word_1_182' title='bbox 1600 2107 1968 2158; x_wconf 67' lang='lat' dir='ltr'>instructionis</span> 
     </span>
     <span class='ocr_line' id='line_1_24' title="bbox 61 2190 520 2239; baseline 0.002 -1"><span class='ocrx_word' id='word_1_183' title='bbox 61 2190 399 2239; x_wconf 89' lang='lat' dir='ltr'>sentiendum</span> <span class='ocrx_word' id='word_1_184' title='bbox 440 2190 520 2239; x_wconf 89' lang='lat' dir='ltr'>sit.</span> 
     </span>
    </p>
   </div>
   <div class='ocr_carea' id='block_1_6' title="bbox 61 2277 1968 2591">
    <p class='ocr_par' dir='ltr' id='par_1_6' title="bbox 61 2277 1968 2591">
     <span class='ocr_line' id='line_1_25' title="bbox 143 2277 1967 2330; baseline 0.002 -3"><span class='ocrx_word' id='word_1_185' title='bbox 143 2292 184 2328; x_wconf 89' lang='grc' dir='ltr'>Ι.</span> <span class='ocrx_word' id='word_1_186' title='bbox 227 2278 285 2327; x_wconf 89' lang='lat' dir='ltr'>In</span> <span class='ocrx_word' id='word_1_187' title='bbox 338 2279 523 2328; x_wconf 90' lang='lat' dir='ltr'>ordine</span> <span class='ocrx_word' id='word_1_188' title='bbox 563 2278 812 2328; x_wconf 73' lang='lat' dir='ltr'>naluralz&#39;</span> <span class='ocrx_word' id='word_1_189' title='bbox 851 2279 1136 2328; x_wconf 87' lang='lat' dir='ltr'>auctoritas</span> <span class='ocrx_word' id='word_1_190' title='bbox 1189 2277 1351 2327; x_wconf 83' lang='lat' dir='ltr'>civilis</span> <span class='ocrx_word' id='word_1_191' title='bbox 1404 2277 1569 2327; x_wconf 85' lang='lat' dir='ltr'>habet</span> <span class='ocrx_word' id='word_1_192' title='bbox 1620 2279 1699 2328; x_wconf 92' lang='lat' dir='ltr'>ius</span> <span class='ocrx_word' id='word_1_193' title='bbox 1752 2288 1805 2329; x_wconf 93' lang='lat' dir='ltr'>et</span> <span class='ocrx_word' id='word_1_194' title='bbox 1857 2280 1967 2330; x_wconf 85' lang='lat' dir='ltr'>offi-</span> 
     </span>
     <span class='ocr_line' id='line_1_26' title="bbox 62 2359 1968 2427; baseline 0.003 -19"><span class='ocrx_word' id='word_1_195' title='bbox 62 2360 201 2409; x_wconf 90' lang='lat' dir='ltr'>cium</span> <span class='ocrx_word' id='word_1_196' title='bbox 242 2361 583 2427; x_wconf 88' lang='lat' dir='ltr'>impediendi,</span> <span class='ocrx_word' id='word_1_197' title='bbox 627 2378 693 2410; x_wconf 92' lang='lat' dir='ltr'>ne</span> <span class='ocrx_word' id='word_1_198' title='bbox 735 2361 1009 2410; x_wconf 90' lang='lat' dir='ltr'>doctrinae</span> <span class='ocrx_word' id='word_1_199' title='bbox 1052 2359 1157 2425; x_wconf 92' lang='lat' dir='ltr'>legi</span> <span class='ocrx_word' id='word_1_200' title='bbox 1198 2359 1421 2409; x_wconf 89' lang='lat' dir='ltr'>naturali</span> <span class='ocrx_word' id='word_1_201' title='bbox 1462 2369 1645 2426; x_wconf 89' lang='lat' dir='ltr'>aperte</span> <span class='ocrx_word' id='word_1_202' title='bbox 1675 2364 1968 2413; x_wconf 85' lang='lat' dir='ltr'>contrariae</span> 
     </span>
     <span class='ocr_line' id='line_1_27' title="bbox 62 2442 1968 2509; baseline 0.003 -18"><span class='ocrx_word' id='word_1_203' title='bbox 62 2449 115 2491; x_wconf 90' lang='lat' dir='ltr'>et</span> <span class='ocrx_word' id='word_1_204' title='bbox 164 2443 492 2508; x_wconf 89' lang='lat' dir='ltr'>perniciosae</span> <span class='ocrx_word' id='word_1_205' title='bbox 544 2443 755 2509; x_wconf 88' lang='lat' dir='ltr'>publice</span> <span class='ocrx_word' id='word_1_206' title='bbox 805 2443 1111 2492; x_wconf 89' lang='lat' dir='ltr'>doceantur.</span> <span class='ocrx_word' id='word_1_207' title='bbox 1194 2442 1348 2493; x_wconf 89' lang='lat' dir='ltr'>Ultra</span> <span class='ocrx_word' id='word_1_208' title='bbox 1388 2442 1488 2492; x_wconf 91' lang='lat' dir='ltr'>hos</span> <span class='ocrx_word' id='word_1_209' title='bbox 1529 2442 1722 2494; x_wconf 89' lang='lat' dir='ltr'>limites</span> <span class='ocrx_word' id='word_1_210' title='bbox 1764 2444 1968 2496; x_wconf 93' lang='lat' dir='ltr'>nullum</span> 
     </span>
     <span class='ocr_line' id='line_1_28' title="bbox 61 2523 1614 2591; baseline 0.002 -18"><span class='ocrx_word' id='word_1_211' title='bbox 61 2523 226 2574; x_wconf 86' lang='lat' dir='ltr'>habet</span> <span class='ocrx_word' id='word_1_212' title='bbox 264 2525 342 2574; x_wconf 91' lang='lat' dir='ltr'>ius</span> <span class='ocrx_word' id='word_1_213' title='bbox 380 2524 618 2590; x_wconf 91' lang='lat' dir='ltr'>singulos</span> <span class='ocrx_word' id='word_1_214' title='bbox 660 2524 995 2591; x_wconf 83' lang='lat' dir='ltr'>prohibendi,</span> <span class='ocrx_word' id='word_1_215' title='bbox 1040 2525 1326 2591; x_wconf 85' lang='lat' dir='ltr'>quominus</span> <span class='ocrx_word' id='word_1_216' title='bbox 1368 2525 1614 2576; x_wconf 87' lang='lat' dir='ltr'>doceant.</span> 
     </span>
    </p>
   </div>
   <div class='ocr_carea' id='block_1_7' title="bbox 61 2613 1968 3248">
    <p class='ocr_par' dir='ltr' id='par_1_7' title="bbox 61 2613 1968 3248">
     <span class='ocr_line' id='line_1_29' title="bbox 139 2613 1968 2681; baseline 0.002 -19"><span class='ocrx_word' id='word_1_217' title='bbox 139 2626 185 2663; x_wconf 85' lang='lat'>2.</span> <span class='ocrx_word' id='word_1_218' title='bbox 229 2613 287 2662; x_wconf 91' lang='lat' dir='ltr'>In</span> <span class='ocrx_word' id='word_1_219' title='bbox 339 2614 524 2663; x_wconf 87' lang='lat' dir='ltr'>ordine</span> <span class='ocrx_word' id='word_1_220' title='bbox 563 2614 974 2679; x_wconf 69' lang='lat' dir='ltr'>supernaturali</span> <span class='ocrx_word' id='word_1_221' title='bbox 1019 2613 1133 2663; x_wconf 87' lang='lat' dir='ltr'>sola</span> <span class='ocrx_word' id='word_1_222' title='bbox 1185 2631 1279 2679; x_wconf 92' lang='lat' dir='ltr'>per</span> <span class='ocrx_word' id='word_1_223' title='bbox 1329 2631 1386 2663; x_wconf 92' lang='lat' dir='ltr'>se</span> <span class='ocrx_word' id='word_1_224' title='bbox 1426 2631 1549 2664; x_wconf 80' lang='lat' dir='ltr'>vera</span> <span class='ocrx_word' id='word_1_225' title='bbox 1603 2614 1786 2681; x_wconf 91' lang='lat' dir='ltr'>religio</span> <span class='ocrx_word' id='word_1_226' title='bbox 1841 2616 1968 2666; x_wconf 90' lang='lat' dir='ltr'>chri-</span> 
     </span>
     <span class='ocr_line' id='line_1_30' title="bbox 61 2695 1968 2762; baseline 0.003 -19"><span class='ocrx_word' id='word_1_227' title='bbox 61 2695 230 2744; x_wconf 83' lang='lat' dir='ltr'>stiana</span> <span class='ocrx_word' id='word_1_228' title='bbox 271 2695 452 2746; x_wconf 88' lang='lat' dir='ltr'>doceri</span> <span class='ocrx_word' id='word_1_229' title='bbox 491 2705 683 2762; x_wconf 91' lang='lat' dir='ltr'>potest.</span> <span class='ocrx_word' id='word_1_230' title='bbox 767 2696 907 2745; x_wconf 90' lang='lat' dir='ltr'>Hinc</span> <span class='ocrx_word' id='word_1_231' title='bbox 960 2696 1249 2746; x_wconf 85' lang='lat' dir='ltr'>auctoritas</span> <span class='ocrx_word' id='word_1_232' title='bbox 1303 2695 1489 2757; x_wconf 83' lang='lat' dir='ltr'>civilis,</span> <span class='ocrx_word' id='word_1_233' title='bbox 1548 2696 1737 2747; x_wconf 88' lang='lat' dir='ltr'>saltem</span> <span class='ocrx_word' id='word_1_234' title='bbox 1791 2698 1968 2748; x_wconf 85' lang='lat' dir='ltr'>catho-</span> 
     </span>
     <span class='ocr_line' id='line_1_31' title="bbox 63 2775 1966 2846; baseline 0.002 -20"><span class='ocrx_word' id='word_1_235' title='bbox 63 2775 161 2826; x_wconf 83' lang='lat' dir='ltr'>lica</span> <span class='ocrx_word' id='word_1_236' title='bbox 212 2786 265 2826; x_wconf 89' lang='lat' dir='ltr'>et</span> <span class='ocrx_word' id='word_1_237' title='bbox 316 2778 367 2827; x_wconf 93' lang='lat' dir='ltr'>in</span> <span class='ocrx_word' id='word_1_238' title='bbox 419 2778 594 2844; x_wconf 88' lang='lat' dir='ltr'>regnis</span> <span class='ocrx_word' id='word_1_239' title='bbox 646 2777 948 2838; x_wconf 87' lang='lat' dir='ltr'>catholicis,</span> <span class='ocrx_word' id='word_1_240' title='bbox 1005 2795 1099 2844; x_wconf 91' lang='lat' dir='ltr'>per</span> <span class='ocrx_word' id='word_1_241' title='bbox 1150 2795 1206 2827; x_wconf 88' lang='lat' dir='ltr'>se</span> <span class='ocrx_word' id='word_1_242' title='bbox 1258 2778 1564 2843; x_wconf 83' lang='lat' dir='ltr'>permittere</span> <span class='ocrx_word' id='word_1_243' title='bbox 1616 2797 1724 2829; x_wconf 93' lang='lat' dir='ltr'>non</span> <span class='ocrx_word' id='word_1_244' title='bbox 1770 2788 1966 2846; x_wconf 80' lang='lat' dir='ltr'>potest,</span> 
     </span>
     <span class='ocr_line' id='line_1_32' title="bbox 63 2859 1966 2926; baseline 0.003 -19"><span class='ocrx_word' id='word_1_245' title='bbox 63 2867 122 2908; x_wconf 91' lang='lat' dir='ltr'>ut</span> <span class='ocrx_word' id='word_1_246' title='bbox 172 2859 443 2924; x_wconf 88' lang='lat' dir='ltr'>quaelibet</span> <span class='ocrx_word' id='word_1_247' title='bbox 493 2869 639 2909; x_wconf 91' lang='lat' dir='ltr'>secta</span> <span class='ocrx_word' id='word_1_248' title='bbox 691 2877 893 2910; x_wconf 89' lang='lat' dir='ltr'>errores</span> <span class='ocrx_word' id='word_1_249' title='bbox 944 2877 1070 2909; x_wconf 91' lang='lat' dir='ltr'>suos</span> <span class='ocrx_word' id='word_1_250' title='bbox 1123 2859 1174 2909; x_wconf 91' lang='lat' dir='ltr'>in</span> <span class='ocrx_word' id='word_1_251' title='bbox 1229 2859 1425 2910; x_wconf 89' lang='lat' dir='ltr'>scholis</span> <span class='ocrx_word' id='word_1_252' title='bbox 1481 2860 1692 2926; x_wconf 90' lang='lat' dir='ltr'>publice</span> <span class='ocrx_word' id='word_1_253' title='bbox 1757 2863 1966 2913; x_wconf 86' lang='lat' dir='ltr'>doceat.</span> 
     </span>
     <span class='ocr_line' id='line_1_33' title="bbox 65 2938 1966 3009; baseline 0.002 -19"><span class='ocrx_word' id='word_1_254' title='bbox 65 2938 271 3004; x_wconf 75' lang='lat' dir='ltr'>Quodsi</span> <span class='ocrx_word' id='word_1_255' title='bbox 312 2958 406 3007; x_wconf 90' lang='lat' dir='ltr'>per</span> <span class='ocrx_word' id='word_1_256' title='bbox 456 2942 787 3008; x_wconf 88' lang='lat' dir='ltr'>iniquitatem</span> <span class='ocrx_word' id='word_1_257' title='bbox 840 2952 1144 3008; x_wconf 90' lang='lat' dir='ltr'>temporum</span> <span class='ocrx_word' id='word_1_258' title='bbox 1198 2941 1472 2992; x_wconf 82' lang='lat' dir='ltr'>catholicis</span> <span class='ocrx_word' id='word_1_259' title='bbox 1526 2942 1833 3009; x_wconf 90' lang='lat' dir='ltr'>eligendum</span> <span class='ocrx_word' id='word_1_260' title='bbox 1885 2945 1966 3006; x_wconf 92' lang='lat' dir='ltr'>sit,</span> 
     </span>
     <span class='ocr_line' id='line_1_34' title="bbox 64 3023 1965 3090; baseline 0.002 -19"><span class='ocrx_word' id='word_1_261' title='bbox 64 3029 122 3071; x_wconf 93' lang='lat' dir='ltr'>ut</span> <span class='ocrx_word' id='word_1_262' title='bbox 172 3031 261 3072; x_wconf 86' lang='lat' dir='ltr'>aut</span> <span class='ocrx_word' id='word_1_263' title='bbox 311 3023 539 3074; x_wconf 87' lang='lat' dir='ltr'>infantes</span> <span class='ocrx_word' id='word_1_264' title='bbox 588 3041 715 3074; x_wconf 87' lang='lat' dir='ltr'>suos</span> <span class='ocrx_word' id='word_1_265' title='bbox 765 3023 962 3074; x_wconf 89' lang='lat' dir='ltr'>scholis</span> <span class='ocrx_word' id='word_1_266' title='bbox 1016 3024 1256 3090; x_wconf 89' lang='lat' dir='ltr'>gubernii</span> <span class='ocrx_word' id='word_1_267' title='bbox 1309 3026 1693 3090; x_wconf 83' lang='lat' dir='ltr'>pervertendos</span> <span class='ocrx_word' id='word_1_268' title='bbox 1739 3026 1965 3087; x_wconf 89' lang='lat' dir='ltr'>tradant,</span> 
     </span>
     <span class='ocr_line' id='line_1_35' title="bbox 65 3105 1968 3158; baseline 0.003 -6"><span class='ocrx_word' id='word_1_269' title='bbox 65 3111 156 3153; x_wconf 85' lang='lat' dir='ltr'>aut</span> <span class='ocrx_word' id='word_1_270' title='bbox 212 3105 263 3154; x_wconf 93' lang='lat' dir='ltr'>in</span> <span class='ocrx_word' id='word_1_271' title='bbox 323 3106 688 3156; x_wconf 88' lang='lat' dir='ltr'>omnimodam</span> <span class='ocrx_word' id='word_1_272' title='bbox 749 3106 1047 3156; x_wconf 89' lang='lat' dir='ltr'>libertatem</span> <span class='ocrx_word' id='word_1_273' title='bbox 1112 3106 1470 3156; x_wconf 88' lang='lat' dir='ltr'>instructionis</span> <span class='ocrx_word' id='word_1_274' title='bbox 1537 3108 1783 3157; x_wconf 89' lang='lat' dir='ltr'>omnibus</span> <span class='ocrx_word' id='word_1_275' title='bbox 1848 3125 1968 3158; x_wconf 93' lang='lat' dir='ltr'>con-</span> 
     </span>
     <span class='ocr_line' id='line_1_36' title="bbox 67 3187 1968 3248; baseline 0.003 -14"><span class='ocrx_word' id='word_1_276' title='bbox 67 3201 271 3236; x_wconf 88' lang='lat' dir='ltr'>cessam</span> <span class='ocrx_word' id='word_1_277' title='bbox 311 3189 658 3248; x_wconf 86' lang='lat' dir='ltr'>consentiant,</span> <span class='ocrx_word' id='word_1_278' title='bbox 703 3196 845 3239; x_wconf 86' lang='lat' dir='ltr'>recte</span> <span class='ocrx_word' id='word_1_279' title='bbox 885 3188 1022 3238; x_wconf 89' lang='lat' dir='ltr'>hanc</span> <span class='ocrx_word' id='word_1_280' title='bbox 1062 3187 1378 3237; x_wconf 85' lang='lat' dir='ltr'>illimitatam</span> <span class='ocrx_word' id='word_1_281' title='bbox 1419 3187 1718 3238; x_wconf 87' lang='lat' dir='ltr'>libertatem</span> <span class='ocrx_word' id='word_1_282' title='bbox 1752 3190 1968 3240; x_wconf 87' lang='lat' dir='ltr'>instruc-</span> 
     </span>
    </p>
   </div>
   <div class='ocr_carea' id='block_1_8' title="bbox 64 3267 1970 3406">
    <p class='ocr_par' dir='ltr' id='par_1_8' title="bbox 64 3267 1970 3406">
     <span class='ocr_line' id='line_1_37' title="bbox 64 3267 1970 3337; baseline 0.003 -21"><span class='ocrx_word' id='word_1_283' title='bbox 64 3267 220 3317; x_wconf 87' lang='lat' dir='ltr'>tionis</span> <span class='ocrx_word' id='word_1_284' title='bbox 272 3277 544 3336; x_wconf 89' lang='lat' dir='ltr'>tamquam</span> <span class='ocrx_word' id='word_1_285' title='bbox 596 3270 769 3320; x_wconf 89' lang='lat' dir='ltr'>minus</span> <span class='ocrx_word' id='word_1_286' title='bbox 820 3269 1019 3320; x_wconf 90' lang='lat' dir='ltr'>malum</span> <span class='ocrx_word' id='word_1_287' title='bbox 1071 3270 1352 3320; x_wconf 87' lang='lat' dir='ltr'>admittere</span> <span class='ocrx_word' id='word_1_288' title='bbox 1402 3278 1491 3320; x_wconf 87' lang='lat' dir='ltr'>aut</span> <span class='ocrx_word' id='word_1_289' title='bbox 1543 3269 1702 3320; x_wconf 83' lang='lat' dir='ltr'>etiam</span> <span class='ocrx_word' id='word_1_290' title='bbox 1754 3271 1970 3337; x_wconf 80' lang='lat' dir='ltr'>exigere</span> 
     </span>
     <span class='ocr_line' id='line_1_38' title="bbox 67 3352 306 3406; baseline 0.021 -17"><span class='ocrx_word' id='word_1_291' title='bbox 67 3352 306 3406; x_wconf 88' lang='lat' dir='ltr'>possunt.</span> 
     </span>
    </p>
   </div>
   <div class='ocr_carea' id='block_1_9' title="bbox 157 3432 1700 3478">
    <p class='ocr_par' dir='ltr' id='par_1_9' title="bbox 157 3432 1700 3478">
     <span class='ocr_line' id='line_1_39' title="bbox 157 3432 1700 3478; baseline 0.004 -12"><span class='ocrx_word' id='word_1_292' title='bbox 157 3434 395 3478; x_wconf 85' lang='lat' dir='ltr'>Cathrein‚</span> <span class='ocrx_word' id='word_1_293' title='bbox 422 3436 554 3469; x_wconf 86' lang='lat' dir='ltr'>Philos.</span> <span class='ocrx_word' id='word_1_294' title='bbox 583 3437 737 3470; x_wconf 87' lang='lat' dir='ltr'>moralis.</span> <span class='ocrx_word' id='word_1_295' title='bbox 779 3437 844 3470; x_wconf 90' lang='lat' dir='ltr'>Ed.</span> <span class='ocrx_word' id='word_1_296' title='bbox 873 3447 905 3477; x_wconf 82' lang='grc'>5.</span> <span class='ocrx_word' id='word_1_297' title='bbox 1646 3432 1700 3472; x_wconf 87' lang='grc'>28</span> 
     </span>
    </p>
   </div>
  </div>
 </body>
</html>
