2182 3682
538 164 625 193 LIB.
662 164 708 192 Il'.
757 163 856 193 CAP.
892 163 959 192 ΙΙΙ.
1005 163 1068 191 DE
1104 162 1358 191 SOCIETATE
1393 162 1550 192 CIVILI.
1867 165 1969 214 401

86 301 313 361 carebat,
358 300 613 366 quamdiu
654 308 706 349 et
745 299 1104 349 sacerdotium
1145 307 1198 348 et
1233 298 1480 348 nobilitas
1508 300 1978 350 accommodatum

83 382 152 432 illi
191 381 553 447 aequilibrium
596 380 794 430 morale
836 389 888 430 et
934 380 1205 447 politicum
1248 380 1737 431 subministrabant.

88 525 233 579 535.
314 514 602 564 Destructo
643 531 738 580 per
777 512 1383 579 pseudophilosophiam
1423 512 1619 562 saeculi
1659 512 1843 561 XVIII
1877 512 1981 563 hoc

83 596 303 646 naturali
369 606 422 646 et
486 596 738 646 historico
806 596 1112 660 organismo
1172 594 1402 661 populus
1460 612 1567 644 non
1627 595 1724 643 nisi
1782 594 1982 644 civibus

81 678 190 727 iure
238 677 549 743 aequalibus
598 677 868 743 (cz'foyensj
923 686 1166 726 constare
1219 676 1534 741 fingebatur.
1617 675 1752 725 Mox
1803 684 1980 725 tamen

81 760 395 809 necessitate
424 768 652 825 cogente
692 759 1004 808 societatem
1044 759 1094 807 in
1137 775 1306 807 novos
1347 766 1514 807 status
1555 757 1849 807 artificiales
1887 775 1980 807 seu

82 841 276 891 classes
317 842 705 891 distribuebant
744 858 840 907 pro
884 841 1089 890 diversa
1131 841 1319 889 civium
1361 840 1430 889 ad
1471 848 1669 889 statum
1710 838 1980 905 publicum

81 922 349 972 relatione.
450 923 659 972 Horum
719 931 949 972 statuum
1010 922 1349 988 politicorum
1407 938 1438 971 a
1498 921 1674 971 multis
1734 929 1984 987 quattuor

81 1005 499 1071 distinguuntur:

154 1095 204 1159 a)
246 1094 425 1144 classis
447 1094 771 1159 gubernans,
807 1092 898 1142 501.
931 1094 1196 1159 principes
1225 1101 1277 1142 et
1306 1094 1674 1158 magistratus3
1717 1093 1773 1157 b)
1804 1092 1984 1142 classis

80 1176 488 1237 arislocratl'ca,
542 1176 756 1225 nomine
808 1184 860 1225 et
917 1176 1107 1224 divitiis
1163 1174 1398 1241 pollens;
1455 1176 1502 1238 c)
1560 1184 1727 1224 status
1778 1175 1980 1237 sestius,

79 1256 168 1307 scl.
216 1258 356 1307 cives
408 1259 567 1307 animi
619 1257 824 1307 cultura
875 1264 928 1307 et
981 1258 1330 1307 oeconomica
1382 1257 1797 1322 independentia
1838 1274 1982 1323 prae-

79 1341 385 1402 stantiores3
446 1341 500 1404 d)
553 1348 719 1389 status
773 1348 1023 1404 quassu&
1082 1339 1546 1405 comprehendens
1604 1357 1790 1389 omnes
1842 1340 1983 1389 cives

81 1421 354 1471 inferiores
395 1422 460 1485 (V.
503 1439 551 1488 g.
598 1423 885 1487 operarios,
930 1418 1279 1490 proletarios).
1350 1420 1459 1471 Sed
1499 1421 1600 1470 hae
1642 1421 1836 1471 classes
1876 1423 1984 1471 veri

78 1505 305 1553 nominis
345 1513 513 1553 status
555 1521 659 1553 non
702 1512 836 1564 sunt,
883 1521 1002 1552 cum
1045 1521 1142 1553 nec
1186 1505 1312 1552 satis
1356 1504 1511 1552 certis
1552 1503 1805 1552 limitibus
1845 1504 1980 1552 intra

78 1603 136 1635 se
202 1586 591 1651 distinguantur
655 1603 753 1635 nec
812 1586 918 1634 iura
980 1585 1247 1651 quaedam
1307 1584 1555 1651 specialia
1615 1585 1714 1634 sibi
1773 1602 1983 1635 annexa

79 1667 326 1718 habeant.
408 1668 684 1718 Praeterea
738 1667 1024 1717 fundantur
1078 1667 1184 1717 fere
1237 1668 1389 1716 unice
1440 1668 1491 1716 in
1550 1668 1852 1717 diversitate
1910 1667 1980 1717 di-

80 1750 350 1810 vitiarum,
407 1749 682 1799 elementis
734 1749 991 1799 idealibus
1041 1749 1202 1813 (clero
1246 1758 1297 1798 et
1338 1749 1618 1812 nobilitati)
1661 1748 1836 1799 locum
1878 1767 1985 1800 non

82 1831 412 1897 relinquunt,
482 1832 751 1898 perpetuis
815 1832 1197 1881 mutationibus
1256 1841 1379 1881 sunt
1439 1832 1738 1893 obnoxiae,
1800 1833 1871 1881 ita
1928 1841 1985 1882 ut

78 1914 304 1963 societas
345 1913 686 1963 stabilitatem
728 1914 852 1963 inde
893 1913 1091 1963 nullam
1134 1914 1371 1978 accipiat.
1443 1913 1573 1963 Ideo
1615 1914 1774 1963 hodie
1816 1913 1981 1975 multi,

79 2004 135 2045 ut
175 1996 487 2045 societatem
530 2005 610 2045 tot
651 1997 1139 2062 perturbationibus
1180 1997 1433 2061 agitatam
1478 1997 1528 2045 in
1560 1996 1834 2045 meliorem
1864 2014 1984 2046 con-

80 2078 346 2127 dicionem
374 2079 629 2128 reducant
657 2096 883 2144 eamque
913 2078 1138 2139 firment,
1181 2087 1351 2127 status
1379 2077 1496 2127 illos
1526 2078 1772 2143 pristinos
1800 2095 1983 2128 secun-

81 2159 209 2209 dum
250 2160 533 2210 hodiernas
575 2161 871 2226 exigentias
912 2160 1318 2210 transformatos
1359 2161 1668 2210 resuscitare
1710 2168 1980 2211 conantur.

709 2321 736 2375 g
773 2334 809 2374 3.
859 2323 938 2361 DE
970 2323 1347 2362 TERRITORIO.

85 2422 229 2487 536.
309 2424 401 2474 Ad
444 2426 872 2475 constituendum
914 2442 1106 2491 corpus
1142 2423 1418 2490 politicum
1446 2423 1601 2473 simul
1631 2441 1752 2473 cum
1782 2424 1983 2490 populo

81 2507 238 2556 etiam
304 2508 640 2557 lerrz'torz'zmz
704 2507 881 2573 aliquo
942 2507 1107 2556 modo
1175 2506 1512 2556 materialiter
1578 2508 1857 2557 concurrit.
1913 2538 1985 2542 —

81 2587 222 2637 Hinc
274 2590 451 2654 quaeri
503 2590 665 2651 solet,
720 2607 845 2639 num
898 2589 1236 2639 lcrrz'z‘orilmz
1278 2589 1539 2655 pertineat
1591 2589 1657 2638 ad
1699 2590 1983 2639 essentiam

82 2670 320 2721 civitatis

156 2752 617 2818 Respondendum
658 2754 867 2803 videtur
919 2754 968 2816 a)
1010 2771 1117 2802 non
1169 2754 1431 2818 pertinere
1483 2753 1662 2802 stricte
1703 2753 1771 2803 ad
1813 2770 1983 2803 essen-

82 2834 234 2895 tiam,
292 2835 388 2884 sed
444 2836 499 2900 b)
553 2853 668 2885 esse
725 2835 1180 2901 complementum
1236 2835 1476 2884 eiusdem
1529 2844 1581 2884 et
1634 2836 1982 2885 necessariam

83 2916 454 2966 condicionem
495 2918 562 2967 ad
603 2917 988 2984 perfectionem
1031 2918 1268 2967 civitatis.

154 2997 401 3049 Prz'mmlz
463 3017 530 3049 ex
591 3018 655 3049 eo
715 3008 893 3066 patet,
957 2999 1106 3065 quod
1165 3000 1445 3065 supposita
1504 3001 1697 3049 unione
1757 2999 1983 3066 plurium

83 3078 391 3130 familiarum
444 3083 544 3131 sub
601 3082 777 3148 aliqua
828 3082 1144 3132 auctoritate
1196 3099 1472 3147 suprema,
1533 3083 1616 3131 cui
1672 3089 1984 3147 competant

83 3161 194 3211 iura
233 3164 529 3214 essentialia
569 3165 849 3230 potestatis
891 3163 1154 3230 politicae,
1200 3165 1378 3213 omnia
1412 3164 1480 3213 ad
1510 3165 1791 3213 essentiam
1821 3164 1983 3213 socie-

83 3244 203 3293 tatis
256 3245 418 3296 civilis
459 3248 707 3313 requisita
748 3247 946 3309 adsint3
1001 3246 1096 3295 sed
1138 3246 1271 3295 haec
1313 3247 1491 3296 omnia
1530 3247 1717 3295 adesse
1758 3253 1984 3311 possunt

84 3326 195 3375 sine
235 3329 510 3378 territorio
580 3328 666 3379 Sic
694 3348 741 3380 v.
774 3346 824 3395 g.
857 3329 1088 3395 populus
1127 3328 1433 3378 israeliticus
1472 3329 1523 3377 in
1563 3328 1775 3377 deserto
1803 3344 1983 3378 veram

46 3410 49 3411 ⁷
176 3418 416 3461 Cathrein,
442 3420 577 3452 Philos.
605 3420 761 3454 moralis.
804 3422 871 3454 Ed.
900 3433 932 3462 5.
1663 3417 1717 3456 26
