2182 3682
358 178 444 209 LIB.
479 178 507 208 Ι.
554 178 652 206 CAP.
689 177 716 209 Ι.
761 178 823 206 DE
855 178 1051 207 OFFICIIS
1087 178 1290 208 HOMINIS
1323 179 1449 208 ERGA
1482 180 1630 209 DEUM.
1839 180 1942 233 217

126 311 493 382 Haecrofficia
531 320 775 378 spectato
815 310 931 362 solo
981 312 1165 361 ordine
1213 312 1435 361 naturali
1476 315 1763 364 commode
1805 332 1945 381 revo-

54 396 159 446 cari
198 402 422 463 possunt
459 394 529 444 ad
570 393 745 444 officia
784 394 992 454 amoriS‚
1035 394 1148 459 spei
1188 401 1241 442 et
1281 392 1564 459 religionis,
1607 397 1705 446 sub
1734 397 1948 447 nomine

54 466 319 542 religionis
347 476 507 526 etiam
547 474 1057 541 comprehendendo
1098 474 1511 534 oboedientiam,
1556 478 1946 542 gratitudinem,

55 557 364 609 fidelitatem
404 573 532 623 erga
571 557 776 618 Deum,
830 573 969 623 quae
1007 556 1305 606 secundum
1355 556 1551 607 multos
1598 566 1843 609 auctores
1883 560 1950 610 ab

53 640 234 691 habitu
276 638 542 705 religionis
582 655 688 689 non
729 639 1135 704 distinguuntur.

128 727 365 777 Virtutes
392 726 730 793 theologicae
758 727 809 776 in
838 726 1023 776 ordine
1052 725 1272 777 naturali
1299 743 1405 776 non
1439 727 1767 778 exsisterent.
1812 729 1952 778 Nam

52 810 266 861 virtutes
307 807 645 874 theologicae
686 808 886 858 habent
926 808 1105 858 Deum
1146 827 1243 874 pro
1286 808 1499 859 obiecto
1540 817 1652 859 tum
1699 809 1954 860 materiali

53 890 260 957 (saltem
300 889 592 957 principali)
635 898 750 940 tum
791 889 1019 950 formali,
1064 899 1117 940 et
1157 891 1374 956 quidem
1416 900 1574 957 prout
1613 892 1829 942 excedit
1869 910 1953 942 co-

53 973 346 1040 gnitionem
386 971 678 1022 naturalem
719 972 934 1021 rationis
975 971 1049 1036 (S.
1103 972 1288 1022 Tlmm.
1341 986 1380 1034 1,
1439 986 1494 1033 2,
1549 991 1600 1039 q.
1644 973 1737 1035 62,
1792 991 1835 1023 a.
1882 975 1949 1037 2).

53 1055 386 1105 Exsisterent
413 1061 592 1104 tamen
620 1054 669 1103 in
713 1053 898 1103 ordine
926 1053 1146 1103 naturali
1174 1054 1392 1104 virtutes
1433 1053 1639 1121 aliquae
1667 1056 1782 1121 spei
1810 1056 1954 1106 theo-

53 1136 260 1202 logicae
314 1143 367 1186 et
419 1136 623 1186 caritati
678 1135 1188 1202 correspondentes,
1246 1136 1338 1186 scl.
1392 1153 1516 1202 spes
1571 1137 1621 1186 in
1673 1137 1851 1187 Deum
1902 1146 1955 1188 et

53 1236 202 1269 amor
241 1217 480 1268 eiusdem
519 1235 678 1284 super
718 1218 896 1267 omnia
938 1218 1005 1282 (n.
1047 1219 1183 1281 144).
1253 1217 1496 1284 Utraque
1530 1219 1692 1269 virtus
1733 1220 1954 1270 haberet

55 1300 232 1350 Deum
272 1308 330 1350 ut
370 1300 656 1361 obiectum,
700 1300 796 1350 sed
826 1308 984 1366 prout
1024 1300 1255 1350 humana
1296 1300 1497 1350 ratione
1530 1302 1717 1367 attingi
1750 1310 1949 1368 potest;

53 1390 239 1433 neutra
278 1382 437 1433 etiam
478 1391 617 1432 esset
658 1383 820 1432 virtus
860 1399 954 1448 per
994 1399 1049 1431 se
1091 1382 1275 1432 infusa.

749 1565 1016 1614 THESIS
1053 1568 1252 1614 XLIV.

64 1676 207 1728 266.
277 1687 486 1742 Homo,
525 1692 777 1747 spectato
817 1686 986 1733 etiam
1025 1686 1219 1734 ordine
1258 1701 1414 1734 mere
1442 1686 1693 1743 naturali,
1732 1693 1955 1734 tenetur

62 1775 174 1808 non
211 1761 397 1809 solum
436 1775 664 1822 sperare
695 1775 725 1807 a
753 1761 873 1808 Deo
900 1760 1306 1808 beatitudinem
1335 1776 1467 1809 cum
1494 1761 1706 1809 auxiliis
1731 1763 1800 1808 ad
1827 1776 1953 1808 eam

61 1835 406 1893 necessariiS‚
444 1837 545 1883 sed
583 1837 829 1883 eundem
869 1835 1038 1883 etiam
1076 1850 1249 1896 super
1285 1836 1476 1884 omnia
1502 1843 1686 1884 creata
1713 1836 1953 1898 diligere.

355 1950 418 2005 (S.
460 1953 600 1992 Thom.
638 1965 674 2001 2,
711 1965 748 2002 2,
785 1968 822 2006 q.
866 1963 928 2004 17,
965 1968 999 1993 a.
1041 1966 1054 1992 1
1095 1963 1135 1993 et
1171 1965 1218 2001 2;
1254 1969 1292 2006 q.
1330 1955 1396 2003 26,
1432 1969 1466 1993 a.
1510 1952 1657 2005 1—-3.)

132 2071 298 2111 PARS
328 2073 360 2111 I.
429 2072 642 2111 Tenetur
672 2084 874 2122 sperare
908 2073 1265 2113 beatitudinem.

129 2167 294 2215 Prob.
374 2166 479 2233 Qui
530 2175 737 2217 tenetur
777 2168 844 2217 ad
898 2168 1084 2230 finem,
1141 2177 1347 2219 tenetur
1388 2186 1604 2235 quoque
1656 2169 1724 2219 ad
1778 2169 1954 2218 media

54 2249 361 2299 necessaria.
423 2249 593 2315 Atqui
630 2249 794 2299 homo
829 2259 1038 2300 tenetur
1078 2251 1297 2300 tendere
1337 2252 1388 2301 in
1425 2251 1809 2301 beatitudinem
1843 2268 1952 2317 per-

54 2329 248 2381 fectam
295 2331 508 2381 alterius
548 2332 712 2392 vitae,
767 2340 820 2382 et
861 2333 1092 2382 medium
1134 2334 1200 2382 ad
1249 2333 1302 2383 id
1343 2333 1696 2383 necessarium
1739 2342 1843 2394 est,
1900 2341 1955 2383 ut

51 2420 230 2479 speret
275 2430 305 2463 a
346 2414 466 2464 Deo
508 2414 893 2464 beatitudinem
946 2432 1068 2464 cum
1108 2414 1313 2465 auxiliis
1353 2415 1420 2465 ad
1463 2432 1581 2466 eam
1632 2416 1952 2466 necessariis,

54 2494 206 2561 Ergo
251 2537 259 2546 .
295 2538 302 2546 .
338 2537 345 2545 .

127 2599 284 2649 Proh.
320 2599 445 2649 min.
513 2614 552 2650 Ι.
585 2599 821 2650 Tenetur
848 2599 1012 2650 homo
1047 2600 1267 2650 tendere
1307 2600 1357 2650 in
1387 2601 1788 2664 beatitudinem,
1832 2603 1955 2668 quia

52 2680 185 2731 haec
225 2690 305 2731 est
345 2681 561 2732 ultimus
601 2682 739 2743 finis,
783 2683 835 2732 in
876 2699 1037 2748 quem
1078 2683 1325 2733 conditus
1367 2692 1419 2732 et
1460 2691 1646 2734 natura
1684 2701 1780 2734 sua
1821 2685 1953 2734 ordi-

51 2770 204 2812 natus
244 2772 337 2814 est.
400 2762 693 2830 Supremus
730 2764 846 2814 finis
886 2764 1039 2814 huius
1072 2765 1209 2814 vitae
1250 2774 1329 2814 est
1371 2766 1648 2832 dispositio
1688 2766 1757 2816 ad
1795 2766 1954 2816 beati-

53 2844 291 2894 tudinem
332 2845 385 2895 in
424 2845 532 2896 vita
572 2846 745 2896 futura
786 2847 1222 2913 consequendam
1263 2847 1331 2911 (n.
1378 2848 1482 2911 27).

130 2947 176 2983 2.
227 2934 512 2985 Beatitudo
554 2943 635 2986 est
674 2936 877 2986 bonum
919 2936 1165 2998 arduum,
1218 2937 1284 2986 ad
1328 2937 1475 3002 quod
1518 2937 1953 3003 consequendum

54 3014 219 3066 multa
259 3016 537 3067 obstacula
568 3026 692 3068 sunt
730 3018 1047 3084 superanda.
1106 3019 1282 3068 Nemo
1323 3026 1501 3069 autem
1532 3010 1703 3069 tendit
1740 3020 1790 3068 in
1825 3020 1952 3069 eius-

54 3097 200 3147 modi
232 3098 431 3148 bonum
473 3100 570 3149 nisi
610 3099 773 3150 fretus
812 3117 908 3166 spe
943 3100 1075 3150 haec
1117 3100 1393 3151 obstacula
1433 3102 1729 3167 superandi.
1789 3100 1952 3150 Porro

51 3179 120 3229 ad
160 3179 293 3231 haec
333 3180 612 3232 obstacula
650 3182 953 3248 superanda
992 3183 1254 3248 indigeret
1294 3182 1497 3232 auxiliis
1537 3183 1744 3232 divinae
1785 3183 1953 3248 provi-

53 3259 288 3323 dentiae,
343 3280 481 3328 quae
522 3264 669 3313 Deus
709 3281 807 3330 pro
848 3281 943 3314 sua
984 3264 1223 3314 bonitate
1263 3265 1314 3314 in
1357 3282 1477 3314 eum
1517 3265 1750 3333 speranti
1790 3273 1843 3314 et
1884 3264 1950 3315 fa-

54 3341 224 3404 cienti,
267 3343 413 3410 quod
452 3345 504 3396 in
543 3362 600 3396 se
640 3353 735 3406 est,
779 3363 887 3399 non
928 3346 1233 3416 denegaret,
