2182 3682
588 184 740 213 CAPUT
774 184 816 213 V.
868 185 930 212 DE
965 184 1084 212 LEGE
1120 184 1376 213 NATURALI.
1834 187 1927 241 135

38 320 159 370 huic
211 319 509 368 auctoritati
556 317 827 367 subiectos
866 319 1148 378 sentimuS‚
1203 335 1429 384 eamque
1472 338 1768 371 reveremur
1807 331 1933 372 tam-

39 417 200 467 quam
239 399 571 448 maiestatem
612 415 641 447 a
681 399 836 448 nobis
877 399 1182 448 distinctam
1222 401 1576 464 superiorem,
1633 403 1936 453 universalis

37 481 236 532 ordinis
275 479 556 530 custodem
595 480 997 529 sanctissimum.
1067 479 1242 529 Laeso
1283 497 1409 530 vero
1450 499 1479 530 a
1520 483 1674 531 nobis
1715 484 1818 534 hoc
1859 502 1935 534 or-

39 553 174 612 dine
214 548 356 610 illam
407 562 578 627 ipsam
631 560 829 610 laesam
881 569 932 610 et
972 562 1177 611 interna
1218 562 1574 612 conscientiae
1614 581 1747 613 voce
1788 567 1938 630 quasi

40 644 370 694 minitantem
425 643 690 692 vindicem
746 643 1006 692 timemus.
1089 643 1281 708 Neque
1330 642 1545 709 publica
1585 644 1784 705 solum,
1844 647 1938 695 sed

36 724 118 776 vel
159 725 390 774 maxime
432 724 706 774 recondita
756 725 972 773 crimina
1025 724 1110 775 hic
1162 726 1320 774 timor
1372 726 1680 786 comitatur,
1737 727 1940 776 etiamsi

38 805 213 857 nullus
253 807 416 855 iudex
456 805 717 855 humanus
758 806 1025 855 timendus
1066 808 1144 855 sit.

112 889 277 936 Prob.
326 903 370 949 3.
448 888 535 936 Ex
586 889 856 959 communi
909 887 1184 957 hominum
1235 890 1592 954 persuasione.
1683 888 1941 939 Omnium

37 969 367 1042 populorum
403 978 455 1019 et
495 977 799 1035 temporum
828 956 1174 1018 monumenta
1203 970 1452 1020 historica
1480 977 1740 1020 testantur
1767 965 1941 1036 legem

37 1050 329 1119 naturalem
358 1051 568 1117 ubique
609 1060 660 1100 et
700 1068 914 1116 semper
955 1050 1111 1100 fuisse
1154 1052 1427 1116 cognitam
1469 1061 1520 1101 et
1550 1052 1787 1118 agnitam
1815 1061 1943 1102 tam-

39 1150 198 1203 quarn
254 1112 430 1205 legem
484 1133 731 1182 divinam.
812 1132 979 1199 Apud
1034 1150 1221 1182 omnes
1274 1133 1380 1183 fere
1422 1143 1610 1198 gentes
1650 1134 1944 1184 invenimus

36 1208 274 1265 studium
315 1214 562 1280 placandi
603 1232 797 1264 numen
840 1224 963 1281 post
1004 1223 1212 1280 patrata
1254 1216 1496 1276 crimina,
1541 1215 1741 1281 ubique
1786 1217 1945 1266 etiam

41 1297 112 1347 dii
162 1303 439 1362 tamquam
491 1306 915 1346 remuneratores
967 1297 1233 1346 bonorum
1285 1305 1337 1347 et
1393 1257 1655 1346 malorum
1710 1298 1946 1348 vindices

41 1377 368 1429 colebantur.
438 1378 709 1428 Praeclare
751 1396 877 1445 prae
918 1380 1106 1429 ceteris
1152 1377 1336 1428 Cicero
1378 1378 1511 1444 legis
1552 1379 1801 1429 naturalis
1841 1381 1945 1429 uni-

40 1459 396 1510 versalitatem
462 1461 807 1526 eiusdemque
873 1461 1106 1510 divinam
1171 1460 1407 1510 indolem
1474 1460 1649 1510 multis
1707 1461 1759 1510 in
1819 1460 1948 1511 locis

41 1541 354 1592 declaravit:
410 1542 621 1607 Fragm.
667 1543 752 1591 De
805 1542 1008 1608 republ.
1061 1542 1089 1592 l.
1137 1557 1162 1606 3
1210 1543 1370 1608 (apud
1414 1541 1729 1603 Laudant„
1770 1543 1945 1594 Divin.

40 1623 256 1674 institut.
302 1623 332 1673 1.
377 1624 425 1684 6,
470 1641 513 1674 c.
561 1626 639 1688 8);
685 1625 769 1673 De
811 1624 968 1690 legib.
1014 1624 1043 1673 l.
1097 1639 1137 1685 Ι,
1183 1642 1225 1675 6.
1281 1639 1337 1674 12
1382 1634 1435 1674 et
1464 1642 1506 1675 6.
1548 1626 1784 1687 14—163
1830 1625 1859 1675 l.
1895 1639 1942 1685 2,

43 1723 87 1756 6.
118 1721 178 1768 4;
224 1706 323 1756 Pro
353 1705 554 1756 Milone
583 1724 626 1756 c.
658 1721 724 1769 43
768 1706 992 1772 Philipp.
1026 1707 1116 1767 XI,
1162 1724 1203 1757 c.
1244 1721 1322 1767 12,
1367 1725 1415 1757 n.
1451 1709 1533 1756 28.
1603 1705 1701 1770 (Cf.
1733 1706 1942 1772 Mqver,

43 1788 267 1838 Institut.
299 1789 391 1838 iur.
424 1797 528 1838 nat.
560 1788 597 1849 I,
630 1806 678 1839 n.
714 1799 834 1852 251.
902 1788 1147 1838 Ferretlc'
1172 1789 1201 1839 l.
1235 1806 1277 1839 6.
1311 1790 1346 1849 Ι,
1378 1806 1426 1838 n.
1465 1803 1578 1839 101.
1648 1788 1947 1855 Moralphil.

43 1870 65 1919 Ι
112 1884 215 1935 342
262 1885 367 1934 349
408 1871 550 1937 sqq>

124 1990 225 2030 Obi.
260 2003 293 2029 1.
352 1984 619 2044 Repugnat
656 1992 858 2029 naturae
883 1982 1111 2040 hominis,
1152 1982 1286 2043 quod
1312 1982 1586 2029 libertatem
1614 1982 1751 2030 tollit.
1807 1983 1958 2044 Atqui

42 2058 120 2105 lex
158 2057 282 2104 tollit
319 2057 609 2105 libertatem.
682 2059 821 2118 Ergo
851 2096 857 2104 .
890 2096 896 2104 .
929 2097 935 2104 .

121 2148 271 2196 Resp.
332 2139 463 2186 Dz'st.
503 2140 644 2186 mad:
690 2139 840 2199 Quod
879 2138 1001 2185 tollit
1037 2138 1315 2186 libertatem
1351 2139 1633 2200 physicam,
1672 2154 1816 2194 cena,
1857 2155 1956 2185 mo-

44 2213 211 2269 ralem,
251 2229 376 2273 nego.
434 2214 718 2260 Contradist.
746 2216 854 2261 min.
895 2220 940 2259 et
972 2228 1087 2273 nego
1111 2229 1228 2261 cons.
1292 2216 1394 2260 Lex
1431 2214 1554 2261 tollit
1591 2229 1692 2260 non
1718 2211 1767 2257 τὸ
1795 2229 1953 2275 posse,

50 2288 138 2335 sed
174 2285 223 2332 τὸ
261 2289 426 2335 116616.

127 2384 229 2425 Obi.
263 2397 306 2424 2.
375 2380 478 2431 Lex
513 2377 761 2435 naturalis,
801 2378 838 2424 si
877 2376 1143 2434 exsisteret,
1183 2386 1310 2424 esset
1346 2377 1686 2439 inseparabilis
1715 2394 1744 2424 a
1768 2387 1954 2424 natura.

33 2451 198 2512 ‘Atqui
229 2453 362 2499 nulla
398 2453 477 2500 lex
514 2462 586 2499 est
622 2469 650 2498 a
686 2462 860 2499 natura
896 2451 1108 2498 hominis
1145 2451 1500 2513 inseparabilis,
1539 2462 1588 2499 ut
1625 2462 1760 2514 patet
1797 2468 1856 2498 ex
1891 2452 1958 2498 in-

45 2525 258 2573 fantibus
307 2536 354 2574 et
400 2536 642 2589 perpetuo
691 2527 980 2573 amentibus.
1052 2526 1190 2586 Ergo
1238 2528 1315 2573 lex
1350 2527 1583 2574 naturalis
1619 2543 1722 2574 non
1760 2526 1956 2573 exsistit.

122 2617 272 2665 Resp.
343 2609 474 2655 Dz'st.
525 2610 669 2655 mad:
720 2609 862 2655 Esset
912 2607 1254 2669 inseparabilis
1307 2609 1479 2655 saltem
1532 2608 1582 2654 in
1636 2617 1747 2655 actu
1798 2607 1957 2669 primo

45 2691 259 2739 remoto,
309 2699 455 2739 cona,
504 2682 553 2729 in
602 2692 712 2729 actu
752 2682 913 2744 primo
951 2682 1177 2744 proximo
1216 2692 1262 2729 et
1299 2682 1349 2728 in
1386 2693 1497 2730 actu
1534 2683 1778 2738 secundo,
1830 2698 1955 2741 nego.

51 2756 335 2805 Contradist.
363 2760 472 2805 min.
526 2759 631 2804 Lex
664 2757 900 2804 naturalis
937 2758 987 2803 in
1023 2764 1128 2803 actu
1164 2758 1357 2804 secunde
1394 2766 1465 2804 est
1491 2758 1680 2804 actuale
1707 2756 1956 2813 iudicium,

46 2847 88 2878 v.
127 2847 171 2893 g.
210 2833 391 2879 malum
428 2847 535 2879 esse
571 2831 840 2888 vitandum,
879 2847 982 2878 non
1019 2847 1126 2879 esse
1164 2831 1509 2879 occidendum.
1575 2833 1632 2878 In
1670 2838 1773 2877 actu
1800 2832 1959 2892 primo

47 2915 209 2971 autem
255 2916 328 2955 est
375 2907 597 2969 aptitudo
648 2916 696 2954 et
742 2906 996 2953 inclinatio
1037 2907 1100 2953 ad
1137 2906 1251 2953 talia
1289 2906 1469 2953 iudicia
1506 2906 1597 2953 sibi
1634 2905 1956 2962 efformanda,

49 2996 175 3041 quae
211 2981 386 3028 iterum
422 2990 586 3043 potest
622 2996 727 3028 esse
765 2981 973 3042 duplex:
1010 2982 1089 3028 vel
1114 2981 1340 3042 proxima
1365 2983 1441 3028 vel
1472 2989 1673 3028 remota.
1728 2980 1959 3026 Proxima

49 3064 120 3102 est
166 3055 388 3116 aptitudo
437 3065 485 3103 et
532 3055 786 3102 inclinatio
835 3056 898 3102 ad
938 3055 1004 3102 ita
1039 3055 1357 3103 iudicandum
1394 3071 1484 3116 per
1519 3056 1710 3101 habitus
1747 3054 1844 3100 iam
1880 3070 1958 3100 ac-

50 3128 277 3190 quisitos3
324 3136 502 3177 remota
548 3145 667 3177 vero
716 3129 836 3176 nihil
883 3130 1016 3176 aliud
1064 3138 1137 3177 est
1185 3146 1332 3190 quam
1382 3131 1655 3177 intellectus
1694 3128 1824 3189 ipse,
1876 3127 1960 3189 qui

35 3200 222 3251 'natura
268 3220 354 3252 sua
401 3205 664 3252 inclinatur
711 3205 774 3251 ad
814 3203 929 3250 talia
964 3204 1145 3251 iudicia
1182 3205 1401 3265 practica
1438 3204 1529 3251 sibi
1566 3202 1874 3250 efformanda
1910 3211 1957 3249 et

50 3279 206 3324 solum
253 3294 342 3340 per
389 3295 560 3327 causas
607 3279 906 3327 extrinsecas
955 3278 1288 3326 accidentales
1335 3277 1597 3339 impeditus
1646 3277 1710 3323 ad
1756 3291 1815 3322 ea
1858 3291 1960 3323 non

50 3352 288 3412 pervenit.
342 3354 447 3400 Lex
481 3355 578 3400 hoc
615 3353 785 3399 ultimo
822 3367 969 3399 sensu
1004 3362 1226 3413 spectata
1262 3361 1333 3398 est
1368 3350 1709 3413 inseparabilis
1735 3366 1763 3396 a
1788 3360 1961 3398 natura
