2182 3682
199 188 299 238 116
593 197 707 226 PARS
742 197 772 227 1.
823 196 1141 226 PfflLosoPHrA
1174 195 1377 226 MORALIS
1413 195 1694 226 GENERALIS.

192 351 318 395 nego.
368 333 628 381 Moraliter
662 334 768 382 fieri
803 349 903 381 non
941 342 1116 396 potest,
1154 341 1206 380 ut
1242 333 1465 379 voluntas
1500 332 1683 381 iudicio
1719 332 1804 380 diu
1829 342 2100 395 repugnem,

189 412 268 458 vel
305 410 437 457 enim
473 409 656 457 iudicio
704 424 755 457 se
802 409 1135 457 conformabit
1180 409 1258 455 vel
1305 407 1438 454 idem
1484 407 1537 454 in
1585 423 1723 455 suum
1770 423 1968 456 sensum
2019 408 2101 456 de-

191 484 453 546 torquebit.

271 590 372 631 Obi.
407 602 450 629 2.
516 581 653 628 Prius
689 596 791 628 non
829 579 1082 642 dependet
1117 596 1145 626 a
1181 579 1472 641 posteriore.
1544 579 1698 641 Atqui
1728 579 1993 642 prudentia
2029 589 2102 628 est

189 658 325 719 prior
359 656 614 704 virtutibus
650 655 926 703 voluntatis.
998 655 1137 715 Ergo
1173 656 1235 702 ab
1272 654 1329 702 iis
1365 669 1469 701 non
1505 655 1772 716 dependet.

266 757 418 805 Resp.
478 747 610 793 Dz‘st.
649 746 790 792 mazl:
824 745 883 791 Id
920 745 1056 805 quod
1092 743 1377 806 simpliciter
1413 744 1546 806 prius
1583 753 1668 802 est,
1707 759 1810 791 non
1848 743 2101 806 dependet

190 839 219 869 a
253 822 542 884 posteriore,
581 837 716 876 conc„
754 820 805 867 id
843 820 979 881 quod
1015 821 1172 867 solum
1209 819 1480 866 secundum
1518 818 1639 880 quid
1675 827 1748 866 est
1782 818 1929 881 prius,
1968 834 2098 880 nego.

187 898 319 945 Dz'st.
358 899 467 943 min.
486 915 500 943 .·
547 897 714 944 Unum
752 897 1021 943 alterumve
1059 894 1293 942 iudicium
1329 893 1622 956 prudentiae
1659 903 1732 941 est
1777 894 1910 956 prius
1957 894 2101 940 virtu-

187 972 314 1020 tibus
350 971 632 1030 moralibus,
671 986 805 1027 conc„
843 970 950 1032 ipsa
986 970 1250 1032 prudentia
1284 978 1335 1016 ut
1370 968 1564 1017 habitus
1600 969 1863 1030 perfectus,
1901 984 2028 1030 nego.

917 1122 944 1177 ξ
979 1136 1017 1176 3.
1068 1126 1147 1164 DE
1180 1124 1366 1164 VITHS.

843 1219 906 1273 (S.
949 1222 1089 1261 lem.
1131 1232 1164 1271 1,
1202 1233 1239 1269 2,
1275 1235 1315 1273 q.
1351 1219 1446 1272 84.)

196 1344 337 1396 134.
421 1332 619 1383 Vilz'um
671 1333 851 1382 virtuti
903 1333 1164 1382 contrarie
1212 1332 1529 1398 opponitur,
1590 1341 1643 1382 et
1682 1331 1804 1382 ideo
1847 1332 1991 1383 dicta
2031 1333 2098 1383 de

187 1415 379 1465 virtute
432 1415 585 1465 facile
625 1415 692 1464 ad
740 1414 868 1464 illud
911 1414 1165 1481 applicari
1216 1422 1454 1480 possunt.
1537 1413 1828 1464 Definitur:
1885 1414 2100 1465 habitus

188 1498 497 1562 Operativus
547 1497 751 1550 malm.
806 1498 835 1546 i.
881 1515 923 1547 e.
969 1498 1060 1563 qui
1109 1514 1322 1563 semper
1373 1505 1453 1546 est
1505 1497 1573 1546 ad
1626 1496 1826 1546 malum
1878 1497 2094 1549 morale.

188 1579 335 1630 Sicut
374 1581 424 1630 in
466 1587 588 1630 actu
617 1579 775 1641 malo,
820 1581 890 1629 ita
931 1581 1089 1629 etiam
1132 1580 1182 1628 in
1211 1579 1338 1629 vitio
1380 1580 1760 1645 distinguenda
1787 1588 1868 1630 est
1908 1581 2098 1630 entitas

187 1664 412 1728 positiva
454 1672 505 1712 et
546 1663 661 1728 ipsa
714 1661 909 1712 malitia
962 1679 1053 1712 seu
1106 1662 1331 1728 privatio
1385 1662 1725 1712 rectitudinis.
1809 1660 2097 1713 Obiectum

189 1744 408 1795 formale
448 1745 583 1805 vitii,
627 1753 685 1794 ut
726 1754 804 1794 est
849 1745 1134 1810 positivum
1176 1745 1321 1810 quid,
1366 1762 1472 1794 non
1515 1753 1595 1794 est
1634 1745 1750 1812 ipsa
1788 1744 2098 1795 inhonestas

188 1828 410 1889 obiecti,
476 1828 573 1877 sed
633 1827 810 1893 aliqua
870 1828 1001 1877 ratio
1062 1827 1320 1877 inferioris
1383 1827 1537 1888 boni,
1604 1845 1838 1893 quacum
1897 1826 2096 1877 malitia

187 1911 498 1972 conectitur,
541 1928 634 1960 seu
675 1928 811 1976 quae
853 1919 997 1960 caret
1037 1910 1222 1960 debito
1265 1910 1451 1959 ordine
1492 1910 1560 1959 ad
1602 1910 1877 1961 rationem.

195 2061 335 2115 135.
418 2051 563 2101 Vitia
604 2068 823 2101 mamere
853 2050 1027 2115 plura
1067 2059 1189 2100 sunt
1225 2068 1385 2117 quam
1438 2051 1689 2112 vz'l‘z‘zcles,
1744 2068 1869 2100 nam
1920 2051 2096 2101 eidem

186 2135 365 2184 Virtuti
404 2134 556 2200 plura
596 2135 719 2184 vitia
760 2134 1173 2196 contrariantur;
1227 2133 1391 2183 virtus
1433 2133 1571 2183 enim
1614 2134 1665 2183 in
1706 2134 1885 2183 medio
1927 2139 2022 2194 est,
2066 2150 2097 2182 a

186 2234 293 2283 quo
347 2234 441 2283 per
492 2216 764 2266 defectum
816 2225 869 2266 et
921 2233 1201 2266 excessum
1244 2216 1439 2266 deviari
1491 2223 1684 2282 potest.
1765 2216 1896 2266 Ideo
1937 2216 2096 2265 etiam

186 2316 294 2348 non
335 2307 602 2364 quattuor,
645 2299 741 2348 sed
781 2306 977 2363 septem
1020 2299 1157 2348 vilia
1199 2298 1463 2363 capz'salia
1505 2298 1918 2363 distinguuntur.

260 2389 522 2438 Nimirum
574 2388 698 2438 vitia
750 2387 995 2454 capitalia
1034 2396 1295 2438 vocantur
1336 2404 1423 2448 ea,
1479 2405 1549 2437 ex
1589 2387 1782 2453 quibus
1832 2386 1933 2437 alia
1971 2386 2096 2437 vitia

187 2472 436 2532 oriuntur,
479 2471 641 2537 idque
678 2488 785 2520 non
813 2469 985 2520 solum
1027 2479 1248 2536 propter
1275 2469 1658 2520 accidentalem
1689 2470 2094 2536 dispositionem

185 2554 458 2620 peccantis
500 2583 569 2588 —-
610 2570 734 2602 nam
775 2552 860 2603 hic
889 2553 1083 2602 modus
1112 2553 1327 2618 originis
1370 2551 1567 2618 regulis
1609 2552 1948 2601 determinari
1986 2568 2095 2601 non

167 2644 382 2702 potest,
414 2652 535 2685 cum
555 2635 791 2685 infinitae
811 2635 917 2685 sint
939 2634 1282 2701 particulares
1304 2634 1582 2684 hominum
1606 2634 1984 2699 dispositiones
2004 2664 2092 2694 —,

185 2718 282 2768 sed
342 2725 562 2784 propter
621 2717 985 2767 conaturalem
1043 2717 1413 2766 habitudinem
1474 2716 1655 2765 finium
1717 2716 2094 2780 (obiectorum)

186 2801 434 2849 vitiorum
473 2800 609 2849 inter
648 2816 720 2850 se.
784 2799 929 2850 Vitia
970 2798 1214 2865 capitalia
1255 2815 1385 2864 ergo
1425 2805 1547 2848 sunt
1586 2797 1687 2859 illa,
1732 2815 1961 2864 quorum
2003 2797 2094 2847 ob-

187 2882 324 2932 iecta
363 2881 564 2932 habent
605 2882 867 2947 quasdam
908 2881 1181 2948 primarias
1222 2881 1452 2930 rationes
1485 2880 1738 2930 movendi
1777 2880 2091 2947 appetitum,

188 2973 241 3014 et
280 2965 352 3013 ita
393 2981 550 3014 causa
589 2972 726 3025 sunt,
770 2972 827 3013 ut
868 2964 968 3014 alia
1007 2964 1132 3013 vitia
1173 2963 1418 3013 oriantur.

261 3053 462 3103 Vitium
506 3053 668 3103 oritur
707 3062 795 3103 aut
836 3071 904 3103 ex
944 3054 1243 3103 inordinata
1283 3051 1660 3118 prosecutione
1701 3050 1845 3112 boni,
1895 3058 1984 3101 aut
2024 3067 2094 3100 ex

186 3135 485 3185 inordinata
526 3135 653 3201 fuga
693 3136 934 3185 eiusdem
975 3144 1196 3200 propter
1236 3133 1432 3184 malum
1476 3133 1838 3184 coniunctum.

261 3225 374 3275 Iam
414 3225 572 3287 bona,
616 3241 754 3291 quae
795 3225 1081 3291 praecipue
1122 3232 1333 3273 movent
1370 3223 1683 3289 appetitum,
1727 3230 1873 3272 sunt:
1923 3222 1972 3286 a)
2013 3220 2093 3270 bo-

187 3325 310 3356 mtm
351 3308 594 3369 animae,
649 3307 797 3373 quod
838 3324 908 3356 ex
957 3306 1072 3356 sola
1117 3306 1542 3372 apprehensione
1594 3305 1851 3355 rationem
1894 3303 2094 3370 appeti-

189 3389 404 3440 bilitatis
463 3390 652 3451 habet,
713 3388 805 3440 scl.
864 3388 1182 3439 excellentia
1237 3386 1408 3438 laudis
1464 3396 1517 3437 et
1572 3387 1818 3448 honoris,
1879 3394 1933 3436 et
1985 3385 2090 3435 hoc
