2182 3682
203 143 273 204 84
352 153 354 155 ’
611 152 724 182 PARS
759 153 786 182 Ι.
840 153 1154 182 PHILOSOPHIA
1188 153 1390 183 MORALIS
1425 154 1709 184 GENERALIS.

200 287 381 335 iudicia
404 286 713 347 universalia,
753 304 880 350 quae
905 289 1165 336 ratiocinio
1192 290 1255 336 ad
1282 306 1421 338 casus
1445 290 1766 352 particulares
1791 290 2116 353 applicantur,

199 362 250 410 id
287 363 424 424 quod
459 378 605 410 sensu
641 379 886 425 corporeo
923 365 1198 412 nullatenus
1234 366 1340 413 fieri
1376 374 1551 427 potest.

203 485 304 536 94.
383 483 550 523 PARS
581 482 635 523 ΙῙ.
700 486 773 524 De
808 485 1085 523 autonomia
1117 485 1378 523 Kantiana.

276 572 441 619 Prob.
492 587 532 620 1.
599 572 829 623 Kantius
868 591 936 622 ex
980 573 1112 623 falso
1154 573 1505 623 fundamento
1548 574 1806 640 procedit.
1865 573 2112 625 Assumit

199 654 340 702 enim
392 661 666 720 tamquam
709 673 778 704 eX
820 656 1092 705 communi
1146 656 1492 721 persuasione
1544 663 1733 705 notum
1775 673 1892 706 eam
1932 656 2107 707 solum

197 735 531 786 voluntatem
575 754 691 787 esse
742 738 1053 803 simpliciter
1104 738 1332 799 bonam,
1389 755 1525 803 quae
1566 738 1678 788 vult
1725 747 1777 789 et
1818 740 1967 805 quod
2021 737 2110 789 lex

197 820 454 885 praecipit
495 826 548 869 et
589 820 714 886 quia
756 820 843 870 lex
885 820 1157 886 praecipit.
1216 820 1338 870 Hoc
1374 831 1453 870 est
1495 820 1904 871 fundamentum
1945 821 2110 871 totius

200 901 475 951 doctrinae
516 901 833 963 Kanffianae,
880 920 948 952 ex
990 921 1098 969 quo
1142 904 1320 952 onmia
1363 902 1565 969 reliqua
1607 903 1932 970 dependent.
2001 902 2110 954 Sed

198 992 405 1033 tantum
446 984 615 1046 abest,
660 994 719 1034 ut
759 986 811 1034 id
854 986 1026 1051 possit
1067 1004 1134 1036 ex
1178 987 1451 1036 communi
1481 987 1732 1052 opinione
1765 987 2011 1053 supponi,
2055 993 2113 1036 ut

198 1067 378 1131 potius
416 1067 587 1117 eidem
620 1067 945 1119 adversetur.
1005 1068 1144 1118 Nam
1186 1069 1431 1118 homines
1459 1085 1622 1135 saepe
1650 1070 1890 1119 actiones
1917 1077 2113 1118 vocant

197 1147 479 1209 honestas,
534 1167 670 1215 quae
712 1150 853 1200 nulla
906 1151 1025 1217 lege
1068 1151 1489 1217 praecipiuntur,
1545 1170 1593 1201 v.
1638 1168 1688 1217 g.
1733 1152 1775 1200 si
1816 1151 1933 1216 quis
1973 1151 2112 1200 ultro

197 1248 253 1281 56
308 1232 519 1281 servitio
582 1249 880 1298 pauperum
938 1242 989 1282 et
1046 1241 1391 1299 aegrotorum
1446 1233 1530 1283 vel
1588 1234 1852 1299 obsequio
1909 1233 2110 1299 patriae

197 1315 481 1380 mancipet.
539 1314 713 1364 Multo
756 1316 926 1364 minus
968 1316 1273 1365 hominibus
1303 1333 1611 1381 persuasum
1642 1323 1723 1365 est
1750 1315 1846 1365 has
1874 1315 2112 1365 actiones

197 1414 312 1446 6556
354 1405 481 1447 tunc
521 1397 694 1447 solum
738 1398 1017 1459 honestas,
1063 1398 1281 1463 quando
1323 1399 1475 1448 unice
1517 1398 1649 1448 fiunt
1683 1415 1752 1447 ex
1779 1398 2109 1464 praescripto

196 1478 343 1545 legis.
424 1480 511 1528 Ex
552 1481 823 1530 communi
866 1481 1005 1530 enim
1047 1481 1299 1547 opinione
1341 1488 1521 1546 potest
1569 1481 1686 1546 quis
1739 1480 2111 1530 honestissime

196 1579 356 1626 agere
397 1579 465 1611 ex
506 1563 708 1612 motivo
751 1563 1158 1624 misericordiae,
1203 1563 1397 1613 amoris
1438 1563 1669 1629 proximi
1711 1571 1811 1613 etc.
1875 1562 2043 1612 Hinc:

272 1660 438 1707 Prob.
485 1674 528 1707 2.
595 1659 826 1709 Kantius
869 1660 1112 1710 doctrina
1152 1677 1248 1709 sua
1289 1659 1558 1726 explicare
1599 1661 1783 1725 nequit
1824 1659 2107 1709 discrimen

197 1741 332 1791 inter
384 1743 622 1791 actiones
674 1752 990 1808 praeceptas
1044 1752 1095 1792 et
1149 1761 1256 1792 non
1308 1752 1651 1809 praeceptas;
1709 1759 1833 1792 nam
1884 1743 2103 1808 impera-

197 1824 333 1873 tivus
374 1825 709 1891 categoricus
752 1826 1034 1891 praecipit,
1090 1843 1198 1875 non
1239 1826 1454 1886 suadet,
1507 1835 1559 1875 et
1599 1842 1765 1891 agens
1804 1825 1918 1890 ipse
1958 1841 2105 1898 num·-

198 1924 359 1972 quam
399 1916 580 1973 potest
621 1924 795 1973 agere,
840 1909 937 1957 nisi
978 1909 1101 1974 quia
1142 1908 1231 1966 lex
1273 1908 1530 1974 praecipit
1559 1910 1649 1972 <ex
1677 1908 1879 1957 motivo
1909 1906 2104 1972 officii).

271 2005 437 2051 Prob.
483 2019 526 2066 3.
606 2004 836 2054 Kantius
875 2006 1132 2071 supponit
1171 2005 1221 2054 in
1263 2022 1358 2054 sua
1399 2005 1642 2054 doctrina
1695 2004 1908 2066 morali,
1968 2022 2106 2070 quae

197 2085 320 2135 alibi
361 2087 619 2136 docuerat
660 2087 728 2136 de
779 2087 983 2137 iudiciis
1023 2087 1338 2153 syntheticis
1379 2104 1408 2136 a
1450 2087 1623 2153 priori.
1704 2087 1844 2137 Nam
1885 2088 2106 2153 impera-

196 2169 333 2217 tivus
374 2170 708 2233 categoricus
749 2178 830 2219 est
871 2170 1133 2219 eiusmodi
1173 2170 1423 2219 iudicium
1456 2169 1816 2235 syntheticum
1859 2187 1890 2218 a
1928 2169 2104 2235 priori,

197 2251 248 2299 in
291 2268 398 2316 quo
453 2251 584 2300 ratio
633 2252 869 2317 practica
921 2269 951 2301 a
1001 2253 1163 2318 priori
1214 2252 1391 2302 ideam
1444 2251 1786 2318 obligationis
1827 2251 2106 2302 absolutae

199 2350 319 2382 cum
363 2334 572 2383 actione
615 2335 905 2400 coniungit.
989 2334 1098 2384 Sed
1151 2334 1284 2384 haec
1336 2335 1528 2384 iudicia
1569 2334 1673 2383 iam
1713 2335 1764 2384 in
1817 2333 1993 2400 logica
2033 2350 2107 2383 re-

196 2415 333 2464 iecta
372 2424 492 2464 sunt
534 2415 618 2479 (cf.
663 2415 852 2478 Frick,
895 2416 1102 2481 Logica
1144 2434 1192 2466 n.
1239 2417 1380 2481 314).
1463 2416 1622 2465 Ratio
1663 2416 1714 2465 in
1754 2416 1862 2466 suis
1902 2415 2107 2466 iudiciis

198 2497 401 2562 pendet
440 2498 508 2546 ab
551 2499 789 2548 obiectis.
2181 2564 2182 2567 Ἴ

275 2596 440 2642 Prob.
485 2610 529 2654 4.
609 2595 840 2645 Kantius
893 2595 1025 2646 falso
1066 2596 1249 2645 asserit
1290 2596 1339 2659 a)
1382 2595 1654 2644 hominem
1696 2611 1812 2645 esse
1853 2594 2014 2644 finem
2054 2594 2106 2643 in
2181 2595 2182 2605 ³

121 2690 125 2692 ’
199 2693 282 2737 se,
337 2677 367 2726 i.
411 2694 454 2726 e.
499 2676 623 2726 nulli
676 2677 766 2726 fini
817 2678 988 2727 altiori
1038 2678 1473 2738 subordinatum,
1529 2695 1635 2743 qua
1677 2677 1921 2727 doctrina
1960 2685 2106 2726 totus

199 2759 334 2808 ordo
387 2758 599 2808 moralis
650 2760 998 2823 subvertitur;
1055 2761 1327 2826 primarius
1379 2761 1518 2809 enim
1571 2759 1800 2809 hominis
1851 2758 1968 2808 finis
2007 2767 2103 2819 est,

199 2849 257 2889 ut
297 2840 418 2890 Deo
459 2842 651 2891 serviat
692 2850 745 2891 et
785 2843 859 2892 sic
912 2843 1185 2908 perveniat
1227 2843 1295 2892 ad
1335 2842 1499 2892 vitam
1539 2851 1826 2891 aeternam.
1907 2841 1964 2906 b)
2005 2841 2106 2890 Ra-

199 2923 327 2972 tioni
368 2940 484 2972 6556
525 2924 859 2974 essentialem
901 2925 1293 2986 autonomiam,
1343 2924 1766 2974 heteronomiam
1810 2939 2106 2989 repugnare

200 3004 496 3054 moralitati.
579 3005 730 3055 Haec
782 3008 1001 3056 assertio
1056 3007 1308 3076 cohaeret
1352 3024 1470 3056 cum
1524 3006 1833 3072 supposito,
1889 3005 1958 3055 de
1998 3022 2104 3071 quo

198 3087 248 3135 in
290 3103 399 3152 arg.
453 3101 470 3136 Ι
519 3087 720 3137 dictum
761 3095 854 3138 est.
932 3088 1026 3138 Ad
1068 3089 1172 3138 hoc
1213 3090 1369 3150 enim,
1412 3097 1471 3138 ut
1509 3088 1675 3137 homo
1716 3086 1862 3136 nullo
1903 3087 2106 3136 motivo

200 3168 294 3217 nisi
337 3167 495 3218 officii
537 3169 787 3231 ducatur,
832 3170 1062 3220 Kantius
1103 3172 1455 3220 necessarium
1497 3187 1613 3219 esse
1653 3177 1834 3235 putat,
1876 3175 1934 3219 ut
1973 3169 2105 3218 ratio

201 3250 434 3314 practica
473 3251 573 3300 sibi
611 3252 711 3317 ipsi
750 3253 816 3301 sit
856 3251 957 3302 lex.
1014 3252 1101 3302 Ex
1141 3253 1241 3302 hac
1270 3253 1513 3302 doctrina
1541 3253 1609 3301 de
1645 3251 1953 3301 autonomia
1991 3251 2105 3317 ipse
2138 3286 2147 3295 .

201 3331 354 3381 infert
407 3332 633 3382 alienum
687 3350 803 3384 esse
843 3351 873 3384 a
914 3352 1035 3384 vera
1088 3334 1411 3395 moralitate,
1466 3343 1524 3383 ut
1576 3334 1742 3384 horno
1782 3350 1840 3383 se
1877 3332 2104 3383 subiciat
