2182 3682
216 187 323 238 310
623 184 738 213 PARS
773 184 820 215 11.
872 185 1185 214 PHILOSOPHIA
1219 185 1421 215 MORALIS
1457 186 1706 217 SPECIALIS.

213 322 561 372 successionis
615 321 964 381 hereditariae
1019 322 1070 371 in
1126 322 1272 372 bona
1326 339 1447 386 sua;
1509 323 1684 373 solum
1740 325 1958 391 quando
2012 343 2121 375 non

213 404 442 454 habetur
481 404 744 455 eiusmodi
784 404 1156 454 determinatio
1199 403 1466 471 explicita,
1517 406 1893 457 recurrendum
1933 415 2014 457 est
2053 407 2120 457 ad

214 503 401 536 eorum
439 485 772 537 voluntatem
802 495 1216 552 praesumptam
1257 487 1309 537 in
1350 486 1588 538 favorem
1628 488 1857 539 filiorum
1887 506 2121 551 suorum,

214 577 272 619 ut
311 586 381 619 ex
419 569 659 619 secunda
699 576 849 636 parte
890 569 1111 635 patebit.

216 720 364 773 400.
446 719 612 758 PARS
643 720 697 758 ΙΙ.
766 719 938 769 Quoad
969 721 1347 760 successionem
1382 723 1441 760 ab
1474 722 1720 761 intestato.

291 809 456 857 Prob.
554 808 640 858 Ex
697 808 872 874 priore
927 817 1079 875 parte
1132 817 1345 859 constat
1396 810 1706 876 parentibus
1756 810 1835 860 ius
1886 809 2125 861 naturale

214 899 522 957 competere
549 908 675 941 suos
716 890 913 941 liberos
953 890 1178 942 heredes
1218 892 1540 943 instituendi.
1597 892 1752 958 Ergo
1791 892 1834 942 si
1873 893 2124 943 intestato

215 974 521 1035 moriuntur,
566 972 748 1023 ultima
775 973 1024 1024 voluntas
1064 991 1251 1025 eorum
1279 976 1331 1024 in
1372 974 1608 1026 favorem
1650 975 1937 1026 liberorum
1978 992 2124 1042 prae-

214 1056 475 1105 sumenda
514 1064 609 1106 est.

288 1151 446 1202 Proh.
508 1170 642 1203 cons.
736 1153 950 1203 Etenim
1011 1155 1061 1217 a)
1118 1155 1412 1204 dominium
1466 1153 1754 1221 specialem
1816 1153 2125 1204 relationem

214 1234 378 1284 habet
418 1235 487 1284 ad
529 1234 793 1286 familiam,
850 1236 1076 1303 Propter
1104 1236 1355 1286 familiam
1397 1237 1631 1287 maxime
1658 1236 1918 1287 stabilitas
1959 1237 2123 1287 bono-

214 1335 328 1367 rum
376 1318 535 1367 etiam
588 1317 723 1368 ultra
774 1318 967 1369 limites
1008 1319 1146 1368 vitae
1200 1320 1352 1369 unius
1404 1319 1633 1369 hominis
1674 1319 1970 1370 necessaria
2009 1336 2125 1369 esse

215 1400 559 1465 cognoscitur
574 1416 584 1462 ;

289 1490 345 1553 b)
387 1490 737 1540 arctissimum
778 1490 1049 1541 vinculum
1090 1492 1361 1557 sanguinis
1403 1498 1456 1542 et
1497 1491 1711 1542 moralis
1751 1492 1964 1542 unitatis
1991 1492 2126 1542 inter

214 1580 461 1638 parentes
502 1581 555 1622 et
595 1571 790 1623 liberos
831 1574 1126 1625 intercedit.
1203 1573 1282 1623 Illi
1323 1574 1512 1625 horum
1555 1584 1676 1624 sunt
1717 1575 2031 1641 principium
2072 1575 2123 1624 in

212 1654 381 1720 iisque
423 1656 832 1721 quodammodo
875 1666 999 1723 post
1040 1665 1268 1707 mortem
1309 1658 1621 1723 superstites
1662 1666 1905 1720 manent;

290 1745 338 1807 c)
381 1752 629 1811 parentes
670 1746 982 1811 gravissimo
1012 1745 1190 1795 officio
1233 1746 1443 1812 pietatis
1473 1745 1777 1812 obligantur
1817 1747 1884 1796 ad
1925 1754 2124 1796 statum

214 1826 566 1893 temporalem
608 1846 703 1894 pro
741 1846 834 1877 sua
863 1828 1180 1878 condicione
1222 1828 1508 1879 honestum
1549 1828 1666 1878 filiis
1707 1829 2120 1895 procurandum.

215 1909 274 1958 In
315 1909 457 1960 hunc
497 1917 676 1960 autem
719 1911 879 1960 finem
927 1910 1243 1977 plerumque
1285 1929 1422 1978 opus
1463 1920 1569 1972 est,
1624 1921 1680 1961 ut
1720 1912 1908 1961 iisdem
1949 1910 2126 1977 aliqua

214 1991 403 2042 saltem
445 1992 588 2042 bona
628 2003 751 2059 post
794 2003 1022 2043 mortem
1064 1992 1377 2060 relinquant.
1461 1994 1554 2044 Ad
1596 2011 1707 2043 rem
1748 1992 1802 2043 S.
1857 1993 2126 2044 Thomas:

223 2074 338 2124 «De
391 2074 511 2140 lege
563 2084 782 2126 naturae
830 2085 935 2137 est,
992 2076 1141 2142 quod
1195 2085 1443 2142 parentes
1497 2075 1614 2126 filiis
1666 2076 2021 2126 thesaurizent
2073 2083 2126 2125 et

217 2156 306 2206 filii
346 2167 625 2223 parentum
666 2158 891 2208 heredes
931 2159 1063 2208 sint»
1113 2157 1319 2225 (Suppl.
1364 2159 1432 2209 ad
1478 2173 1523 2223 3,
1568 2176 1618 2224 q.
1663 2159 1749 2224 67,
1794 2176 1838 2208 a.
1891 2158 1953 2221 Ι).

290 2240 437 2306 Ergo
490 2241 625 2291 inter
680 2250 928 2306 parentes
980 2250 1033 2291 et
1088 2240 1282 2291 liberos
1337 2242 1672 2292 admittenda
1727 2249 1807 2291 est
1857 2240 2125 2290 successio

217 2322 284 2372 ab
325 2322 591 2373 intestato.
651 2322 1005 2373 Confirmatur
1045 2333 1304 2390 perpetuo
1347 2333 1399 2374 et
1441 2324 1706 2374 constanti
1747 2340 1844 2373 usu
1885 2323 2126 2372 omnium

218 2404 324 2455 fere
365 2406 620 2471 gentium.

220 2555 368 2607 401.
448 2543 625 2597 Sclml.
659 2562 707 2596 J.
776 2546 868 2596 Ad
913 2547 1114 2597 facilius
1143 2546 1519 2613 explicandam
1547 2545 1940 2596 successionem
1980 2543 2124 2593 here-

218 2627 461 2677 ditariam
501 2628 609 2679 iure
649 2637 869 2679 naturae
908 2629 1139 2680 validam
1169 2629 1385 2695 quidam
1430 2629 1752 2678 recentiores
1792 2633 2126 2677 asseruerunt

218 2726 327 2759 non
367 2718 640 2776 parentes,
695 2712 791 2761 sed
832 2719 999 2761 talam
1026 2711 1321 2776 familiam
1363 2728 1479 2761 esse
1520 2710 1797 2760 dominum
1839 2709 2123 2768 bonorum,

220 2809 359 2858 quae
401 2802 524 2842 ante
575 2794 970 2843 matrimonium
1011 2802 1160 2843 erant
1211 2802 1509 2860 parentum.
1592 2791 1702 2843 Sed
1758 2791 1891 2841 haec
1943 2789 2123 2855 opinio

219 2875 485 2926 reicienda
540 2882 634 2927 est.
731 2876 872 2926 Nam
928 2876 969 2926 si
1030 2885 1278 2942 parentes
1337 2884 1460 2925 ante
1520 2873 1917 2925 matrimonium
1977 2879 2126 2921 erant

221 2958 421 3007 domini
462 2958 755 3018 bonorum,
812 2966 865 3008 et
905 2959 1120 3025 quidem
1163 2958 1460 3017 exclusive,
1501 2957 1644 3007 nulla
1684 2956 1837 3005 adest
1877 2954 2010 3004 ratio
2053 2953 2125 3002 di-

221 3040 376 3089 cendi
423 3049 547 3106 post
598 3040 993 3090 matrimonium
1033 3040 1116 3090 vel
1168 3049 1292 3106 post
1332 3040 1661 3089 nativitatem
1701 3037 1978 3087 infantium
2020 3034 2124 3084 hoc

221 3122 514 3172 dominium
565 3123 830 3173 transiisse
870 3123 923 3172 in
973 3129 1144 3172 totam
1198 3121 1463 3172 familiam.
1545 3120 1867 3186 Obligantur
1907 3117 2124 3184 quidem

221 3212 469 3270 parentes
509 3206 577 3255 ad
618 3205 927 3272 praebenda
968 3204 1085 3253 filiis
1125 3205 1438 3265 necessaria,
1482 3203 1646 3252 immo
1680 3200 1908 3251 concedi
1946 3205 2126 3264 potest

221 3287 454 3336 maxime
490 3295 720 3352 propter
755 3286 1051 3351 familiam
1104 3286 1412 3352 parentibus
1463 3285 1843 3351 proprietatem
1885 3297 2001 3330 esse
2041 3296 2125 3328 ne-

223 3369 529 3430 cessariam,
583 3369 679 3419 sed
719 3369 843 3418 inde
884 3386 991 3418 non
1031 3368 1269 3434 sequ-itur
1309 3367 1445 3417 filios
1485 3367 1683 3417 habere
1724 3361 2124 3415 condominium
