2182 3682
223 183 321 235 172
614 175 729 210 PARS
762 180 792 214 Ι,
847 180 1162 211 PHILOSOPHIA
1196 178 1400 208 MORALIS
1435 178 1715 209 GENERALIS.

289 317 453 367 Porro
505 316 638 366 haec
689 314 1053 382 promulgatio
1107 314 1272 365 debet
1322 330 1438 364 esse
1489 312 1758 364 moraliter
1808 321 1968 363 certa.
2058 313 2120 363 Id

213 407 363 466 patet
422 412 461 449 Ι.
514 398 738 448 ratione.
821 398 961 448 Nam
1014 398 1064 462 a)
1117 396 1206 447 lex
1260 395 1424 446 habet
1479 396 1741 446 rationem
1797 394 2013 462 regulae
2067 403 2122 446 et

213 498 507 532 mensurae.
588 479 698 531 Sed
738 497 898 530 nemo
950 488 1131 546 potest
1178 487 1321 529 recte
1361 495 1665 528 mensurare
1704 494 1826 528 suas
1865 477 2118 540 actiones,

213 564 308 614 nisi
349 563 532 630 regula
571 563 638 613 sit
679 571 821 613 certa
850 571 903 612 et
938 579 1046 611 non
1074 562 1326 626 ambigua
1354 560 1439 625 (cf.
1472 559 1527 610 S.
1556 560 1884 626 Alplionsus,
1927 559 2117 611 Theol.

214 664 344 697 mor.
400 646 431 697 l.
491 660 542 703 1,
598 654 657 695 tr.
712 659 764 706 I,
819 662 868 694 n.
924 645 1031 707 68).
1114 644 1169 709 b)
1223 643 1343 693 Lex
1395 651 1476 693 est
1527 641 1760 709 ligamen
1811 642 2120 708 impositum

212 729 408 795 agenti,
454 746 562 794 quo
604 727 689 777 hic
730 727 799 778 ad
841 726 1115 793 agendum
1155 726 1474 792 astringitur.
1556 725 1738 775 Debet
1777 741 1907 790 ergo
1948 725 2121 791 ipsum
2181 738 2182 797 ξ

214 811 490 876 attingere.
571 809 808 875 Attingit
849 818 1027 859 autem
1080 826 1176 875 per
1216 808 1599 874 cognitionem.
1680 808 1843 858 Porro
1885 807 2123 874 cognitio

214 894 428 959 proprie
480 893 622 943 dicta
673 901 752 942 est
794 892 1030 958 cognitio
1073 899 1232 941 certa.
1314 891 1491 941 Nemo
1532 891 1699 952 enim,
1755 891 1847 956 qui
1887 907 1999 940 rem
2038 888 2125 940 ali-

213 993 375 1041 quam
435 993 542 1024 non
599 982 745 1025 certo
802 975 926 1035 scit,
990 990 1106 1024 eam
1162 972 1472 1040 simpliciter
1526 990 1858 1039 cognoscere
1914 972 2119 1023 dicitur.

212 1058 360 1124 Ergo
401 1075 560 1107 nemo
601 1057 795 1123 ligatur
834 1074 929 1123 per
969 1063 1320 1123 praeceptum
1371 1056 1468 1106 nisi
1520 1057 1788 1106 mediante
1841 1064 1985 1106 certa
2040 1073 2124 1105 co-

213 1140 451 1205 gnitione
492 1140 780 1206 praecepti.
863 1140 912 1203 c)
957 1138 1234 1204 Obligatio
1277 1138 1410 1204 legis
1451 1147 1532 1188 est
1572 1156 1642 1188 ex
1688 1156 1746 1188 se
1795 1155 2023 1188 onerosa
2073 1145 2128 1189 et

215 1222 624 1288 quodammodo
667 1223 883 1284 odiosa;
928 1239 1057 1287 ergo
1088 1221 1306 1288 quando
1334 1220 1504 1270 solide
1532 1220 1813 1287 probabile
1841 1230 1922 1271 est
1948 1220 2126 1287 legem

213 1322 319 1355 non
380 1305 634 1355 exsistere
693 1304 776 1354 vel
834 1321 1096 1364 cessasse,
1161 1321 1269 1353 non
1327 1312 1571 1353 censetur
1627 1302 1949 1353 sufficienter
2007 1320 2124 1370 pro-

213 1388 389 1453 posita
443 1404 619 1453 neque
670 1387 722 1436 in
775 1378 839 1436 eo
893 1404 1017 1436 casu
1071 1386 1304 1452 prudens
1360 1384 1634 1452 legislator
1689 1393 1935 1437 censetur
1987 1385 2124 1435 velle

213 1469 479 1536 obligare,
543 1469 718 1519 donec
775 1468 862 1518 lex
919 1468 1112 1519 certius
1168 1467 1538 1534 promulgetur
1593 1467 1678 1533 (cf.
1744 1468 1977 1530 Suarez‘,
2040 1468 2125 1517 De

213 1553 377 1602 bonit.
435 1561 487 1602 et
527 1550 647 1602 mal.
693 1561 792 1602 act.
838 1552 980 1601 hum.
1025 1551 1159 1617 disp.
1213 1565 1310 1612 12,
1345 1559 1474 1601 sect.
1519 1551 1578 1612 6,
1631 1569 1679 1601 n.
1727 1552 1793 1616 8).
1875 1550 2125 1617 Denique

213 1636 269 1699 d)
310 1635 463 1684 nimis
514 1636 815 1701 rigorosum
867 1642 1008 1683 esset
1060 1633 1304 1684 homines
1343 1632 1479 1683 velle
1533 1633 1773 1700 obligare
1826 1634 1895 1683 ad
1948 1633 2124 1683 obser-

211 1717 415 1768 vandas
456 1734 643 1767 omnes
683 1716 833 1783 leges
873 1734 980 1766 non
1022 1724 1193 1766 certas
1233 1734 1325 1766 seu
1367 1733 1590 1782 quarum
1628 1715 1921 1783 probabilis
1947 1714 2123 1766 solum

212 1801 398 1850 notitia
438 1799 678 1850 habetur.
736 1799 796 1848 Id
839 1799 1118 1849 nobiscum
1161 1799 1449 1849 admittunt
1490 1808 1542 1849 et
1583 1797 2124 1865 aequiprobabilistae

214 1891 267 1932 et
308 1881 784 1949 probabilioristae,
829 1882 919 1947 qui
958 1891 1084 1931 tunc
1124 1880 1314 1931 saltem
1355 1881 1531 1948 legem
1572 1899 1680 1931 non
1721 1880 1962 1948 obligare
2001 1898 2122 1931 con-

215 1964 439 2025 cedunt,
509 1964 727 2030 quando
788 1964 968 2030 opinio
1028 1964 1262 2029 benigna
1321 1972 1402 2014 est
1460 1981 1630 2030 aeque
1690 1963 1983 2030 probabilis
2040 1961 2124 2013 vel

214 2046 557 2113 probabilior.
638 2046 811 2112 Atqui
864 2046 1196 2096 intolerabile
1252 2063 1388 2096 onus
1444 2055 1583 2096 esset
1638 2063 1826 2096 omnes
1881 2046 2126 2096 homines

215 2129 455 2195 obligare
514 2129 581 2179 ad
642 2128 994 2179 conferendas
1052 2130 1187 2179 inter
1245 2147 1301 2179 se
1361 2128 1596 2195 singulas
1659 2129 1938 2195 opiniones
2007 2146 2125 2195 pro-

214 2210 434 2273 babiles,
477 2212 785 2278 praesertim
829 2229 952 2261 cum
992 2212 1128 2261 inter
1166 2212 1311 2278 ipsos
1353 2212 1606 2261 doctores
1641 2228 1838 2277 magna
1865 2210 2126 2261 habeatur

215 2295 529 2360 opinionum
571 2294 846 2344 diversitas
887 2302 939 2343 et
978 2295 1067 2343 uni
1106 2294 1348 2344 videatur
1393 2293 1565 2360 magis
1617 2293 1922 2359 probabile,
1977 2294 2123 2359 quod

214 2375 361 2426 alteri
423 2377 597 2426 minus
659 2376 938 2443 probabile
999 2377 1224 2427 videtur.
1317 2376 1464 2442 Ergo
1528 2375 1730 2426 licitum
1784 2393 1901 2426 esse
1960 2375 2126 2426 debet

213 2459 364 2525 sequi
405 2476 798 2525 quamcumque
840 2459 1147 2525 opinionem
1188 2459 1477 2524 benignam
1518 2475 1641 2508 vere
1682 2466 1734 2508 et
1784 2458 1955 2508 solide
2007 2475 2124 2524 pro-

215 2540 463 2591 babilem.

292 2637 338 2673 2.
392 2623 541 2673 Idem
595 2624 853 2690 probatur
903 2624 1233 2673 auctoritaie.
1329 2623 1538 2672 «Nemo
1590 2622 1784 2689 ligatur
1833 2640 1929 2690 per
1978 2638 2126 2689 prae-

215 2714 432 2771 ceptum
455 2705 672 2771 aliquod
691 2706 787 2755 nisi
807 2706 1074 2755 mediante
1091 2705 1311 2755 scientia
1331 2704 1465 2754 illius
1483 2706 1785 2771 praecepti»
1811 2704 1885 2767 (S.
1917 2704 2121 2766 Tliom„

215 2788 300 2837 De
340 2788 486 2838 verit.
532 2806 581 2854 q.
635 2800 724 2852 17,
769 2805 813 2838 a.
861 2789 938 2852 3),
982 2787 1089 2849 vel,
1133 2795 1189 2838 ut
1232 2787 1283 2837 S.
1329 2786 1641 2852 Alphonsus
1681 2788 1834 2837 dicit:
1888 2785 2124 2837 «Omnes

214 2870 283 2919 ad
324 2870 668 2920 asserendum
711 2871 1061 2932 conveniunt,
1107 2870 1253 2937 quod
1296 2869 1398 2931 lex,
1441 2878 1498 2919 ut
1539 2869 1759 2935 obliget,
1804 2869 1968 2919 debet
2008 2885 2124 2918 esse

215 2960 360 3001 certa
399 2970 463 3002 ac
502 2952 816 3017 manzz'fi’sta,
858 2953 1130 3019 debetque
1171 2953 1250 3003 uti
1274 2960 1420 3002 certa
1449 2952 1805 3016 manifi‘slai'i
1829 2952 1939 3001 sive
1978 2951 2123 3000 inno-

214 3042 417 3083 tescere
457 3034 684 3095 homini,
729 3036 814 3084 cui
853 3034 1254 3101 promulgatur»
1303 3033 1517 3099 (Theoi.
1562 3051 1693 3083 mor.
1738 3034 1768 3084 1.
1822 3048 1874 3095 Ι,
1917 3051 1965 3083 n.
2010 3033 2118 3097 63).

214 3114 364 3165 Idem
405 3115 456 3165 S.
488 3115 800 3181 Alphonsus
840 3116 1048 3167 Patutio
1090 3117 1342 3167 obicienti
1381 3117 1432 3166 in
1471 3116 1647 3166 verbis
1687 3117 1854 3166 modo
1895 3115 2122 3166 laudatis

216 3215 286 3247 eX
326 3196 377 3248 S.
423 3197 638 3247 Thoma
687 3199 787 3248 sub
827 3216 963 3249 voce
1002 3199 1257 3248 scientiae
1307 3215 1415 3249 non
1467 3197 1705 3264 intellegi
1757 3198 2120 3263 cognitionem

218 3288 440 3340 certam,
483 3281 580 3330 sed
621 3288 829 3330 tantum
870 3280 1234 3346 probabilem,
1277 3280 1593 3346 respondet:
1655 3277 1851 3344 «Quod
1892 3280 1991 3329 sub
2031 3295 2122 3328 no-

216 3361 356 3410 mine
383 3361 637 3411 scientiae
662 3361 999 3427 intellegatur
1037 3362 1329 3429 probabilis
1356 3363 1556 3423 notitia,
1600 3362 1733 3412 haec
1761 3370 1842 3412 est
1868 3378 2008 3411 nova
2033 3377 2121 3411 vo-
