2182 3682
448 175 534 203 LIB.
570 174 617 203 ΙΙ.
663 173 764 203 CAP.
800 172 848 202 11.
893 172 954 200 DE
989 170 1246 201 SOCIETATE
1282 170 1565 199 DOMESTICA.
1858 170 1961 222 339

146 320 325 360 01:122.
392 312 467 357 Ex
502 310 669 357 divina
716 308 1029 356 ordinatione
1065 307 1253 354 homini
1301 307 1415 353 data
1462 314 1534 353 est
1569 307 1771 353 facultas
1819 321 1962 366 gene-

67 385 209 434 randi
245 394 292 432 et
326 386 595 432 vehemens
638 383 909 430 inclinatio.
981 382 1134 443 Atqui
1165 383 1290 428 haec
1326 389 1454 427 esset
1489 381 1688 440 frustra,
1737 380 1776 428 si
1811 381 1961 428 homo

69 476 126 508 ea
162 476 265 507 non
300 467 526 507 uteretur.
599 459 738 518 Ergo
766 497 773 505 .
805 497 811 505 .
844 496 851 504 .

146 551 296 599 Resp.
365 541 499 588 Com.
538 542 646 586 mai.
706 540 836 586 Dist.
875 540 1017 585 mim:
1067 539 1211 584 Haec
1255 544 1381 584 esset
1419 536 1616 592 frustra,
1667 534 1705 580 si
1739 536 1964 582 homines

67 615 341 678 generatim
365 617 443 662 vel
472 629 644 661 omnes
674 629 731 661 ea
760 629 864 660 non
891 620 1154 670 uterentur,
1194 626 1327 667 amc„
1367 610 1405 657 si
1442 611 1597 657 solum
1636 609 1799 669 aliqui,
1838 624 1963 668 nego.

68 691 292 738 Facultas
328 690 603 750 generandi
650 687 838 735 homini
875 688 990 734 data
1027 695 1122 744 est,
1173 694 1224 732 ut
1260 685 1465 746 quilibet
1501 700 1560 731 ea
1605 684 1672 730 uti
1699 685 1871 745 possit,
1922 692 1968 729 et

67 774 119 812 ut
164 765 391 811 homines
438 765 611 811 saltem
654 771 842 809 tantum
891 777 949 810 ea
995 769 1216 819 utantur,
1266 768 1503 821 quantum
1550 760 1735 805 bonum
1784 758 1969 818 speciei

69 839 285 900 requirit.

151 935 252 974 Obi.
283 947 326 984 3·
397 926 446 974 Si
482 928 668 973 bonurn
706 933 802 983 est,
841 925 978 985 quod
1015 939 1136 971 unus
1174 939 1224 971 se
1262 923 1539 978 contineat,
1589 921 1786 979 melius,
1836 922 1970 982 quod

70 1002 221 1060 multi,
260 1001 513 1063 optimum,
553 1001 688 1062 quod
726 1015 912 1047 omnes.
966 999 1119 1060 Atqui
1150 1000 1248 1045 hoc
1284 1007 1357 1045 est
1381 997 1661 1044 absurdum.
1718 997 1856 1055 Ergo
1884 1034 1891 1042 .
1923 1035 1930 1043 .
1961 1035 1968 1044 .

149 1092 298 1141 Resp.
369 1083 417 1129 Si
453 1083 662 1140 bonum,
705 1081 840 1143 quod
875 1096 998 1127 unus
1035 1095 1085 1127 se
1124 1080 1400 1135 contineat,
1439 1078 1625 1136 melius,
1665 1077 1800 1138 quod
1836 1077 1973 1124 multi

70 1159 148 1205 vel
183 1172 370 1215 omnes,
410 1157 448 1204 si
480 1157 640 1204 ,solum
678 1157 800 1203 ratio
837 1157 1044 1202 habetur
1069 1154 1190 1201 boni
1226 1153 1552 1209 individualis,
1592 1168 1726 1208 canc„
1765 1153 1804 1200 si
1839 1168 1974 1214 spec-

73 1241 197 1279 tatur
221 1233 409 1279 bonum
447 1246 709 1278 commune
739 1230 938 1292 speciei,
977 1245 1103 1289 nege.
1158 1231 1349 1275 Bonum
1379 1227 1562 1289 speciei
1597 1227 1800 1287 requirit
1825 1226 1974 1273 varie-

71 1316 221 1354 tatem
256 1308 503 1354 bonorum
552 1314 599 1353 et
635 1314 856 1353 statuum.
930 1304 1033 1352 Etsi
1082 1305 1249 1351 oculus
1293 1303 1351 1350 sit
1393 1303 1568 1350 melior
1604 1303 1759 1364 pede,
1808 1310 1975 1348 tamen

72 1398 162 1443 pro
199 1381 402 1428 homine
449 1396 553 1427 non
603 1389 729 1427 esset
765 1379 960 1438 melius,
1011 1379 1050 1426 si
1086 1379 1242 1426 solum
1278 1379 1485 1425 haberet
1521 1379 1702 1425 oculos.
1774 1379 1848 1424 Ita
1883 1392 1974 1439 pro

72 1456 305 1504 societate
331 1457 547 1502 humana
583 1454 754 1502 melius
792 1463 876 1512 est,
915 1463 966 1501 ut
992 1454 1267 1508 habeantur
1292 1452 1473 1500 diversi
1509 1461 1655 1500 status
1692 1453 1757 1499 ad
1783 1452 1976 1499 diversa

71 1533 206 1578 bona
240 1530 569 1592 procuranda.

154 1628 255 1668 Obi.
290 1641 332 1677 4.
395 1620 575 1666 Contra
606 1625 734 1681 part.
774 1619 845 1666 II.
899 1618 1271 1665 Matrimonium
1308 1617 1372 1664 ad
1408 1618 1595 1663 bonum
1632 1614 1816 1677 speciei
1852 1614 1976 1661 ordi-

73 1704 230 1742 natur.
290 1695 443 1756 Atqui
463 1695 650 1741 bonum
685 1693 869 1755 speciei
907 1702 979 1741 est
1007 1693 1146 1740 altius
1175 1693 1310 1739 bono
1342 1691 1595 1738 individui.
1656 1691 1792 1750 Ergo
1821 1688 1978 1736 matri-

73 1771 293 1817 monium
330 1777 544 1831 praestat
581 1769 854 1826 caelibatui,
894 1768 977 1829 qui
1015 1768 1270 1814 ordinatur
1307 1767 1369 1813 ad
1407 1767 1593 1812 bonum
1630 1765 1887 1826 privatum.

154 1862 304 1909 Resp.
338 1872 371 1898 1.
436 1851 570 1898 Com.
609 1852 717 1897 mai.
766 1851 898 1897 Dist.
930 1851 1071 1896 min..-
1108 1851 1299 1896 Bonum
1338 1847 1522 1909 speciei
1560 1856 1631 1895 θεῖ
1668 1846 1806 1894 altius
1842 1848 1979 1894 bono

74 1925 338 1983 individui,
377 1926 417 1972 si
452 1934 563 1972 sunt
599 1926 817 1973 eiusdem
856 1924 1064 1982 ordinis,
1103 1940 1247 1980 conc„
1286 1939 1446 1979 secus,
1486 1938 1612 1982 mega.
1686 1922 1826 1982 Nego
1860 1937 1977 1969 cons.

74 2003 267 2049 Bonum
312 1999 560 2062 spirituale
608 2000 848 2047 individui
896 2008 968 2046 est
1004 1999 1143 2046 altius
1178 2000 1314 2046 bono
1352 1998 1610 2060 temporali
1646 1997 1981 2057 generationis

77 2073 143 2138 (S.
190 2076 350 2122 Tlcom.
393 2093 434 2131 2,
477 2093 518 2134 2,
560 2092 605 2136 q.
650 2089 756 2137 152,
796 2091 837 2121 a.
877 2091 907 2134 4
944 2074 1007 2121 ad
1045 2070 1107 2136 3).

154 2168 304 2216 Resp.
339 2177 382 2204 2.
444 2158 577 2204 Cone.
605 2159 711 2205 mai.
774 2157 944 2203 Trans.
972 2158 1081 2202 min.
1121 2162 1166 2220 εί
1198 2171 1311 2216 wege
1346 2162 1525 2216 suppos.
1554 2170 1688 2210 calls„
1729 2155 1811 2202 scl.
1841 2154 1982 2201 caeli-

75 2234 243 2280 batum
281 2247 382 2278 non
419 2231 637 2278 ordinari
674 2233 736 2279 ad
772 2232 959 2278 bonum
996 2245 1261 2277 commune
1299 2227 1377 2289 (cf.
1418 2246 1463 2276 n.
1507 2246 1597 2287 441
1634 2226 1691 2289 β).

563 2385 591 2439 ξ
625 2399 664 2436 4,
714 2387 792 2425 DE
826 2386 1190 2425 MATRIMONH
1224 2385 1495 2425 UNITATE.

245 2488 308 2543 (S.
350 2491 505 2538 Tlmm„
539 2489 752 2543 Supplem.
788 2504 826 2542 q.
864 2491 931 2541 65,
968 2505 1002 2530 a.
1044 2501 1058 2527 1
1098 2497 1137 2528 et
1172 2500 1220 2537 23
1258 2489 1304 2527 C.
1339 2496 1454 2541 gent.
1489 2488 1513 2527 l.
1551 2497 1588 2537 3,
1625 2501 1659 2526 c.
1700 2484 1818 2537 124.)

81 2613 228 2665 443.
308 2602 704 2652 Matrimonium
757 2610 945 2666 utpote
996 2601 1247 2660 societas,
1304 2599 1451 2648 cuius
1491 2599 1541 2647 in
1584 2597 1858 2646 individuo
1900 2596 1984 2645 de-

79 2685 378 2734 terminatio
419 2683 748 2749 singulorum
790 2683 1037 2733 electioni
1077 2682 1337 2748 permissa
1365 2691 1460 2741 est,
1504 2680 1661 2729 initur
1700 2687 1983 2739 conll'acllt,

82 2766 149 2816 de
189 2784 314 2832 quo,
359 2766 717 2816 abstractione
759 2766 899 2815 facta
938 2781 969 2815 a
1009 2764 1225 2830 speciali
1254 2764 1366 2813 eius
1401 2763 1619 2812 materia
1647 2770 1699 2811 et
1727 2779 1757 2811 a
1785 2761 1986 2810 ratione

81 2849 421 2909 sacramenti,
476 2849 544 2898 ad
598 2865 760 2914 quam
800 2864 830 2897 a
872 2846 1083 2897 Christo
1124 2845 1361 2896 elevatus
1403 2853 1508 2905 est,
1563 2844 1753 2893 eadem
1794 2843 1984 2902 valent,

83 2948 221 2996 quae
262 2931 330 2980 de
371 2930 731 2980 contractibus
771 2929 1065 2995 generatim
1108 2929 1353 2978 diximus
1434 2927 1564 2976 Ideo
1616 2934 1824 2991 praeter
1864 2923 1986 2974 libe-

83 3029 199 3062 rum
240 3029 557 3062 consensum
598 3012 666 3061 ad
707 3011 1101 3061 matrimonium
1142 3009 1378 3060 validum
1421 3008 1722 3074 requiritur,
1780 3016 1835 3056 ut
1876 3024 1986 3073 per-

83 3111 246 3145 sonae
287 3095 662 3145 contrahentes
702 3095 805 3144 sint
846 3094 1037 3143 diversi
1078 3110 1238 3142 sexus
1266 3102 1319 3142 et
1358 3092 1426 3142 ad
1469 3089 1786 3140 matrimonii
1827 3088 1986 3138 finem

84 3175 313 3238 habiles,
369 3185 644 3243 praeterea
683 3185 740 3225 ut
792 3175 923 3225 alter
963 3174 1110 3225 alteri
1151 3191 1207 3225 se
1248 3174 1453 3240 obliget
1494 3172 1561 3221 ad
1611 3179 1793 3220 mutua
1832 3170 1988 3220 huius

86 3264 251 3308 status
273 3257 462 3309 officia.
514 3256 797 3322 Quaeritur
817 3266 1019 3307 autem:
1057 3271 1098 3306 Ι.
1124 3274 1251 3305 num
1274 3254 1667 3305 matrimonium
1692 3254 1987 3302 necessario

87 3340 321 3405 postulet
360 3341 649 3401 unitatem,
701 3342 772 3390 ita
813 3349 870 3389 ut
911 3357 1017 3389 non
1058 3339 1153 3388 nisi
1195 3356 1327 3387 unus
1368 3354 1489 3386 cum
1530 3352 1634 3384 una
1672 3335 1989 3384 sl'ltmllcznee

1635 3424 1727 3460 22³⁵
