2182 3682
1837 184 1864 193 „a

474 153 562 181 LIB.
599 152 626 182 Ι.
674 152 772 182 CAP.
809 153 869 182 IV.
918 153 980 180 DE
1014 152 1125 181 IURE
1160 152 1514 183 PROPRIETATIS.
1838 156 1942 209 079

48 287 306 339 violabilis
364 295 548 337 contra
604 287 1005 352 aggressionem
1061 286 1299 336 aliorum.
1391 287 1668 338 Praeterea
1723 289 1944 354 quilibet

47 370 208 420 habet
258 370 338 418 ius
388 369 436 418 in
497 377 737 418 extrema
777 368 1094 418 necessitate
1134 367 1234 417 sibi
1274 369 1589 433 usurpandi,
1644 370 1835 434 quibus
1876 370 1943 419 ad

47 451 183 502 hanc
248 451 618 500 necessitatem
685 448 987 515 pellendam
1056 466 1191 514 opus
1257 457 1350 499 est.
1451 450 1698 515 Denique
1758 468 1944 501 omnes

46 532 244 582 habent
283 530 503 597 aequale
544 532 619 580 ius
660 530 968 596 acquirendi
1009 530 1108 579 sibi
1149 530 1292 579 bona
1332 537 1566 580 externa.
1648 530 1756 581 Sed
1798 531 1942 581 nullo

47 614 210 664 modo
270 629 338 663 ex
393 613 497 662 hoc
553 613 662 661 iure
716 613 955 678 sequitur
1013 613 1091 661 ius
1147 613 1215 661 ad
1273 612 1528 677 aequalia
1589 613 1765 662 media
1824 630 1944 662 con-

31 694 335 748 servandae
375 695 513 744 vitae
566 703 619 744 et
659 693 827 743 multo
869 695 1039 742 minus
1081 694 1149 742 ad
1189 694 1469 758 aequalem
1511 702 1716 759 partem
1759 702 1942 744 terrae.

45 777 130 827 Ex
169 777 278 826 iure
320 777 387 825 ad
428 777 588 825 vitam
624 784 750 825 tunc
779 774 948 825 solum
979 783 1290 841 sequeretur
1318 776 1397 824 ius
1425 776 1491 824 ad
1523 783 1728 841 partem
1758 785 1942 836 terrae,

45 860 88 909 si
145 859 256 908 sine
315 858 419 908 hoc
478 859 588 907 iure
648 857 890 907 homines
950 857 1243 923 generatim
1304 857 1480 907 vivere
1540 875 1645 907 non
1705 866 1941 924 possent.

45 940 215 1006 Atqui
266 940 370 989 hoc
422 939 729 1005 negandum
785 947 878 989 est.
962 939 1101 988 Nam
1152 939 1313 988 hodie
1362 947 1504 989 certe
1545 939 1792 1005 permulti
1831 940 1942 989 sine

46 1022 281 1072 dominio
325 1021 604 1071 fundorum
654 1020 1003 1081 sufficienter,
1061 1021 1224 1070 immo
1282 1020 1615 1070 abundanter
1655 1022 1833 1070 omnia
1873 1022 1941 1070 ad

44 1104 206 1155 vitam
247 1103 541 1153 necessaria
581 1103 795 1153 habent.

118 1207 509 1273 Argumentum
554 1223 606 1271 5.
689 1205 793 1271 Qui
845 1206 1192 1272 praeveniens
1243 1207 1295 1256 in
1348 1205 1611 1256 theatrum
1660 1205 1790 1255 alios
1831 1223 1946 1271 pro-

45 1290 266 1350 hiberet,
311 1290 594 1356 quominus
633 1289 733 1338 sibi
771 1289 927 1338 sedes
968 1297 1309 1354 occuparent,
1354 1289 1413 1337 iis
1452 1288 1689 1337 iniuriam
1734 1287 1943 1338 faceret.

46 1372 198 1438 Ergo
240 1388 270 1421 a
310 1372 422 1437 pari
462 1371 549 1436 qui
590 1370 721 1422 alios
761 1370 1036 1437 prohibet,
1089 1387 1155 1420 ne
1195 1370 1294 1420 sibi
1333 1387 1493 1435 agros
1534 1371 1834 1436 acquirant,
1889 1371 1947 1419 iis

45 1454 283 1504 iniuriam
324 1452 461 1503 facit.

119 1543 274 1608 Κεφ.
355 1542 497 1592 Dz‘st.
542 1551 736 1592 antea:
790 1541 893 1607 Qui
946 1542 1290 1608 praeveniens
1341 1541 1439 1590 sibi
1491 1541 1675 1590 sedem
1718 1551 1948 1607 occupat

47 1635 100 1675 et
140 1625 276 1675 hanc
318 1632 503 1675 contra
544 1632 666 1690 post
709 1625 1052 1673 advenientes
1082 1623 1321 1673 defendit
1349 1641 1441 1673 seu
1473 1641 1565 1673 eos
1593 1623 1661 1672 ab
1691 1624 1790 1673 hac
1819 1624 1948 1673 sede

46 1714 204 1768 arcet,
248 1708 307 1756 iis
346 1707 583 1756 iniuriam
626 1706 764 1767 facit,
806 1723 958 1771 nego,
1000 1706 1089 1771 qui
1123 1723 1217 1771 per
1245 1707 1348 1755 vim
1379 1705 1509 1755 alios
1538 1705 1775 1771 impedit,
1821 1724 1946 1772 quo-

48 1790 218 1839 minus
269 1798 321 1839 et
371 1790 468 1855 ipsi
516 1789 615 1838 sibi
654 1790 810 1838 sedes
852 1796 1144 1854 occupent,
1200 1788 1453 1854 quamdiu
1496 1787 1614 1838 loca
1653 1805 1821 1838 vacua
1861 1788 1948 1838 ad-

46 1879 184 1933 sunt,
228 1889 360 1922 eone.
405 1879 456 1920 et
481 1871 704 1936 pariter
744 1871 863 1920 dist.
909 1888 1044 1920 cons.

50 2031 194 2085 357.
274 2021 665 2087 Argumcnlnm
708 2019 753 2070 6.
800 2029 852 2070 et
888 2019 1127 2069 ultimum
1159 2022 1354 2086 petitur
1382 2039 1450 2070 ex
1478 2021 1794 2070 oeconomia
1822 2020 1949 2086 poli-

46 2104 149 2154 tica
189 2113 241 2154 et
281 2121 348 2153 ex
391 2110 568 2153 mente
598 2102 831 2168 Georgii,
876 2103 963 2168 qui
996 2101 1121 2151 illud
1152 2103 1384 2152 maxime
1414 2110 1583 2168 urget,
1616 2103 1949 2153 demonstrat

46 2185 300 2235 maiorem
339 2202 551 2254 semper
590 2193 797 2251 partem
839 2185 1138 2234 divitiarum
1179 2186 1229 2234 in
1266 2202 1454 2234 manus
1484 2185 1820 2234 dominorum
1851 2184 1949 2234 soli

46 2268 376 2333 congregari.

119 2356 245 2406 Tria
286 2365 603 2406 concurrunt
644 2356 693 2404 in
736 2356 890 2405 bonis
929 2355 1318 2422 producendis:
1363 2355 1551 2417 solum,
1604 2356 1769 2416 labor,
1813 2357 1949 2423 capi-

45 2437 149 2488 tale
191 2439 258 2502 (n.
293 2439 415 2502 326,
461 2439 528 2502 3).
591 2438 722 2487 Inde
761 2438 997 2503 sequitur
1026 2445 1231 2503 partem
1261 2438 1524 2488 bonorum
1565 2439 1949 2504 productorum

47 2520 229 2570 deberi
268 2520 415 2581 solo,
460 2529 666 2586 partem
707 2519 900 2581 labori,
945 2528 1151 2585 partem
1192 2520 1417 2586 capitali.
1498 2521 1578 2570 Ea
1618 2537 1766 2586 pars,
1811 2537 1949 2586 quae

45 2601 161 2652 solo
215 2602 466 2663 debetur,
521 2610 741 2651 vocatur
793 2619 982 2652 census
1034 2601 1117 2652 vel
1171 2602 1370 2651 reditus
1425 2601 1615 2669 (rent);
1671 2619 1757 2664 ea,
1814 2619 1949 2668 quae

46 2682 235 2744 labori,
289 2701 494 2734 merces
536 2684 792 2749 (terage5)3
837 2700 898 2733 ea
939 2684 1195 2750 denique,
1239 2702 1375 2750 quae
1417 2683 1653 2751 capitali,
1697 2685 1950 2734 interesse

45 2765 128 2815 vel
169 2765 318 2815 fenus
359 2765 638 2831 (interest).
721 2766 861 2816 Hinc
902 2766 1059 2816 statui
1099 2773 1280 2832 potest
1320 2766 1452 2816 haec
1494 2768 1768 2833 aequatio:

311 2862 638 2912 Productum
667 2886 732 2904 z
764 2880 953 2912 census
985 2867 1048 2926 -ξ-
1081 2880 1284 2912 merces
1317 2865 1378 2927 -ξᾉ
1411 2864 1678 2923 interesse,

47 2975 184 3024 quae
239 2960 485 3024 aequatio
543 2976 637 3025 per
690 2960 1109 3010 subtractionem
1162 2962 1212 3009 in
1268 2960 1404 3010 hanc
1455 2960 1674 3010 alteram
1717 2977 1948 3010 commu-

47 3041 141 3089 tari
183 3048 389 3107 potest:

312 3137 639 3187 Productum
670 3168 736 3173 -—
767 3155 958 3187 census
987 3161 1052 3179 z
1084 3155 1287 3187 merces
1318 3140 1381 3202 —lffl
1412 3139 1679 3188 interesse.

119 3232 206 3282 Ex
256 3233 355 3284 hac
408 3235 726 3300 aequatione
774 3233 1039 3300 colligitur
1080 3251 1297 3284 censum
1341 3235 1502 3299 (seul)
1546 3252 1614 3283 ex
1656 3250 1758 3282 una
1799 3241 1948 3299 parte

47 3323 100 3364 et
151 3315 452 3365 mercedem
506 3322 559 3365 et
610 3315 862 3366 interesse
909 3334 976 3366 ex
1018 3315 1180 3366 altera
1220 3325 1369 3382 parte
1409 3333 1466 3365 se
1507 3316 1703 3365 habere
1746 3315 1947 3364 ratione
