2182 3682
629 188 782 217 CAPUT
815 188 875 216 VI.
927 188 989 215 DE
1022 188 1353 217 CONSCIENTIA.
1846 190 1938 243 171

48 324 292 375 ieiunium
334 322 560 383 laesum,
610 331 782 371 utrum
827 322 1008 372 debita
1047 320 1244 382 soluta,
1289 330 1388 372 etc.
1471 323 1609 372 Nam
1650 323 1750 373 hae
1791 340 1946 389 quae-

48 406 247 456 stiones
286 403 486 454 directe
526 420 633 453 non
671 410 946 453 versantur
985 404 1124 453 circa
1163 402 1447 453 liceitatem
1489 404 1570 453 vel
1613 404 1948 454 honestatem

49 487 295 545 actioniS,
352 485 593 550 quamvis
644 485 884 551 quaestio
939 485 1006 534 de
1058 484 1287 534 liceitate
1336 501 1497 550 saepe
1538 502 1607 534 ex
1657 486 1715 534 iis
1756 487 1951 535 oriatur

51 567 134 630 (cf.
177 566 462 632 Laymann
503 565 533 616 l.
577 567 661 631 c.).
742 565 861 615 Hae
903 583 1010 615 non
1050 575 1172 615 sunt
1212 567 1559 632 exceptiones
1599 583 1667 616 ex
1708 567 1950 632 probabi-

49 649 217 708 lismo,
259 648 355 697 sed
396 647 569 697 solum
610 656 753 697 recta
795 647 1033 696 eiusdem
1074 647 1453 713 interpretatio.

123 736 370 787 Ceterum
422 746 576 790 nota:
631 735 866 801 Quando
909 737 1131 786 dubium
1185 737 1253 786 de
1307 736 1536 786 liceitate
1576 736 1751 786 solum
1793 737 1953 786 oritur

50 838 118 870 ex
158 819 322 868 dubio
349 818 514 883 facti,
558 836 720 884 saepe
760 818 893 868 solvi
933 825 1115 884 potest
1156 835 1250 883 per
1291 817 1503 883 regulas
1531 818 1791 884 quasdam
1830 819 1952 868 iuris

51 901 403 952 communiter
430 901 703 961 admissas,
745 901 871 966 quin
901 900 1277 949 recurrendum
1305 901 1371 949 sit
1399 900 1467 950 ad
1497 899 1949 966 probabilismum.

51 982 136 1034 Sic
177 1000 224 1032 v.
257 999 307 1048 g.
353 982 580 1042 dubitas,
623 991 798 1031 utrum
836 999 933 1043 res,
979 999 1139 1048 quam
1170 982 1237 1031 de
1279 981 1420 1031 facto
1461 982 1737 1048 hucusque
1776 1000 1953 1048 posse-

51 1065 186 1126 disti,
229 1065 295 1114 sit
335 1073 425 1114 tua
453 1081 638 1125 necne,
682 1072 734 1113 et
763 1064 902 1114 facta
929 1064 1266 1129 inquisitione
1295 1064 1519 1113 dubium
1547 1072 1741 1113 manet.
1797 1064 1955 1114 Potes

50 1164 160 1196 rem
201 1147 424 1196 retinere
464 1146 619 1196 nixus
671 1146 775 1195 hoc
817 1146 1101 1212 principio:
1163 1145 1258 1195 «In
1298 1145 1454 1195 dubio
1494 1145 1690 1195 melior
1729 1154 1808 1195 est
1844 1164 1953 1196 coii-

49 1228 186 1278 dicio
226 1227 601 1293 possidentis.»
698 1228 833 1278 Item
885 1229 927 1277 si
983 1227 1170 1293 aliquis
1226 1236 1349 1293 post
1402 1227 1794 1277 confessionem
1847 1227 1953 1277 dili-

52 1319 239 1376 genter
278 1317 551 1375 peractam
592 1310 816 1371 dubitat,
860 1316 1035 1359 utrum
1063 1309 1279 1375 aliquod
1321 1316 1602 1375 peccatum
1644 1326 1803 1374 grave
1833 1327 1952 1360 con-

52 1392 216 1442 fessus
264 1391 416 1441 fuerit
457 1409 652 1453 necne,
707 1409 814 1441 non
856 1400 1063 1441 tenetur
1102 1392 1170 1440 ad
1211 1392 1401 1440 iterum
1443 1391 1805 1441 confitendum
1847 1391 1952 1441 hoc

49 1482 356 1540 peccatum,
413 1474 562 1539 quia:
626 1473 965 1523 «Probabilis
1006 1473 1243 1538 impletio
1284 1473 1423 1538 legis
1452 1473 1686 1538 positive
1715 1473 1951 1538 probata

46 1555 258 1623 sziffici'l,
302 1564 359 1605 ut
395 1555 510 1620 legi
547 1564 723 1605 certae
764 1586 832 1589 —
874 1555 1067 1605 saltem
1109 1564 1267 1604 extra
1297 1555 1587 1605 materiam
1618 1555 1854 1605 iusliz‘iae
1882 1587 1949 1590 q

47 1636 386 1701 satisfactum
415 1637 533 1686 sil.»
591 1636 801 1703 Aliquis
842 1638 1049 1686 dubitat
1090 1654 1244 1686 mane
1284 1646 1408 1686 ante
1447 1654 1486 1686 S.
1519 1637 1952 1687 communionem

52 1727 226 1768 utrum
264 1718 462 1785 aliquid
503 1735 674 1784 aquae
723 1718 1059 1785 deglutiverit
1100 1735 1284 1768 necne.
1365 1718 1547 1768 Potest
1588 1719 1844 1769 accedere
1885 1720 1952 1768 ad

55 1801 503 1851 communionem.
584 1801 720 1851 Item
760 1801 948 1867 aliquis
991 1801 1226 1861 dubitat,
1281 1809 1456 1849 utrum
1497 1809 1683 1850 votum
1725 1801 1954 1851 emiserit

54 1900 239 1933 necne.
320 1883 445 1932 Non
487 1882 779 1949 obligatur,
824 1885 945 1949 quia
993 1884 1225 1948 “saelum
1267 1882 1448 1946 (laesio
1490 1883 1687 1944 ieiunii,
1743 1883 1953 1933 emissio

51 1965 183 2029 voti)
224 1983 326 2015 72072
355 1966 755 2030 praesumitur,
798 1965 898 2015 sed
921 1965 1263 2030 probandum
1305 1973 1431 2014 esf.
1514 1964 1820 2027 Sacerdoti,
1865 1967 1955 2031 qui

50 2047 103 2097 in
155 2046 316 2097 Missa
372 2048 612 2113 pervenit
667 2049 736 2098 ad
790 2048 1251 2108 communionem,
1311 2047 1473 2096 oritur
1525 2047 1773 2108 dubium,
1829 2064 1954 2097 num

57 2128 242 2178 «Pater
293 2129 520 2179 Noster»
582 2130 891 2180 recitaverit.
973 2129 1199 2195 Pergere
1252 2136 1432 2195 potest
1483 2138 1535 2179 et
1588 2129 1777 2190 debet,
1833 2131 1955 2195 quia

61 2211 147 2261 «in
197 2210 372 2261 dubiis
409 2211 658 2262 standum
700 2221 780 2262 est
815 2220 924 2277 pra
965 2230 1052 2273 ec),
1093 2220 1201 2276 pro
1244 2229 1341 2277 quo
1382 2220 1491 2261 slat
1528 2212 1955 2277 praesumptio„

27 2292 136 2343 ’vel
177 2293 337 2342 etiam
384 2293 470 2343 «in
510 2294 665 2343 dubio
706 2294 1049 2343 iudicandmii
1090 2302 1170 2343 est
1208 2312 1275 2344 ex
1302 2293 1585 2343 ordinarie
1621 2294 1957 2359 contingenti-

53 2374 196 2424 bus».
255 2372 333 2425 Cf.
378 2375 445 2425 de
486 2375 567 2425 his
608 2376 802 2442 regulis
844 2375 1063 2442 aliisque
1103 2375 1359 2426 similibus
1399 2375 1724 2435 Lelimkzclil,
1764 2376 1954 2426 Theol.

53 2474 182 2507 mor.
226 2457 249 2506 I
266 2498 276 2518 ‚
332 2474 380 2508 n.
433 2469 529 2522 107
561 2475 678 2524 sqq.
761 2457 958 2523 Quoad
1011 2458 1143 2508 haec
1183 2458 1275 2508 vix
1326 2458 1433 2508 ulla
1480 2467 1559 2508 est
1601 2459 1960 2508 controversia

53 2539 187 2589 inter
225 2545 472 2590 auctores
524 2541 756 2606 ideoque
808 2557 915 2590 non
968 2541 1274 2591 immediate
1326 2548 1552 2605 tangunt
1592 2541 1960 2606 quaestionem

56 2621 123 2671 de
164 2620 578 2687 probabilismo,
622 2623 718 2672 nisi
759 2623 976 2688 quando
1017 2624 1131 2689 ipse
1171 2640 1359 2672 sensus
1399 2622 1703 2688 regularum
1745 2623 1960 2672 istarum

54 2712 133 2753 est
174 2711 548 2754 controversus
588 2713 641 2754 et
682 2706 753 2754 ita
794 2704 1015 2756 dubium
1058 2704 1200 2755 iuris
1240 2705 1481 2754 habetur.

61 2840 204 2894 206.
286 2845 451 2892 Prob.
516 2844 636 2894 Lex
676 2862 783 2893 non
826 2852 972 2894 certo
1013 2844 1353 2910 promulgata
1382 2862 1488 2894 non
1518 2843 1738 2909 obligat.
1794 2843 1962 2909 Atqui

56 2923 158 2985 lex,
203 2932 389 2975 contra
430 2927 577 2976 cuius
617 2926 983 2976 exsistentiam
1024 2934 1128 2975 stat
1170 2926 1349 2992 opinio
1378 2943 1500 2975 vere
1541 2934 1594 2975 et
1632 2924 1803 2975 solide
1844 2943 1959 2991 pro-

56 3005 271 3067 babilis,
324 3008 353 3056 i.
398 3025 441 3058 e.
485 3008 665 3058 innixa
716 3008 861 3074 gravi
914 3017 966 3058 et
1017 3007 1189 3058 solida
1240 3009 1471 3069 ratione,
1527 3024 1633 3057 non
1681 3016 1760 3056 est
1812 3015 1958 3056 certo

57 3088 409 3154 promulgata.
466 3090 620 3156 Ergo
662 3090 766 3150 leX,
810 3100 996 3141 contra
1037 3091 1186 3140 cuius
1227 3090 1593 3140 exsistentiam
1633 3098 1737 3139 stat
1779 3088 1958 3155 opinio

54 3186 178 3219 vere
218 3178 271 3220 et
309 3171 482 3221 solide
522 3171 831 3238 probabilis,
874 3190 982 3223 non
1024 3172 1245 3238 obligat.

130 3265 288 3317 Prob.
332 3269 459 3318 mai.
541 3268 904 3335 Promulgatio
957 3279 1037 3319 est
1078 3270 1145 3319 de
1199 3270 1402 3319 ratione
1454 3268 1585 3333 legis
1635 3266 1717 3316 vel
1770 3267 1958 3317 saltem

59 3348 348 3398 essentialis
388 3350 624 3400 eiusdem
667 3351 931 3412 condicio,
975 3360 1031 3400 ut
1072 3368 1259 3400 omnes
1299 3351 1528 3400 fatentur
1568 3351 1635 3413 (n.
1689 3349 1825 3412 148).
