2182 3682
567 181 718 210 CAPUT
750 181 849 210 VIII.
902 181 962 210 DE
996 181 1107 210 IURE
1142 181 1190 209 IN
1226 181 1428 213 GENERE.
1845 183 1936 233 191

54 316 217 366 habet
256 316 553 382 accipiendi
592 333 623 366 a
663 315 825 365 Paulo
868 314 1007 364 mille
1047 332 1266 376 aureos,
1317 316 1501 364 Petrus
1529 324 1610 364 est
1648 316 1945 365 subiectum

51 398 199 459 iuris,
242 397 433 447 Paulus
473 398 727 447 terminus
767 396 1081 463 personalis,
1136 396 1277 446 mille
1332 397 1473 445 aurei
1523 405 1646 445 sunt
1696 398 1948 446 terminus

51 477 332 528 materialis
371 479 507 539 iuris,
553 478 785 544 denique
826 478 1105 544 promissio
1147 486 1226 527 est
1265 476 1447 527 titulus
1486 477 1621 526 iuris
1667 477 1947 527 Terminus

51 559 331 609 materialis
371 569 424 609 et
463 559 755 626 personalis
796 568 1023 625 possunt
1052 559 1256 609 realiter
1285 558 1598 609 coincidere.
1655 556 1742 608 Sic
1782 558 1946 608 hOmo

50 649 130 691 est
169 642 425 691 terminus
467 650 520 691 et
560 641 844 691 materialis
885 650 937 690 et
976 641 1307 707 personalis
1297 641 1417 690 luris
1446 640 1620 690 divini.
1652 670 1723 674 —
1752 638 1947 704 Ouarn-

47 723 124 772 vis
182 730 360 773 autem
416 724 497 772 ius
553 732 604 772 et
661 723 920 795 obligatio
978 722 1251 786 (officium)
1309 724 1357 772 ei
1398 722 1823 787 correspondens
1863 739 1946 771 ne-

49 790 276 854 66553110
337 805 475 854 111161
529 822 586 854 56
628 804 950 854 cohaereant
991 813 1043 854 et
1093 805 1197 854 sint
1250 804 1404 854 simul
1453 812 1712 869 lampale,
1770 812 1947 869 tamen

41 893 248 953 *aalma
303 887 446 952 prius
498 893 579 936 est
625 887 705 935 ius
756 903 917 952 quam
970 885 1221 936 officium.
1302 887 1427 935 Non
1476 887 1615 935 enim
1663 894 1948 951 propterea

44 984 150 1033 ego
194 967 370 1017 habeo
411 969 491 1018 ius
532 969 579 1017 in
624 984 799 1018 meam
840 968 1018 1029 vitam,
1063 969 1186 1034 quia
1226 968 1358 1018 alter
1386 967 1654 1033 obligatur
1682 966 1809 1016 mihi
1838 985 1942 1017 non

46 1066 244 1099 nocere
297 1050 348 1099 in
400 1050 536 1111 vita,
595 1050 691 1099 sed
747 1050 1014 1100 viceversa
1066 1059 1350 1116 propterea
1405 1049 1537 1099 alter
1591 1049 1754 1098 habet
1809 1048 1946 1099 hanc

45 1129 459 1197 obligationem,
518 1132 642 1198 quia
698 1148 802 1197 ego
854 1131 1031 1181 habeo
1088 1132 1168 1181 ius
1208 1133 1259 1182 in
1310 1132 1487 1182 vitam.
1570 1132 1655 1180 Ius
1696 1140 1776 1180 est
1816 1132 1945 1181 ratio

49 1221 103 1262 et
143 1230 391 1263 mensura
432 1214 594 1264 officii
635 1214 1116 1280 correspondentis.

46 1340 193 1391 230·
272 1347 376 1386 Obi.
410 1359 444 1387 I.
516 1341 574 1386 In
623 1339 910 1387 definitione
959 1340 1073 1387 data
1121 1340 1457 1388 definiendum
1507 1340 1682 1387 iterum
1719 1340 1944 1387 occurrit.

44 1412 181 1472 Ergo
232 1423 304 1460 est
348 1416 490 1461 mala.
561 1415 701 1461 Proh.
756 1421 898 1462 antec.
982 1417 1060 1461 Ius
1112 1414 1342 1462 definitur
1394 1414 1597 1462 facultas
1647 1414 1845 1461 moralis
1896 1414 1945 1460 in

41 1502 145 1534 rem
183 1503 334 1536 suam.
398 1489 552 1550 Atqui
584 1505 660 1536 res
698 1504 782 1536 sua
819 1489 1061 1550 significat
1098 1504 1217 1547 rem,
1256 1489 1306 1536 in
1344 1504 1491 1550 quam
1530 1488 1637 1550 quis
1673 1489 1823 1536 habet
1858 1488 1944 1536 ius.

39 1562 176 1621 Ergo
204 1601 211 1609 .
243 1601 251 1609 .
283 1602 290 1610 .

117 1646 267 1695 Resp.
339 1637 479 1697 Nego
515 1644 657 1685 antec.
732 1639 811 1685 Ad
848 1640 988 1700 prob.
1029 1654 1143 1685 amc.
1183 1640 1292 1685 mai.
1363 1639 1494 1685 Dz'st.
1534 1640 1676 1685 mim:
1721 1640 1822 1685 Res
1859 1653 1944 1685 sua

33 1718 185 1772 potest
216 1713 267 1759 id
304 1711 594 1773 significare,
633 1729 767 1769 conc„
805 1713 1086 1761 necessario
1124 1713 1173 1760 id
1211 1714 1452 1774 significat
1488 1723 1536 1760 et
1572 1714 1619 1760 in
1658 1712 1943 1760 definitione

38 1787 135 1832 hoc
171 1802 316 1834 sensu
352 1787 566 1843 sumitur,
606 1803 733 1847 wege.

117 1861 210 1908 Scl.
249 1870 513 1923 antequam
563 1864 776 1923 cogitem
825 1863 887 1910 de
937 1863 1066 1921 iure,
1118 1863 1253 1923 quod
1293 1864 1454 1909 habeo
1491 1879 1532 1909 v.
1572 1878 1617 1923 g.
1657 1862 1707 1908 in
1744 1878 1943 1909 manum

38 1950 200 1982 meam
239 1944 286 1983 et
323 1937 658 1984 abstrahendo
695 1937 756 1983 ab
796 1938 990 1995 eodem,
1033 1953 1232 1998 possum
1270 1953 1378 1984 eam
1416 1952 1596 1984 vocare
1633 1952 1795 1993 meam,
1833 1937 1861 1984 i.
1902 1953 1944 1984 e.

37 2010 315 2057 ordinatam
363 2028 391 2057 a
439 2020 662 2058 creatore
709 2011 944 2073 primario
993 2012 1043 2058 in
1090 2027 1254 2060 meam
1300 2011 1569 2059 utilitatem.
1642 2013 1757 2058 Hoc
1805 2027 1947 2059 sensu

38 2083 185 2131 etiam
221 2083 428 2133 dicimus
465 2086 646 2133 animal
683 2086 957 2134 defendere
996 2096 1143 2148 caput
1179 2103 1332 2145 suum,
1371 2102 1572 2134 movere
1598 2087 1821 2133 membra
1847 2102 1945 2133 sua.

38 2184 101 2189 —-
138 2160 282 2206 Haec
331 2160 541 2207 conexio
578 2160 648 2207 rei
686 2177 796 2207 cum
833 2176 1046 2243 persona
1085 2170 1131 2208 et
1169 2161 1415 2208 ordinatio
1452 2161 1503 2207 in
1539 2160 1793 2208 utilitatem
1831 2162 1949 2208 eius-

38 2233 152 2279 dem
201 2241 273 2281 est
308 2235 465 2281 solum
502 2251 615 2296 pars
651 2236 912 2282 material&
948 2235 1076 2283 iuris.
1150 2238 1224 2283 Ex
1261 2252 1320 2283 ea
1356 2237 1473 2283 dein
1511 2236 1662 2283 oritur
1693 2243 1812 2297 pals
1837 2235 1947 2295 for-

38 2308 174 2354 malls
209 2307 337 2383 111115,
380 2309 463 2356 561.
503 2307 707 2357 facultas
747 2310 945 2357 moralis
982 2310 1279 2357 excludendi
1316 2311 1436 2357 alios
1474 2311 1534 2357 ab
1570 2326 1658 2357 usu
1695 2310 1780 2368 161,
1821 2325 1947 2371 quae

38 2381 87 2428 in
135 2391 353 2429 nostram
401 2383 658 2431 utilitatem
707 2385 934 2432 ordinata
983 2395 1066 2432 est.
1140 2387 1256 2432 Pars
1303 2384 1566 2432 materialis
1602 2384 1717 2432 iuris
1753 2400 1949 2446 semper

38 2456 268 2504 fundatur
314 2457 364 2503 in
412 2458 578 2519 aliquo
627 2459 758 2506 facto
807 2460 907 2507 sive
955 2459 1112 2507 libero
1161 2460 1260 2507 sive
1297 2459 1534 2519 naturali3
1581 2476 1693 2521 pars
1732 2459 1948 2506 formalis

37 2546 155 2578 vero
203 2531 254 2577 in
302 2533 466 2593 aliqua
503 2534 626 2594 lege.
698 2535 865 2581 Potest
901 2534 1033 2581 enim
1070 2533 1141 2581 ius
1179 2534 1482 2582 considerari
1520 2534 1658 2595 quasi
1695 2533 1947 2581 conclusio

39 2620 99 2652 ex
134 2605 432 2667 syllogismo,
472 2608 606 2654 cuius
642 2607 799 2655 maior
825 2617 896 2655 est
920 2608 1244 2670 principium:
1283 2608 1548 2670 unicuique
1575 2624 1712 2655 suum
1737 2608 1950 2655 tribuen-

39 2679 156 2726 dum
192 2689 288 2736 est,
335 2680 364 2728 i.
405 2696 446 2728 e.
483 2682 748 2743 unicuique
786 2683 1005 2730 dandum
1042 2684 1120 2729 vel
1157 2683 1554 2730 conservandum
1591 2691 1686 2741 est,
1725 2683 1861 2744 quod
1897 2683 1948 2729 in

39 2753 187 2815 ipsius
223 2754 478 2802 utilitatem
515 2757 750 2818 primario
787 2757 1042 2804 ordinatur
1079 2752 1197 2818 (sive
1230 2773 1290 2805 ex
1314 2759 1563 2805 voluntate
1588 2758 1822 2805 creatoris
1847 2757 1948 2804 sive

41 2824 273 2890 aliunde).
326 2830 480 2891 quzci
511 2832 642 2877 hanc
676 2847 797 2888 rem,
834 2849 878 2878 v.
906 2847 951 2893 g.
990 2848 1206 2891 manum,
1244 2840 1408 2894 potest
1443 2847 1621 2879 vocare
1659 2848 1809 2890 suam,
1848 2832 1876 2878 i.
1904 2847 1944 2878 e.

40 2902 316 2950 ordinatam
363 2904 414 2950 in
461 2904 611 2966 ipsius
657 2905 928 2953 utilitatem.
999 2907 1137 2966 Ergo
1185 2907 1362 2954 eadem
1409 2908 1471 2954 ab
1521 2907 1747 2954 omnibus
1796 2915 1868 2954 est
1904 2905 1948 2953 ei

41 2978 398 3037 conservanda,
443 2980 537 3037 vel,
586 2980 720 3041 quod
756 2980 904 3039 idem,
944 2981 1092 3028 habet
1127 2981 1212 3040 ius,
1262 2990 1312 3028 ut
1349 2997 1521 3029 omnes
1558 2997 1668 3028 eum
1705 2981 1755 3027 in
1791 2980 1947 3027 libero

41 3066 127 3098 usu
161 3052 301 3099 huius
338 3053 406 3100 rei
443 3069 547 3101 non
582 3053 869 3115 impediant.
924 3057 1193 3117 Propterea
1230 3072 1341 3102 cum
1366 3057 1420 3102 de
1444 3056 1580 3116 Lnga
1605 3052 1650 3116 (1.
1680 3072 1719 3102 c.
1749 3055 1872 3116 disp.
1907 3072 1945 3111 1,

41 3141 87 3173 n.
128 3122 172 3188 5)
210 3127 281 3175 ius
319 3127 417 3175 dici
452 3137 617 3190 potest
652 3129 921 3176 consistere
959 3129 1009 3175 in
1045 3131 1350 3192 praelatione
1388 3130 1575 3188 morali,
1614 3130 1661 3176 vi
1698 3129 1831 3176 cuius
1867 3129 1946 3175 hic

40 3200 188 3247 homo
236 3202 512 3263 praefertur
558 3204 809 3250 moraliter
857 3203 962 3250 aliis
1008 3203 1059 3250 in
1095 3220 1182 3252 usu
1219 3204 1420 3252 alicuius
1456 3204 1527 3252 161
1563 3213 1768 3266 propter
1802 3219 1948 3265 pecu·

40 3273 210 3322 liarem
246 3277 588 3336 conexionem,
628 3293 777 3339 quam
814 3293 926 3325 cum
963 3293 1023 3326 eo
1060 3279 1222 3337 habet,
1261 3279 1308 3325 in
1340 3288 1575 3340 quantum
1613 3287 1684 3325 est
1720 3277 1948 3325 ordinata

40 3347 274 3408 primario
312 3352 362 3397 in
397 3351 545 3412 ipsius
581 3351 852 3400 utilitatem.
