2182 3682
215 197 287 245 68
628 206 741 235 PARS
777 206 805 236 Ι.
859 206 1176 235 PHILOSOPHIA
1211 205 1415 234 MORALIS
1451 205 1728 235 GENERALIS.

211 343 365 402 Igitur
414 341 604 388 homini
640 343 828 389 bonum
867 350 940 389 est
975 342 1069 389 illis
1105 343 1252 389 rebus
1289 357 1349 388 ea
1384 357 1615 389 mensura
1650 343 1742 401 uti,
1791 343 1976 390 malurn
2013 358 2130 391 vero

210 416 344 462 illam
391 432 672 463 mensuram
720 416 1023 477 transgredi,
1072 434 1115 464 v.
1159 431 1204 477 g.
1247 416 1529 463 inordinata
1578 418 1857 479 sumptione
1905 417 2127 465 ciborum

213 486 279 551 (S.
326 491 489 538 leom.
528 493 557 538 1.
597 489 675 551 c.).

290 561 334 627 c)
374 566 567 627 Corpus
614 567 665 612 in
713 566 916 613 homine
966 575 1037 613 est
1073 574 1278 627 propter
1326 566 1572 625 animam,
1621 576 1669 613 et
1705 567 1965 614 inferiores
2001 568 2129 615 vires

212 650 321 688 sunt
379 650 583 703 propter
641 641 934 702 superiores.
1030 641 1231 687 Debent
1290 641 1435 701 igitur
1492 649 1746 702 tamquam
1805 642 2130 690 instrumenta

212 731 377 762 earum
427 717 483 763 iis
532 716 761 762 auxilium
802 716 1072 776 praebere,
1123 731 1225 761 non
1275 725 1437 762 autem
1475 716 1675 762 easdem
1712 715 1969 778 impedire.
2042 718 2131 764 Est

211 791 355 851 igitur
392 799 594 845 rectum,
633 790 770 851 quod
807 789 876 837 sic
912 799 1203 851 procuretur
1239 791 1301 836 ab
1338 791 1540 837 homine
1579 806 1758 852 corpus
1795 800 1844 838 et
1870 790 2128 838 inferiores

211 866 338 913 vires
376 867 594 923 animae,
640 874 691 911 ut
727 865 851 911 ratio
890 865 938 910 in
977 866 1072 912 suis
1110 864 1481 926 operationibus
1518 865 1731 923 iuvetur,
1779 865 1817 912 si
1854 881 1994 913 secus
2029 867 2127 924 fiat,

213 949 286 987 est
334 941 530 987 malum.
615 939 933 986 Vinolentiae
986 940 1130 1000 igitur
1184 948 1231 986 et
1283 940 1670 987 comessationes
1723 949 1771 987 et
1820 940 2129 988 inordinatus

214 1030 538 1063 venereorum
587 1031 724 1073 usus,
774 1031 864 1075 per
913 1030 1039 1074 quae
1088 1023 1223 1062 actus
1272 1014 1473 1062 rationis
1522 1015 1787 1076 impeditur
1825 1024 1872 1063 et
1907 1016 2130 1063 subditur

212 1090 534 1152 passionibus,
574 1098 684 1137 sunt
720 1089 1006 1136 naturaliter
1041 1090 1169 1136 mala
1209 1086 1272 1150 (S.
1320 1090 1480 1136 leom.
1520 1091 1548 1136 l.
1589 1086 1666 1150 c.).

290 1160 340 1226 d)
383 1163 694 1224 «Unicuique
732 1163 1017 1210 naturaliter
1055 1163 1357 1211 conveniunt
1394 1179 1466 1222 ea,
1508 1164 1682 1224 quibus
1719 1164 1877 1211 tendit
1902 1164 1952 1210 in
1977 1166 2126 1211 finem

212 1256 351 1287 suum
398 1241 700 1297 naturalemg
749 1254 876 1299 quae
926 1243 1088 1285 antem
1137 1254 1163 1286 e
1212 1239 1462 1285 contrario
1499 1254 1550 1285 se
1588 1239 1797 1296 habent,
1848 1248 1960 1286 sunt
1994 1249 2129 1287 natu-

212 1315 377 1362 raliter
424 1314 863 1361 inconvenientia.
896 1352 902 1359 .
934 1352 970 1370 .,
1021 1314 1172 1360 homo
1211 1308 1409 1374 (autem)
1452 1313 1740 1360 naturaliter
1786 1313 2042 1360 ordinatur
2076 1314 2127 1360 in

212 1392 376 1437 Deum
412 1389 535 1436 sicut
570 1388 621 1434 in
657 1389 818 1434 finem.
882 1389 955 1434 Ea
991 1387 1148 1448 igitur,
1188 1388 1364 1448 quibus
1400 1388 1551 1434 homo
1591 1387 1837 1434 inducitur
1873 1388 1924 1434 in
1962 1388 2129 1450 cogni-

211 1465 400 1511 tionem
438 1474 485 1511 et
520 1479 743 1510 amorem
769 1463 879 1519 Dei,
919 1471 1029 1508 sunt
1064 1462 1350 1509 naturaliter
1382 1471 1544 1522 recta3
1583 1477 1710 1523 quae
1748 1472 1910 1514 autem
1949 1477 1976 1510 e
2013 1478 2127 1510 con-

213 1539 377 1596 trario,
417 1548 525 1586 sunt
562 1537 750 1585 homini
780 1537 1066 1583 naturaliter
1091 1538 1267 1593 mala»,
1307 1555 1348 1584 v.
1377 1553 1421 1599 g.
1450 1538 1774 1599 blasphemia,
1813 1546 2126 1600 contemptus

215 1615 324 1673 Dei,
364 1613 737 1661 inoboedientia
775 1621 865 1659 etc.
908 1608 971 1673 (S.
1019 1612 1178 1658 leem.
1218 1614 1247 1659 l.
1288 1608 1364 1672 c.).

217 1742 320 1795 71.
403 1740 570 1779 PARS
601 1741 655 1778 II.
720 1741 793 1778 De
827 1751 997 1778 norma
1034 1740 1209 1777 ultima.

291 1844 457 1890 Prob.
538 1842 741 1891 Natura
796 1843 936 1891 enim
992 1841 1223 1892 humana
1263 1843 1399 1892 sicut
1441 1841 1710 1908 quaelibet
1749 1848 1934 1893 natura
1973 1859 2125 1893 suam

214 1912 616 1991 intellegibilem
673 1925 982 1985 veritatem,
1046 1925 1452 1985 necessitatem,
1510 1923 1995 1975 immutabilitatem
2056 1925 2125 1975 ab

215 2008 442 2058 essentia
495 2007 671 2056 divina
711 2013 1007 2069 mutuatur;
1062 2006 1292 2072 ideoque
1343 2006 1457 2072 ipsa
1509 2007 1739 2056 essentia
1790 2007 1968 2056 divina
2019 2024 2127 2073 qua

216 2107 375 2140 causa
431 2089 752 2155 exemplaris
810 2090 1049 2138 omnium
1113 2106 1285 2139 rerum
1351 2097 1430 2139 est
1486 2106 1672 2139 norma
1736 2088 1922 2139 ultima
1977 2091 2126 2140 recti-

215 2173 411 2222 tudinis
463 2190 571 2222 non
626 2172 800 2222 solum
853 2189 950 2238 pro
1004 2171 1246 2233 homine,
1302 2172 1398 2221 sed
1452 2189 1547 2237 pro
1605 2171 1856 2221 omnibus
1908 2173 2126 2221 omnino

215 2255 454 2315 entibus,
509 2256 674 2304 immo
727 2254 887 2304 etiam
939 2271 1036 2320 pro
1089 2255 1206 2320 ipso
1248 2255 1397 2314 Deo,
1453 2254 1505 2302 in
1547 2263 1807 2320 quantum
1858 2254 1909 2303 in
1951 2271 2016 2304 eo
2059 2255 2128 2303 de

215 2354 402 2388 norma
443 2337 771 2387 rectitudinis
812 2354 986 2386 sermo
1040 2354 1155 2386 esse
1196 2345 1391 2403 potest.
1473 2335 1530 2387 Si
1569 2336 1710 2386 enim
1752 2348 1978 2402 quaero,
2034 2353 2129 2386 cur

217 2420 368 2471 Deus
423 2438 530 2470 non
576 2421 756 2486 -possit
812 2420 1044 2480 mentiri,
1104 2437 1211 2469 non
1260 2428 1399 2468 stare
1450 2419 1558 2468 suis
1608 2418 1907 2484 promissis,
1967 2435 2058 2468 cur
2097 2418 2127 2467 e

218 2511 403 2553 contra
462 2504 632 2569 possit
690 2503 802 2552 fieri
860 2502 1057 2562 thO,
1129 2501 1373 2551 homines
1440 2501 1761 2550 remunerari
1827 2499 1910 2550 Vel
1979 2516 2127 2566 prae-

217 2586 379 2635 miare
431 2594 562 2646 etc.,
617 2584 895 2634 ultimatim
949 2584 1238 2634 dicendum
1291 2590 1396 2644 est,
1455 2583 1576 2648 quia
1632 2583 1834 2647 priores
1889 2582 2129 2632 actiones

218 2675 460 2717 naturam
518 2667 622 2716 Dei
685 2666 887 2716 infinite
951 2665 1246 2732 perfectam
1313 2665 1635 2725 dedeceant,
1705 2664 1751 2713 ei
1811 2671 2126 2730 repugnent,

218 2750 540 2816 posteriores
579 2767 706 2799 vero
737 2750 782 2799 ei
813 2757 1128 2814 congruant.
1200 2747 1278 2798 Cf.
1312 2746 1368 2797 C.
1401 2755 1544 2813 gent.
1577 2746 1607 2796 l.
1647 2760 1687 2807 Ι,
1733 2763 1777 2795 c.
1821 2760 1922 2810 93:
1970 2746 2128 2795 «Non

218 2831 331 2882 vult
371 2833 562 2896 (Deus)
604 2831 760 2882 alicui
799 2849 951 2882 suam
993 2831 1291 2880 bonitatem
1333 2829 1729 2880 communicare
1771 2828 1839 2878 ad
1880 2828 2012 2890 hoc,
2070 2835 2129 2877 ut

218 2915 318 2965 sibi
359 2915 555 2964 exinde
595 2914 797 2980 aliquid
850 2922 1148 2974 accrescat,
1203 2913 1299 2962 sed
1356 2912 1478 2978 quia
1518 2911 1692 2977 ipsum
1734 2910 2130 2960 communicare

221 3005 302 3047 est
340 2997 448 3047 sibi
485 2997 798 3047 conveniens
838 2997 974 3046 sicut
1015 2994 1149 3045 fonti
1189 2994 1494 3044 bonitatis.»

222 3147 325 3200 72.
411 3135 612 3186 Cm‘oll.
657 3151 705 3185 J.
762 3136 847 3185 Ex
893 3135 1048 3184 dictis
1085 3133 1430 3198 intellegitur:
1483 3147 1523 3182 Ι.
1555 3131 1837 3198 quomodo
1875 3130 2129 3200 hsttaS

221 3219 495 3269 hominem
534 3217 788 3293 perficiat.
869 3217 1009 3266 Nam
1062 3216 1202 3265 actio
1243 3223 1460 3265 naturae
1501 3230 1805 3280 congruens
1854 3212 2010 3262 huius
2050 3220 2130 3261 est

222 3286 510 3367 perfectio;
553 3290 875 3365 intellegitur
918 3311 994 3358 2.‚
1050 3297 1330 3373 quomodo
1389 3295 1657 3362 quaelibet
1711 3294 1852 3345 actio
1904 3293 2132 3344 honesta

223 3381 462 3439 conferat
498 3382 570 3431 ad
610 3383 771 3462 finem
812 3381 1054 3431 ultimum
1094 3370 1337 3429 hominis
1418 3378 1559 3427 Nam
1598 3377 1788 3427 saltem
1828 3362 2034 3426 confert
2007 3368 2129 3424 ad
