2182 3682
213 145 281 193 80
616 152 729 180 PARS
764 153 791 181 Ι.
845 152 1159 181 PHILOSOPHIA
1194 152 1399 181 MORALIS
1435 152 1713 182 GENERALIS.

282 288 441 338 Proh.
500 298 663 340 antec,
747 288 987 355 Quilibet
1037 290 1319 356 singularis
1373 299 1526 340 actus
1577 308 1608 339 a
1659 291 1863 340 ratione
1918 288 2114 339 delibe-

207 371 373 421 rativa
411 372 728 437 procedens,
779 374 852 422 «si
892 390 998 422 non
1041 374 1107 422 sit
1149 373 1218 422 ad
1250 372 1492 422 debitum
1519 372 1681 422 finem
1711 372 2002 432 ordinatus,
2025 389 2116 421 ex

206 452 311 503 hoc
362 454 480 520 ipso
534 464 799 521 repugnat
834 442 1045 504 rationi
1097 463 1149 504 et
1201 455 1366 504 habet
1417 455 1677 504 rationem
1727 453 1882 504 mali»
1931 455 2011 518 (1,
2064 467 2111 515 2,

207 552 256 601 q.
308 537 398 597 18,
453 552 498 586 a.
531 538 601 600 9).
683 536 865 606 Atqui
902 538 946 586 si
986 537 1242 587 honestas
1284 535 1574 586 formaliter
1614 537 1856 586 consistit
1893 536 1946 586 in
1985 535 2114 586 utili-

204 624 313 667 tate
353 618 578 668 actionis
617 619 684 668 ad
727 606 973 668 ultimum
1002 619 1178 680 finem,
1222 618 1308 680 illi,
1354 620 1443 685 qui
1483 618 1627 669 hunc
1667 618 1825 668 finem
1855 617 1939 668 vel
1967 619 2114 684 igno-

206 708 322 749 rant
378 700 459 750 vel
521 700 668 750 nullo
724 701 891 751 modo
949 709 1134 752 curant
1191 703 1441 768 (quorum
1497 718 1746 750 numerus
1802 718 1900 767 pro
1961 698 2117 750 dolor

203 782 599 848 propemodum
651 782 886 832 infinitus
939 793 1018 833 est
1037 782 1096 848 l),
1151 784 1264 833 iam
1318 801 1420 834 non
1471 784 1655 833 valent
1702 783 1896 843 elicere
1943 790 2118 832 actum

205 864 511 927 ll072esf2ml,·
563 863 766 914 nullum
819 865 960 915 enim
1012 866 1210 916 habere
1262 874 1491 932 possunt
1539 865 1701 915 finem
1742 865 1983 915 debitum
2022 881 2116 914 seu

202 934 504 996 honestum.
588 946 860 997 Honestas
914 949 1055 998 enim
1108 949 1351 998 consistit
1403 949 1455 998 in
1495 948 1721 998 utilitate
1762 948 1829 997 ad
1871 947 2115 997 ultimum

203 1027 380 1090 finem,
426 1047 586 1095 quam
627 1029 697 1078 illi
739 1029 884 1080 nullo
926 1031 1093 1080 modo
1135 1031 1435 1097 respiciunt.
1506 1030 1561 1081 Si
1602 1048 1733 1097 ergo
1761 1049 1808 1080 v.
1853 1047 1903 1096 g.
1948 1029 2115 1079 homo

203 1111 507 1161 incredulus
570 1121 623 1161 et
687 1111 856 1162 malus
916 1114 1139 1179 pauperi
1193 1131 1262 1162 ex
1302 1113 1664 1163 misericordia
1716 1113 2118 1177 eleemosynam

206 1193 313 1255 dat,
344 1193 427 1243 vel
468 1195 510 1244 si
551 1212 812 1260 generose
853 1195 1049 1261 aliquid
1094 1196 1217 1245 facit
1258 1195 1327 1246 ad
1368 1196 1593 1262 patriam
1621 1195 1934 1245 salvandam
1971 1193 2117 1244 nullo

207 1276 373 1325 modo
416 1278 703 1343 respiciens
744 1276 905 1327 finem
946 1277 1207 1339 ultimum,
1251 1295 1359 1327 non
1400 1277 1565 1328 habet
1605 1277 1766 1327 finem
1799 1276 2115 1338 honestum;

206 1375 336 1424 ergo
378 1360 517 1409 actio
559 1377 666 1408 non
709 1368 789 1409 est
830 1360 1085 1421 honesta,
1140 1361 1304 1410 immo
1347 1378 1417 1410 ex
1457 1361 1720 1410 sententia
1762 1377 1972 1422 eorum,
2028 1359 2118 1425 qui

207 1458 314 1491 non
355 1441 645 1491 admittunt
683 1451 833 1492 actus
871 1442 1234 1492 indifferentes
1273 1443 1325 1492 in
1361 1443 1653 1504 individuo,
1695 1442 1792 1492 erit
1819 1442 2116 1492 inhonesta.

285 1561 458 1607 Dices:
505 1562 658 1608 Actus
705 1561 784 1608 ille
833 1562 1203 1610 misericordiae
1246 1572 1292 1609 et
1329 1562 1510 1610 similes
1547 1564 1718 1610 saltem
1756 1563 1859 1624 apti
1891 1569 2002 1609 sunt
2039 1561 2123 1623 qui

206 1636 481 1682 referantur
516 1636 566 1682 in
603 1638 753 1683 finem
789 1638 1024 1684 ultimum.
1080 1637 1179 1684 Sed
1215 1634 1260 1698 a)
1299 1638 1380 1684 illa
1418 1636 1640 1698 aptitudo
1678 1637 1783 1684 sola
1817 1651 1920 1683 non
1957 1636 2120 1695 efficit,

205 1717 257 1756 ut
304 1718 440 1757 actus
489 1711 551 1758 de
600 1711 731 1757 facto
776 1711 835 1757 sit
870 1711 995 1759 utilis
1033 1712 1096 1758 ad
1132 1711 1353 1759 ultimum
1391 1714 1568 1772 finemg
1616 1708 1666 1773 b)
1705 1711 1852 1760 etiam
1889 1720 2024 1758 actus
2061 1727 2121 1758 ex

206 1793 381 1832 natura
428 1801 513 1832 sua
559 1786 924 1844 indifferentes,
974 1795 1024 1832 ut
1071 1787 1373 1834 manducare
1420 1797 1467 1835 et
1502 1788 1700 1845 bibere,
1752 1794 1863 1834 sunt
1899 1787 2000 1848 apti
2037 1786 2121 1847 qui

206 1859 480 1906 referantur
526 1860 577 1906 in
624 1862 773 1908 finem
822 1861 1058 1908 ultimum.
1130 1863 1189 1908 In
1237 1877 1452 1922 quanam
1496 1873 1621 1923 'ergo
1669 1877 1723 1909 re
1772 1861 1993 1909 consistit
2037 1861 2121 1908 illa

207 1934 445 1996 aptitudo,
485 1944 532 1981 et
569 1951 654 1982 cur
690 1935 843 1996 aliqui
879 1945 1014 1983 actus
1051 1945 1160 1983 sunt
1196 1936 1460 1984 intrinsece
1497 1937 1618 1984 boni
1655 1946 1703 1984 et
1727 1936 1856 1995 mali,
1895 1937 1976 1983 alii
1999 1952 2120 1984 vero

206 2009 577 2057 indifferentes?

283 2099 402 2146 [nst.
476 2101 658 2147 Saltem
696 2100 1066 2162 interpretative
1103 2101 1313 2148 tendunt
1348 2100 1399 2147 in
1436 2102 1586 2149 finem
1622 2100 1859 2148 ultimum.

282 2185 422 2247 Resp.
483 2187 585 2245 llle,
625 2187 709 2248 qui
745 2187 955 2234 admittit
980 2188 1043 2234 ad
1068 2187 1340 2235 bonitatem
1367 2188 1605 2235 moralem
1634 2188 1873 2244 sufficere,
1910 2195 1962 2234 ut
1987 2195 2122 2235 actus

205 2259 573 2321 interpretative
628 2262 800 2309 tendat
854 2262 904 2308 in
960 2264 1107 2309 finem
1155 2263 1402 2320 ultimum,
1460 2277 1519 2309 eo
1564 2264 1672 2324 ipso
1710 2261 2119 2313 concedit,illam

206 2335 479 2382 bonitatem
518 2336 788 2384 formaliter
820 2354 922 2384 non
949 2337 1177 2385 constitui
1203 2338 1444 2385 relatione
1471 2353 1555 2385 seu
1580 2337 1783 2384 utilitate
1809 2336 1873 2383 ad
1896 2337 2120 2383 ultimum

205 2409 369 2456 finem.
442 2411 644 2457 Bonitas
693 2412 826 2458 enim
874 2412 924 2458 in
973 2422 1083 2459 actu
1130 2413 1266 2459 bono
1315 2429 1417 2459 non
1455 2427 1591 2459 mere
1627 2411 1997 2474 interpretative
2034 2411 2122 2459 sed

206 2484 477 2532 formaliter
512 2485 651 2533 inest.

282 2590 448 2637 Prob.
487 2604 531 2650 4.
619 2590 762 2640 Finis
804 2589 1048 2651 ultimus,
1093 2591 1161 2641 de
1203 2608 1309 2657 quo
1351 2589 1644 2656 loquuntur
1684 2590 1984 2651 adversarii,
2027 2597 2129 2655 aug

207 2670 532 2737 intellegitur
583 2672 862 2722 beatitudo
912 2672 1144 2722 hominis
1185 2682 1277 2722 aut
1317 2671 1488 2739 gloria
1526 2672 1645 2722 Dei.
1725 2671 1898 2738 Atqui
1934 2680 2121 2738 neuter
2181 2702 2182 2744 ᾗ

209 2751 326 2802 finis
365 2762 548 2818 potest
588 2771 704 2804 esse
745 2771 934 2818 norma
973 2755 1284 2805 honestatis.
1365 2754 1535 2820 Ergo.
2181 2745 2182 2760 ¹

282 2835 333 2899 a)
375 2835 663 2885 Beatiludo
692 2854 799 2886 non
842 2845 1024 2903 potest
1052 2854 1168 2887 esse
1197 2854 1384 2887 norma
1424 2836 1735 2887 honestatis.
1790 2836 1916 2886 Non
1955 2836 2117 2887 beati-

209 2916 342 2966 tudo
382 2918 849 2982 supernalus‘alz's,
906 2935 1044 2984 quae
1086 2919 1154 2969 de
1208 2918 1350 2969 facto
1392 2926 1473 2969 est
1525 2918 1642 2968 finis
1682 2926 1864 2968 noster
1903 2916 2120 2968 ultimus

210 3000 262 3048 in
313 3000 580 3065 praesenti
632 3001 832 3050 ordine.
914 3001 1053 3051 Nam
1107 3009 1224 3051 tota
1276 3000 1364 3051 lex
1417 3000 1668 3051 naturalis
1715 3000 2118 3069 eodemffmodo

209 3081 415 3146 vigeret
453 3082 505 3130 in
547 3082 732 3144 ordine
772 3100 917 3132 mere
957 3083 1208 3145 naturali,
1264 3099 1328 3133 ac
1367 3078 1507 3133 nunc
1546 3083 1708 3148 viget.
1789 3082 1915 3132 Non
1956 3081 2118 3132 beati-

211 3162 346 3211 tudo
397 3163 686 3213 naturalis.
768 3163 920 3222 Haec
973 3166 1114 3214 enim
1167 3165 1235 3215 de
1287 3151 1449 3215 facto*
1481 3156 1590 3214 non
1643 3172 1724 3214 est
1774 3164 1892 3214 finis
1907 3171 2120 3231 ss<noster

213 3244 455 3306 ultimus,
496 3244 595 3294 nisi
636 3254 897 3311 quatenus
937 3247 1231 3296 eminenter
1269 3247 1322 3296 in
1362 3246 1694 3296 beatitudine
1733 3245 2122 3315 supernaturali

217 3320 530 3377 continetur.
612 3326 752 3376 Dein
794 3344 1019 3393 quaero:
1065 3325 1347 3393 Quaenam
1388 3335 1511 3377 sunt
1552 3318 1806 3389 actiones,
1850 3342 1991 3393 quae
2030 3325 2125 3375 ho-
