2182 3682
579 184 731 213 CAPUT
763 184 792 212 I.
847 184 909 212 DE
942 182 1054 211 FINE
1088 182 1268 211 ULTIMO
1302 182 1516 213 HOMINIS.
1891 180 1956 233 27

59 339 204 380 conc„
253 323 292 370 si
339 337 441 369 non
481 322 655 380 habet,
705 336 831 380 nego.
904 319 1147 381 Apposite
1185 319 1231 366 S.
1278 320 1482 367 Thomas
1519 319 1594 382 (In
1631 341 1685 385 3,
1736 327 1842 375 dist.
1886 346 1960 389 23,

60 414 106 459 q.
152 415 190 454 1,
230 414 271 444 a.
306 413 350 454 4,
390 397 475 443 sol.
506 392 578 456 3):
623 395 786 441 «Finis
824 395 887 441 ad
925 409 1070 454 quem
1109 394 1276 440 divina
1312 395 1509 455 largitas
1546 397 1799 447 hominem
1837 404 1962 450 ordi-

57 471 192 520 navit
237 473 313 518 vel
360 469 768 532 praedestinavit,
819 470 902 516 scl.
942 468 1105 515 fruitio
1142 469 1213 515 sui
1249 469 1418 529 ipsius,
1469 479 1541 516 est
1576 473 1779 520 omnino
1817 493 1962 538 supra

59 547 338 593 facultatem
373 553 576 591 naturae
615 552 808 590 creatae
836 545 1063 590 elevatus.
1095 581 1102 589 .
1134 582 1141 590 .
1173 581 1180 589 .
1220 544 1369 590 Unde
1396 560 1485 605 per
1510 549 1749 594 naturalia
1775 557 1959 598 tantum

57 621 209 668 homo
247 634 348 666 non
384 619 533 666 habet
568 619 866 665 sufficienter
902 617 1274 664 inclinationem
1311 618 1374 664 ad
1411 617 1546 664 illum
1582 620 1776 668 finem.»

306 769 333 824 ξ
367 783 406 823 3.
454 772 534 810 DE
568 770 970 810 BEATITUDINE
1003 770 1268 809 FORMALI
1303 768 1705 825 (SUBIECTIVA).

802 887 1070 935 THESIS
1109 889 1200 934 1V.

61 989 162 1030 20.
278 985 538 1033 Essentia
573 983 933 1032 beatitudinis
969 983 1024 1030 in
1063 984 1182 1031 sola
1218 985 1465 1045 perfecta
1502 986 1606 1033 Dei
1645 988 1958 1049 cognitione

59 1060 327 1108 consistit.

135 1159 224 1212 St.
288 1160 364 1228 Q.
491 1176 530 1211 Ι.
601 1161 892 1227 Hucusque
953 1161 1405 1211 consideravimus
1464 1163 1851 1215 beatitudinem
1909 1168 1959 1217 in

57 1246 353 1306 communi,
397 1253 555 1310 prout
595 1244 721 1293 dicit
760 1252 956 1293 statum
998 1244 1126 1292 boni
1168 1244 1387 1308 perfecti
1428 1263 1519 1295 seu
1560 1249 1953 1312 possessionem

56 1326 299 1377 stabilem
341 1326 531 1376 summi
573 1335 625 1375 et
666 1326 1020 1375 consummati
1062 1326 1215 1388 boni,
1271 1327 1431 1393 igitur
1471 1344 1578 1378 non
1621 1330 1956 1381 distinximus

56 1410 190 1458 inter
240 1408 522 1458 essentiam
574 1416 626 1457 et
670 1408 965 1458 accidentia
1005 1408 1160 1457 huius
1201 1410 1566 1474 possessionis.
1647 1412 1758 1461 Iam
1800 1431 1954 1479 quae-

57 1492 208 1551 ritur,
252 1490 402 1562 quid
445 1490 733 1562 constituat
785 1490 1066 1566 essentiam
1120 1490 1273 1540 huius
1313 1500 1483 1541 status
1522 1494 1574 1542 in
1615 1495 1954 1559 oppositione

56 1573 124 1623 ad
178 1558 443 1622 attributa
470 1557 528 1621 et
551 1558 889 1629 accidentia
944 1571 1026 1621 vel
1079 1571 1189 1621 aliis
1230 1574 1429 1623 1011315ῑ
1485 1592 1579 1640 per
1620 1576 1748 1641 quid
1790 1576 1954 1627 homo

48 1640 345 1706 ⁴[ormaliter
392 1662 752 1719 consequatur
793 1662 845 1702 et
884 1654 1159 1719 possideat
1199 1654 1442 1705 ultimum
1483 1657 1640 1706 finem
1684 1675 1777 1708 seu
1817 1677 1954 1709 sum-

21 1753 203 1802 --mum
256 1736 459 1799 bonum
499 1736 736 1800 (Deum).
818 1736 969 1785 Patet
1024 1735 1160 1786 hanc
1214 1739 1646 1788 consecutionem
1700 1739 1810 1789 fieri
1861 1759 1955 1806 per

58 1817 287 1884 aliquem
354 1825 532 1867 actum
599 1801 897 1867 intellectus
962 1817 1043 1867 xel
1110 1817 1412 1869 xoluntatis.
1510 1820 1645 1870 Nam
1713 1832 1953 1888 spectata

59 1908 242 1950 natura
281 1909 392 1950 tum
421 1901 523 1950 Dei
564 1909 673 1949 tum
718 1901 924 1949 animae
967 1901 1232 1950 rationalis
1264 1902 1412 1951 Deus
1453 1902 1601 1952 aliter
1642 1905 1708 1953 ab
1739 1905 1953 1954 homine

56 1982 310 2048 possideri
341 1999 447 2032 non
476 1991 657 2049 potest
686 1982 782 2032 nisi
812 1983 1116 2047 cognitione
1146 1993 1197 2032 et
1227 2000 1408 2033 amore
1438 1984 1651 2034 relative
1688 1986 1952 2052 perfectis,

53 2081 147 2113 seu
187 2064 611 2130 adaequantibus
645 2065 884 2114 eiusdem
913 2066 1282 2131 capacitatem.
1340 2067 1505 2131 Igitur
1531 2067 1635 2117 iam
1664 2085 1771 2117 non
1802 2085 1954 2134 quae-

39 2146 208 2207 ritur,
263 2163 388 2195 num
436 2147 489 2196 hi
535 2156 684 2197 actus
725 2148 858 2196 sicut
899 2156 952 2197 et
992 2149 1246 2212 gaudium
1288 2149 1412 2198 inde
1454 2166 1786 2215 consequens
1828 2169 1954 2216 quo-

55 2229 454 2295 modocumque
503 2230 570 2278 ad
624 2229 1005 2279 beatitudinem
1059 2231 1414 2296 requirantur,
1481 2231 1576 2280 sed
1637 2249 1761 2280 num
1824 2233 1957 2282 inter

53 2311 225 2360 varios
264 2310 382 2360 11105
423 2319 573 2361 actus
612 2312 678 2361 sit
719 2312 936 2377 quidam
980 2313 1127 2374 ordo.
1171 2313 1242 2362 ita
1271 2322 1327 2362 ut
1356 2330 1490 2362 unus
1518 2313 1601 2363 vel
1629 2313 1807 2379 plures
1837 2332 1956 2364 con-

52 2391 272 2442 stituant
312 2393 595 2442 essentiam
638 2394 1062 2460 metaphysicam
1105 2394 1189 2458 (cf.
1234 2394 1425 2453 fisiclo,
1471 2394 1727 2461 Ontolog.
1772 2413 1821 2445 n.
1866 2397 1956 2460 69)

52 2474 408 2536 beatitudinis,
452 2475 654 2541 reliquo
695 2493 821 2525 vero
864 2476 1162 2542 pertineant
1201 2477 1269 2526 ad
1312 2477 1549 2526 eiusdem
1583 2479 1856 2539 attributa.

59 2616 158 2657 21.
277 2620 324 2657 2.
369 2606 592 2679 Triplex
632 2616 712 2657 est
754 2608 821 2657 de
863 2608 1138 2674 proposita
1179 2610 1490 2674 quaestione
1531 2610 1738 2676 opinio:

137 2696 182 2759 Ι)
227 2695 278 2746 S.
331 2696 571 2761 [homae
612 2699 693 2762 (Ι,
751 2712 807 2758 2,
864 2715 914 2764 q.
962 2712 1019 2762 3,
1075 2716 1118 2749 a.
1163 2713 1224 2760 4;
1282 2698 1338 2749 C.
1384 2706 1527 2765 gent.
1571 2698 1601 2749 1.
1651 2714 1706 2763 3,
1758 2717 1800 2750 c.
1848 2701 1953 2763 26),

7 2787 9 2789 ’
56 2778 145 2844 qui
184 2778 411 2828 affirmat
437 2779 608 2829 solam
636 2781 985 2844 cogmlzomm
1029 2781 1326 2848 (visionem)
1369 2798 1485 2831 esse
1524 2783 1808 2831 essentiam
1838 2782 1956 2831 bea

53 2859 306 2910 titudinis.
386 2861 599 2911 Praeter
650 2861 959 2912 Thomistas
999 2862 1325 2929 Angelicum
1377 2872 1672 2929 sequuntur
1711 2864 1957 2913 Beccmus

55 2925 166 3006 (De
203 2942 458 2993 beatitud.
491 2961 534 2994 c.
575 2958 614 3004 Ι,
659 2962 708 3010 q.
741 2945 813 3008 4),
854 2944 1069 2994 Tamur
1099 2945 1422 3011 (Theologia
1448 2945 1699 2995 scholast
1732 2954 1860 2995 tom.
1892 2946 1953 3006 H,

56 3023 188 3090 disp.
229 3039 270 3084 Ι,
302 3042 352 3090 q.
386 3039 432 3085 2,
465 3025 590 3075 dub.
625 3027 692 3090 3),
725 3025 983 3092 Sclcz'ffim
1009 3028 1295 3094 (Disputat.
1328 3027 1521 3078 Philos.
1554 3026 1737 3077 moral
1771 3045 1818 3075 n.
1849 3028 1953 3091 29).

129 3107 181 3170 2)
224 3105 368 3156 Scotz
406 3107 486 3171 (In
537 3121 598 3169 4,
653 3109 772 3158 dist.
815 3122 912 3172 49,
958 3126 1009 3174 q.
1057 3111 1137 3173 2),
1195 3110 1285 3176 qui
1339 3111 1502 3160 docet
1553 3108 1726 3159 solum
1778 3118 1955 3158 actum

53 3203 260 3257 amorzs
299 3190 622 3239 constituere
663 3191 947 3240 essentiam
988 3192 1357 3254 beatitudinis,

131 3270 183 3335 3)
224 3256 289 3320 Β
331 3270 551 3321 Albem
598 3271 804 3338 Magm
841 3273 921 3337 <In
973 3288 1036 3336 4,
1092 3275 1211 3324 dist
1268 3275 1385 3338 49),
1441 3272 1493 3323 S.
1538 3273 1956 3322 Bonaventmae

56 3351 212 3415 (In4,
256 3351 374 3403 dist.
418 3367 503 3417 49,
548 3372 598 3420 p.
637 3369 678 3415 1,
721 3372 771 3420 q
802 3356 873 3419 4),
920 3354 1173 3405 Suarezzz
1212 3356 1318 3420 (De
1358 3355 1545 3405 ultimo
1588 3355 1691 3405 fine
1732 3355 1867 3420 disp.
1902 3366 1949 3418 7,
