2182 3682
462 170 549 199 LIB.
584 169 631 199 11.
679 169 778 199 CAP.
813 168 873 198 IV.
921 169 982 197 DE
1016 168 1129 197 IURE
1162 168 1586 202 INTERNATIONALI.
1873 172 1980 226 477

91 313 275 356 contra
329 305 547 356 hostiles
601 306 972 371 aggressiones
1026 322 1121 371 per
1160 306 1265 355 vim
1319 306 1642 356 defendendi
1691 306 1774 356 vel
1824 307 1988 357 vindi-

89 387 245 437 candi
285 395 337 437 et
376 388 426 437 in
468 387 608 437 hunc
649 388 808 437 finem
849 404 994 436 arma
1034 395 1087 436 et
1119 386 1309 436 milites
1350 388 1710 453 comparandi.
1771 388 1986 438 Falsum

89 476 170 519 est
209 486 338 535 ergo
380 486 539 535 posse
581 470 817 519 civitates
857 485 1150 535 europaeas
1189 486 1236 518 v.
1270 486 1319 534 g.
1355 469 1405 517 in
1434 468 1617 518 Africa
1657 470 1766 519 sine
1807 470 1989 520 iniuria

89 568 182 601 eos
222 550 469 617 populos,
513 551 602 617 qui
641 552 824 601 iamin
851 552 1107 601 societate
1148 549 1284 600 civili
1324 551 1420 600 etsi
1452 551 1763 616 imperfecta
1789 552 1985 612 vivunt,

86 633 278 683 invitos
324 650 419 683 sua
468 633 883 699 independentia
933 632 1151 699 politica
1190 631 1271 682 vel
1312 649 1407 682 suo
1456 633 1716 682 territorio
1759 634 1986 698 privare,

162 715 217 778 b)
270 714 434 765 habet
485 732 700 781 quoque
750 716 830 764 ius
881 732 937 764 se
989 714 1156 764 libere
1199 714 1535 780 pelficiendz'.
1618 714 1758 764 Hinc
1810 723 1990 780 potest

88 798 359 863 acquirere
399 796 693 847 dmm'm'mn
735 804 788 847 et
827 797 948 846 ideo
990 797 1148 847 etiam
1189 805 1353 846 terras
1395 804 1446 846 et
1488 813 1569 846 res
1608 796 1799 846 nullius
1840 814 1990 847 occu-

88 896 229 946 pare.
303 879 578 929 Praeterea
618 879 781 928 habet
822 886 1144 945 potestatem
1185 879 1295 928 iura
1337 879 1531 928 civium
1572 895 1817 939 suorum,
1863 879 1991 928 dum

88 961 234 1028 apud
269 970 482 1011 exteros
509 970 798 1022 versantur,
842 961 1026 1011 tuendi
1063 978 1355 1027 eorumque
1383 961 1529 1011 bono
1563 959 1754 1010 illaesis
1782 959 1994 1010 alterius

87 1043 357 1094 societatis
407 1043 606 1094 iuribus
658 1044 1043 1109 prospiciendi,
1100 1052 1260 1109 atque
1300 1044 1351 1092 in
1392 1043 1533 1093 hunc
1586 1043 1746 1092 finem
1787 1042 1994 1109 legatos

89 1126 348 1187 mittendi,
393 1143 515 1176 cum
554 1125 666 1176 aliis
707 1125 925 1176 foedera
964 1125 1179 1175 ineundi
1221 1134 1322 1175 etc.

164 1207 338 1258 Sclwl.
383 1223 433 1258 2.
512 1208 611 1258 Per
648 1225 705 1258 se
746 1215 895 1274 patet
934 1207 1013 1257 his
1065 1207 1265 1257 iuribus
1316 1208 1470 1257 unius
1512 1207 1685 1272 gentis
1737 1225 1805 1257 ex
1845 1214 1996 1273 parte

89 1291 307 1341 aliarum
349 1291 674 1357 respondere
716 1290 892 1340 officia
933 1290 1185 1339 juridica.
1256 1289 1450 1340 Officia
1488 1307 1615 1339 vero
1657 1290 1910 1339 caritatis
1950 1297 2001 1339 et

89 1373 454 1439 beneficentiae
508 1373 794 1439 praecipua
848 1373 982 1422 inter
1038 1372 1270 1421 diversas
1327 1380 1513 1438 gentes
1573 1380 1722 1430 sunt,
1781 1380 1840 1421 ut
1890 1389 1997 1421 non

89 1454 263 1505 solum
304 1472 361 1504 se
402 1464 584 1505 mutua
633 1454 1008 1505 benevolentia
1058 1463 1474 1521 prosequantur,
1528 1454 1623 1504 sed
1666 1454 1825 1503 etiarn
1875 1454 2000 1503 data

91 1538 373 1587 occasione
413 1555 470 1588 se
510 1538 690 1587 iuvent
731 1545 784 1587 et
824 1545 1193 1603 promoveant,
1237 1537 1279 1586 si
1311 1537 1362 1586 id
1405 1538 1516 1586 sine
1558 1553 1755 1602 magno
1798 1536 1994 1586 damno

92 1620 309 1686 proprio
350 1619 462 1669 fieri
503 1629 679 1686 queat.
750 1619 804 1670 Si
844 1620 1004 1685 igitur
1043 1619 1217 1685 aliqua
1258 1636 1389 1685 gens
1430 1619 1497 1669 ab
1539 1619 1694 1668 hoste
1734 1619 1999 1668 invaditur

91 1711 181 1752 aut
222 1701 364 1752 bello
405 1703 653 1752 intestino
694 1702 965 1762 laceratur,
1011 1702 1199 1752 caritas
1238 1701 1488 1767 postulat,
1533 1710 1590 1750 ut
1630 1701 1815 1767 populi
1842 1701 1997 1750 vicini

93 1785 141 1834 ei
190 1793 523 1846 succurrant,
578 1784 765 1835 saltem
819 1784 1071 1834 auxilium
1123 1785 1339 1849 petenti.
1421 1784 1508 1833 Ex
1559 1801 1667 1849 quo
1718 1783 1996 1849 intelleges

91 1875 234 1917 recte
294 1868 610 1933 principium
669 1867 913 1916 moderni
971 1866 1272 1916 liberalismi
1328 1866 1395 1916 de
1450 1866 1871 1916 non-inlerz'enlu
1928 1866 1994 1916 ab

91 1948 333 1999 Ecclesia
373 1948 616 2015 (Syllabo
657 1949 790 1999 thes.
836 1950 926 2013 62)
970 1950 1282 1999 damnatum
1323 1966 1452 1999 esse.

164 2031 340 2082 Schol.
365 2047 420 2096 3.
466 2030 662 2096 Quaeri
689 2031 774 2081 hic
803 2031 954 2092 solet,
988 2049 1115 2080 num
1144 2049 1246 2081 una
1268 2033 1411 2081 natio
1435 2031 1602 2097 possit
1624 2030 1779 2080 aliam
1803 2047 1998 2096 cogere

91 2114 161 2164 ad
190 2115 570 2164 commercium
600 2131 719 2164 cum
743 2115 857 2180 ipsa
878 2114 1183 2164 ineundum.
1232 2113 1383 2164 Haec
1407 2114 1646 2180 quaestio
1669 2114 1899 2163 identica
1922 2121 2001 2162 est

93 2214 211 2246 cum
253 2195 433 2257 altera,
478 2213 606 2245 num
633 2195 811 2262 aliqua
838 2197 982 2246 natio
1013 2213 1080 2246 ea:
1120 2196 1327 2245 institia
1370 2195 1639 2261 obligetur
1667 2196 1734 2244 ad
1765 2213 2002 2245 commu-

93 2279 320 2328 tationes
356 2296 472 2329 cum
505 2277 616 2328 aliis
652 2279 954 2328 nationibus
992 2277 1275 2328 faciendas.
1333 2276 1497 2342 Quod
1533 2278 1840 2343 generatim,
1884 2275 2000 2326 solo

93 2378 219 2411 casu
242 2361 582 2427 gravissimae
604 2361 933 2411 necessitatis
958 2369 1207 2426 excepto,
1234 2360 1544 2426 negandum
1566 2359 1788 2421 videtur,
1821 2377 2000 2425 quam-

91 2444 168 2493 vis
191 2450 244 2493 et
266 2444 453 2494 caritas
476 2452 528 2493 et
554 2443 837 2509 prudentia
865 2443 1158 2509 generatim
1188 2442 1292 2492 tale
1322 2442 1701 2492 commercium
1732 2441 2001 2508 postulare

93 2526 312 2592 possint.
356 2524 507 2574 Talia
532 2533 711 2574 autem
735 2524 910 2575 officia
934 2525 1163 2575 caritatis
1187 2525 1450 2574 coactioni
1473 2542 1580 2574 non
1602 2533 1724 2573 sunt
1746 2524 1996 2574 obnoxia.

169 2607 455 2674 Quaelibet
502 2616 680 2657 autem
730 2608 958 2657 societas
1010 2625 1105 2673 per
1145 2624 1202 2657 se
1242 2608 1322 2656 ius
1363 2607 1527 2656 habet
1566 2607 2000 2672 importationem

92 2689 381 2740 alienarum
409 2690 678 2751 mercium,
722 2690 763 2740 si
791 2691 844 2739 id
874 2691 1228 2740 necessarium
1257 2689 1355 2739 sibi
1382 2689 1639 2750 videatur,
1681 2687 1999 2754 prohibendi

92 2771 175 2822 vel
214 2771 403 2822 saltem
443 2773 702 2838 impositis
743 2773 951 2823 tributis
993 2789 1061 2822 ex
1101 2781 1251 2838 parte
1298 2771 1640 2838 impediendi.

823 2935 1152 2975 ARTICULUS
1185 2936 1260 2974 ΙΠ.

751 3039 842 3084 DE
880 3038 1330 3085 FOEDERIBUS.

307 3144 484 3199 (Aseyer,
518 3147 699 3186 Institut.
737 3147 836 3186 iuris
869 3156 952 3187 nat.
988 3149 1040 3197 Π,
1077 3162 1117 3188 n.
1156 3158 1254 3198 712.
1319 3146 1562 3198 Moralphil.
1596 3147 1636 3184 Π
1670 3143 1790 3197 693.)

101 3257 134 3308 6
145 3268 247 3322 50.
335 3274 376 3310 1.
419 3257 668 3310 Foedei‘a
709 3269 969 3310 vocantur
1020 3268 1316 3310 contractus
1366 3258 1508 3308 infer
1553 3257 1805 3306 diversas
1842 3256 1998 3306 socie-

96 3349 231 3390 tates
257 3342 535 3407 perfectas
575 3342 709 3391 initi.
771 3341 981 3403 Civitas,
1024 3343 1159 3391 sicut
1187 3339 1457 3407 quaelibet
1495 3339 1723 3389 societas
1750 3339 1831 3389 sui
1857 3338 1995 3399 iuris,
