2182 3682
171 148 282 206 484
581 156 695 185 PARS
730 156 778 186 ΙΙ.
830 156 1145 186 PHILOSOPHIA
1180 158 1383 187 MORALIS
1419 158 1668 189 SPECIALIS.

171 292 227 356 b)
270 292 549 357 reparatio
590 293 782 344 damni
816 292 969 355 illati,
1024 293 1116 344 scl.
1160 300 1238 356 ut,
1284 295 1371 361 qui
1413 294 1667 345 damnum
1707 313 1870 362 grave
1909 295 2082 348 intulit

170 373 407 440 illudque
448 376 696 425 resarcire
737 385 973 437 recusat,
1016 377 1085 426 ad
1126 377 1366 426 eiusdem
1408 379 1796 444 reparationem
1840 388 2078 446 cogatur.

171 455 227 506 Si
268 456 520 506 damnum
576 457 777 508 illatum
821 459 887 508 sit
940 457 1055 508 leve
1095 468 1185 509 aut
1227 477 1345 509 reus
1385 460 1440 509 id
1483 477 1728 527 reparare
1767 461 1920 523 velit,
1975 479 2084 512 non

171 539 325 590 adest
373 539 642 590 sufficiens
695 556 855 590 causa
910 539 1060 603 belli;
1122 542 1171 606 c)
1224 542 1463 592 vindicta
1516 543 1765 593 67'2'7722'722'S
1814 543 2088 594 commissi

169 621 280 683 vel,
335 623 481 688 quod
535 623 678 672 idem
721 632 828 684 est,
883 624 1022 673 iusta
1051 624 1265 689 punitio
1307 625 1445 686 eius,
1501 626 1592 692 qui
1632 626 1870 676 iniuriam
1910 625 2084 677 intulit

171 722 270 754 nec
311 722 554 771 reparare
595 704 720 755 vult.

246 795 411 843 Prob.
492 793 643 845 Sicut
694 795 760 844 ad
806 797 1268 846 conservationem
1321 797 1468 863 pacis
1507 798 1644 848 intra
1684 797 1912 848 eandem
1953 815 2083 848 rem-

170 876 438 943 publicam
481 878 783 928 auctoritati
822 895 1103 944 supremae
1143 880 1221 929 ius
1274 880 1530 946 puniendi
1570 880 1765 931 delicta
1805 881 2080 947 competit,

168 960 241 1009 ita
280 960 424 1010 idem
463 959 544 1009 ius
572 961 928 1010 necessarium
958 961 1134 1012 estad
1176 979 1367 1028 pacem
1407 963 1544 1013 inter
1572 963 1810 1013 diversos
1850 962 2084 1030 populos

170 1043 607 1093 conservandam.
665 1042 789 1093 Hoc
830 1052 1010 1094 autem
1050 1045 1128 1094 ius
1170 1045 1220 1094 in
1262 1046 1472 1095 nemine
1513 1063 1630 1096 esse
1672 1053 1853 1113 potest
1893 1046 1991 1096 nisi
2030 1045 2083 1095 in

168 1126 441 1191 superiore
495 1124 681 1192 populi
737 1125 878 1177 laesi.
976 1126 1183 1176 Bellum
1240 1145 1310 1177 ex
1365 1127 1466 1178 hac
1521 1127 1704 1178 ultima
1760 1145 1921 1179 causa
1975 1145 2082 1178 sus-

169 1217 385 1275 ceptum
414 1215 638 1258 vocatur
677 1209 889 1274 proprie
929 1209 1125 1259 bellum
1153 1209 1561 1260 vz'ndz'calivmn.
1618 1211 1875 1261 Vindicta
1901 1219 2080 1261 tamen

167 1291 343 1341 solum
396 1299 615 1341 eatenus
668 1290 789 1341 licet
841 1292 1001 1341 etiam
1043 1291 1393 1358 reipublicae,
1449 1302 1713 1359 quatenus
1752 1294 1823 1344 ad
1877 1294 2080 1344 bonum

168 1391 454 1424 commune
494 1374 765 1424 societatis
805 1375 1100 1425 necessaria
1142 1382 1236 1426 est.

173 1513 317 1578 658.
399 1525 566 1564 PARS
597 1525 673 1564 ΙΙΙ.
738 1525 943 1564 Debitus
976 1526 1151 1564 modus
1185 1526 1303 1564 belli
1331 1527 1546 1575 gerendi.

243 1614 409 1661 Prob.
488 1613 750 1663 Nimirum
804 1614 1106 1680 requiritur:
1163 1615 1212 1679 a)
1262 1624 1319 1664 ut
1372 1614 1572 1664 bellum
1625 1631 1733 1664 non
1785 1613 2080 1680 incipiatur,

166 1696 263 1744 nisi
303 1704 449 1746 certo
492 1705 702 1746 constet
741 1695 841 1746 alia
868 1697 951 1745 via
992 1696 1248 1746 damnum
1275 1697 1360 1746 vel
1401 1697 1639 1746 iniuriam
1670 1696 1944 1746 resarciri
1980 1713 2082 1746 non

157 1786 344 1843 posse,
400 1787 452 1828 et
493 1778 588 1828 nisi
629 1810 701 1815 ——
741 1779 795 1828 id
837 1780 983 1845 quod
1032 1779 1084 1828 in
1136 1781 1311 1845 priore
1363 1780 1465 1829 iam
1520 1779 1628 1829 fere
1670 1779 1973 1829 continetur
2014 1809 2083 1814 —

168 1861 313 1927 prius
366 1860 517 1911 fuerit
567 1862 852 1924 indictum3
909 1862 964 1926 b)
1013 1879 1120 1912 non
1174 1863 1342 1912 maius
1395 1863 1649 1912 damnum
1700 1861 1890 1912 inferre
1942 1861 2079 1923 licet,

169 1961 330 2010 quam
381 1945 645 1994 assecutio
699 1943 841 2004 finis,
898 1944 969 1994 ob
1011 1961 1171 2010 quem
1213 1943 1411 1994 bellum
1452 1944 1758 2010 suscipitur,
1816 1943 2078 2010 postulat;

169 2027 217 2090 c)
259 2026 419 2076 etiarn
470 2027 522 2076 in
573 2026 690 2093 ipso
745 2025 887 2076 bello
929 2044 1036 2076 non
1089 2026 1213 2077 licet
1266 2027 1521 2076 adhibere
1573 2027 1751 2077 media
1801 2026 2082 2076 intrinsece

167 2107 474 2170 inhonesta,
535 2127 583 2158 v.
643 2126 693 2175 g.
758 2110 966 2159 mentiri
1024 2108 1107 2158 vel
1170 2109 1369 2159 directe
1430 2109 1678 2159 occidere
1737 2109 2078 2169 innocentes;

169 2192 224 2257 d>
266 2209 428 2258 quam
468 2192 699 2257 primum
740 2191 856 2241 finis
897 2190 1023 2241 belli
1063 2192 1317 2242 obtentus
1359 2200 1465 2253 est,
1522 2209 1682 2242 omne
1722 2192 1802 2241 ius
1842 2190 2076 2241 bellandi

170 2282 357 2336 cessat,
401 2282 731 2340 quapropter
771 2274 1020 2324 ulteriora
1061 2275 1258 2324 damna
1298 2274 1487 2324 inferre
1528 2292 1634 2324 non
1676 2273 1814 2324 licet.

245 2362 422 2413 Schol.
511 2363 753 2414 Victoria
807 2373 998 2430 utpote
1051 2364 1251 2414 factum
1302 2381 1446 2413 mere
1498 2363 1770 2414 materiale
1821 2371 1875 2413 et
1924 2361 2082 2412 valde

169 2445 413 2496 fortunae
466 2446 675 2496 casibus
728 2446 1023 2496 obnoxium
1077 2447 1145 2496 de
1197 2464 1254 2496 se
1301 2446 1502 2496 nullum
1555 2447 1633 2496 ius
1684 2446 1932 2512 praebet,
1985 2443 2082 2494 sed

169 2528 344 2578 solum
386 2528 573 2589 efficit,
617 2537 674 2578 ut
715 2529 884 2578 victor
923 2530 1035 2578 iura
1075 2546 1171 2579 sua
1212 2529 1426 2578 aliunde
1465 2528 1565 2579 sibi
1607 2528 1790 2578 debita
1829 2526 2082 2594 prosequi

169 2612 354 2678 possit.
436 2611 600 2676 Igitur
640 2629 711 2660 ex
748 2612 969 2661 victoria
1007 2611 1127 2661 sola
1182 2629 1289 2662 non
1330 2612 1567 2676 exsurgit
1607 2611 1685 2660 ius
1737 2620 1955 2676 gentem
1996 2608 2082 2658 de-

168 2694 362 2744 victam
404 2693 820 2759 independentia
860 2694 1127 2760 privandi,
1183 2695 1230 2743 ei
1270 2694 1428 2743 urbes
1468 2693 1551 2743 vel
1593 2700 1800 2759 partem
1840 2691 2083 2742 territorii

170 2774 443 2825 auferendi
482 2774 564 2824 vel
605 2774 789 2825 hostes
830 2793 938 2825 non
980 2776 1286 2826 resistentes
1329 2775 1626 2825 occidendi.

904 2937 1236 2977 ARTICULUS
1268 2938 1342 2976 vi.

577 3042 668 3087 DE
708 3040 979 3088 SOCIALI
1016 3042 1282 3088 UNIONE
1327 3041 1669 3088 GENTIUM.

878 3148 1144 3203 (Moraiphfl.
1179 3152 1221 3190 Π
1257 3149 1379 3202 722.)

178 3259 323 3325 659.
412 3275 451 3312 Ι.
495 3261 583 3310 Ex
610 3278 692 3322 eo,
736 3261 883 3328 quod
912 3270 1097 3312 natura
1125 3262 1352 3311 hominis
1382 3261 1591 3312 socialis
1618 3278 1726 3310 non
1755 3260 2084 3327 conquiescit

173 3344 223 3392 in
265 3343 669 3409 particularibus
710 3344 1010 3394 civitatibus
1038 3344 1398 3405 efformandis,
1442 3344 1537 3394 sed
1579 3351 1765 3393 mutua
1791 3342 2084 3408 indigentia
