2182 3682
100 190 199 218 CAP.
228 189 292 217 111.
340 188 401 215 DE
435 186 669 215 BONITATE
704 186 762 213 ET
797 185 995 214 MALITIA
1032 186 1209 214 MORALI
1245 186 1440 214 ACTUUM
1476 186 1802 215 JIUMANORUM.
1864 185 1931 238 97

48 335 70 372 1
92 334 186 373 IO.
266 331 430 369 PARS
461 331 515 368 II.
583 330 683 368 Sed
716 332 794 367 est
822 329 1031 378 privatio
1062 329 1362 366 rectitudinis
1397 359 1404 365 .
1441 359 1449 366 .
1486 359 1493 366 .
1531 330 1734 367 debitae.

115 420 277 466 Prob.
319 433 359 465 1.
409 416 609 466 Malitia
650 417 938 482 opponitur
985 416 1223 465 bonitati.
1305 415 1474 481 Alqm'
1523 416 1654 465 haec
1697 417 1935 465 consistit

35 502 86 551 in
128 499 497 550 convenientia
535 506 685 549 actus
723 498 792 547 ad
822 506 1062 547 naturam
1091 496 1400 547 rationalem
1442 505 1499 546 ut
1538 497 1713 547 talem.
1782 497 1935 562 Ergo

45 581 242 632 malitia
282 581 524 631 consistit
562 581 614 630 in
656 579 1111 629 disconvenientia
1152 579 1414 645 opposita.

115 671 280 718 Prob.
320 684 362 717 2.
449 668 649 718 Malitia
701 686 808 718 non
865 677 945 717 est
1000 669 1191 717 entitas
1246 668 1501 733 positiva,
1572 684 1701 732 ergo
1762 666 1938 732 aliqua

39 753 277 819 privatio,
359 750 528 816 Atqui
576 749 718 799 nulla
770 748 868 798 alia
921 750 1145 815 privatio
1202 749 1497 814 excogitari
1549 755 1756 814 potest,
1800 765 1937 813 quae

39 833 292 884 malitiam
331 832 651 883 sufficienter
691 831 949 897 explicet,
1009 849 1169 897 quam
1222 849 1359 897 quae
1410 832 1461 880 in
1502 830 1638 880 thesi
1677 831 1934 880 statuitur.

38 916 191 982 Ergo
235 957 243 966 .
292 955 300 963 .
348 957 355 964 .

47 1061 70 1099 1
91 1061 114 1098 Ι
136 1060 187 1098 Ι.
265 1057 432 1095 PARS
463 1057 539 1095 ΙΙΙ.
603 1056 905 1104 Proinde-que
930 1086 937 1094 .
965 1086 973 1094 .
1001 1086 1008 1094 .

114 1146 279 1193 Prob.
332 1145 558 1194 Privatio
601 1144 808 1194 diversa
849 1152 928 1194 est
968 1161 1066 1209 pro
1097 1143 1398 1193 diversitate
1426 1143 1570 1203 boni,
1615 1160 1720 1208 quo
1751 1143 1936 1208 privat.

40 1228 187 1293 Ergo
229 1226 426 1277 malitia
467 1227 673 1276 diversa
702 1235 782 1276 est
810 1243 907 1292 pro
937 1226 1239 1275 diversitate
1267 1224 1575 1285 honestatiS,
1621 1241 1724 1290 qua
1750 1225 1937 1291 privat.

40 1309 190 1359 Haec
240 1316 420 1359 autem
471 1309 724 1358 honestas
774 1307 1110 1374 specificatur
1162 1308 1228 1357 ab
1272 1307 1502 1356 obiecto.
1583 1306 1729 1371 Ergo
1782 1307 1941 1355 etiam

39 1391 236 1441 malitia
276 1399 479 1440 remote
520 1392 588 1441 ab
630 1391 843 1440 obiecto
872 1390 1223 1456 specificatur,
1269 1396 1428 1455 prout
1456 1397 1673 1438 naturae
1702 1388 1941 1437 rationali

40 1482 121 1523 est
161 1473 566 1523 disconveniens
605 1491 697 1523 seu
739 1480 883 1522 caret
924 1472 1105 1522 debita
1146 1472 1529 1522 convenientia.

50 1617 189 1656 112.
271 1604 444 1656 Schol.
526 1605 674 1656 Sicut
728 1607 965 1666 bonitas,
1023 1606 1094 1655 ita
1146 1606 1301 1655 etiam
1356 1604 1551 1654 malitia
1593 1621 1688 1670 per
1728 1604 1942 1653 circum-

43 1689 260 1737 stantias
301 1695 355 1738 et
395 1688 554 1738 finem
608 1690 750 1738 varie
805 1688 1100 1738 modificari
1154 1696 1349 1753 potest.
1431 1686 1538 1737 Sed
1581 1686 1817 1736 notanda
1865 1694 1944 1734 est

43 1786 238 1835 magna
266 1770 559 1820 differentia
586 1771 722 1820 inter
750 1770 1047 1820 bonitatem
1077 1778 1129 1819 et
1157 1768 1426 1819 malitiam.
1472 1769 1608 1817 Nam
1653 1783 1693 1818 Ι.
1726 1768 1942 1818 circum-

42 1853 235 1902 stantia
275 1852 412 1902 mala
452 1861 631 1919 potest
670 1853 939 1902 interdum
979 1869 1173 1902 novam
1202 1851 1425 1916 speciem
1455 1849 1684 1900 malitiae
1724 1850 1940 1910 addere,

41 1935 113 1984 ita
151 1941 207 1984 ut
262 1943 414 1985 actus
465 1934 753 1984 voluntatis
808 1943 1018 2000 praeter
1058 1933 1311 1983 malitiam
1367 1951 1434 1982 ex
1492 1933 1707 1982 obiecto
1749 1933 1944 1981 habeat

41 2016 196 2067 aliam
251 2016 334 2067 vel
389 2018 549 2067 etiam
608 2017 786 2083 plures
841 2017 1046 2083 species
1106 2015 1335 2065 malitiae
1392 2033 1461 2065 ex
1521 2015 1941 2064 circumstantiis.

43 2097 368 2165 Exemplum
409 2099 576 2149 habes
616 2100 666 2149 in
708 2117 789 2160 eo,
833 2100 921 2165 qui
962 2098 1074 2148 vult
1104 2099 1259 2147 furari
1289 2115 1397 2147 rem
1427 2115 1646 2158 sacram,
1691 2106 1749 2146 ut
1777 2096 1944 2163 possit

41 2179 352 2231 adulterare.
399 2181 549 2231 Idem
578 2190 757 2231 autem
786 2182 854 2231 de
876 2190 996 2231 actu
1025 2181 1171 2230 bono
1201 2181 1303 2229 dici
1327 2181 1522 2245 nequit.
1549 2212 1613 2216 —
1644 2192 1690 2229 2.
1717 2177 1943 2228 Circum-

41 2263 280 2324 stanfiae,
324 2272 381 2313 ut
409 2272 642 2329 augeant
670 2263 971 2324 bonitatem,
1016 2263 1217 2312 debent
1259 2263 1458 2312 directe
1500 2270 1552 2311 et
1593 2279 1688 2327 per
1727 2279 1783 2310 se
1826 2277 1944 2310 esse

41 2344 265 2407 volitae;
320 2354 377 2395 ut
426 2355 604 2396 autem
658 2346 932 2395 malitiam
974 2345 1192 2406 addant,
1252 2344 1470 2405 sufficit,
1529 2344 1677 2409 quod
1733 2344 1837 2392 sint
1876 2344 1946 2392 in-

45 2427 242 2477 directe
292 2428 500 2478 volitae.
583 2428 637 2479 Si
689 2437 867 2478 autem
921 2427 1065 2477 nullo
1107 2428 1273 2476 modo
1314 2435 1436 2476 sunt
1477 2427 1724 2492 cognitae
1765 2434 1818 2475 et
1857 2443 1944 2474 vo·

44 2507 185 2571 litae,
229 2510 483 2560 malitiam
524 2510 798 2561 formalem
839 2509 1038 2560 nullam
1077 2510 1218 2559 actui
1269 2510 1522 2559 tribuunt.
1567 2539 1637 2543 —-
1681 2521 1726 2571 3.
1770 2508 1945 2557 Actus

44 2607 112 2639 ex
151 2591 255 2641 fine
295 2593 591 2643 bonitatem
632 2593 874 2659 accipere
914 2610 1020 2641 uno
1050 2600 1254 2641 tantum
1286 2592 1453 2641 modo
1481 2600 1676 2657 potest,
1718 2589 1807 2639 scl.
1853 2607 1948 2656 per

44 2673 325 2738 positivam
366 2674 677 2725 relationem
717 2676 768 2724 in
810 2675 969 2724 finem
1011 2675 1246 2735 bonum;
1291 2673 1543 2723 malitiam
1578 2690 1708 2722 vero
1751 2671 1944 2738 duplici

45 2755 240 2806 modo:
284 2757 332 2821 a)
374 2775 469 2823 per
509 2758 789 2823 positivam
832 2756 1140 2806 relationem
1183 2756 1234 2805 in
1276 2756 1434 2805 finem
1476 2754 1699 2815 malum,
1756 2754 1810 2816 b)
1853 2771 1948 2819 per

47 2837 330 2888 carentiam
353 2839 620 2889 relationis
641 2840 690 2888 in
720 2839 881 2889 finem
905 2839 1162 2888 debitum.
1213 2837 1354 2887 Hinc
1382 2837 1651 2887 verissime
1670 2835 1722 2886 S.
1758 2835 1942 2886 leom.

54 2932 95 2978 I,
140 2932 198 2979 2,
251 2937 301 2986 q.
347 2932 442 2985 71,
498 2939 543 2972 a.
593 2931 615 2985 5
661 2922 730 2971 ad
780 2936 834 2982 1;
900 2920 1149 2981 «Plura»,
1212 2920 1407 2986 inquit,
1471 2919 1838 2984 «requiruntur
1877 2917 1945 2966 ad

46 2998 247 3050 bonum
289 3020 449 3068 quarn
490 3004 558 3053 ad
599 3002 845 3053 malum.»

128 3141 228 3181 Obi.
264 3148 430 3184 contra
462 3158 483 3183 ι
512 3149 634 3196 part.
669 3158 702 3184 ι.
778 3139 969 3184 Bonum
1008 3145 1056 3183 et
1092 3137 1272 3183 malum
1310 3135 1360 3181 in
1397 3133 1664 3181 moralibus
1701 3131 1946 3178 contrarie

48 3218 363 3268 opponuntur
400 3207 464 3272 (S.
511 3213 704 3269 leem„
753 3214 831 3258 De
878 3211 1009 3258 malo
1048 3226 1094 3271 q.
1138 3228 1190 3268 2,
1241 3227 1281 3256 a.
1325 3223 1347 3271 5
1390 3209 1452 3255 ad
1490 3203 1553 3268 3).
1625 3207 1777 3266 Atqui
1819 3221 1946 3266 quae

48 3283 291 3331 contrarie
339 3295 681 3346 opponuntur,
730 3294 840 3333 sunt
886 3285 1095 3346 positiva
1142 3284 1192 3330 in
1240 3292 1449 3343 utroque
1505 3290 1739 3328 extremo.
1812 3281 1947 3339 Ergo

47 3354 230 3402 malitia
266 3358 416 3405 debet
451 3374 557 3407 esse
593 3360 856 3420 positivum
894 3358 1026 3421 quid.

141 3437 378 3481 Cathrein,
407 3442 539 3474 Philos.
567 3443 721 3476 moralis.
765 3444 832 3476 Ed.
861 3456 891 3483 5.
1658 3445 1680 3485 7
