2182 3682
189 167 294 229 462
587 178 699 207 PARS
734 179 782 208 ΙΙ.
835 179 1154 208 PHILOSOPHIA
1187 180 1392 210 MORALIS
1427 181 1676 211 SPECIALIS.

184 330 292 362 non
334 313 430 362 nisi
470 330 565 379 per
604 315 1068 381 participationem
1109 324 1162 367 et
1203 334 1325 368 cum
1367 318 1631 369 essentiali
1656 320 2094 372 subordinatione
2175 358 2178 359 γ

186 396 254 445 ad
296 396 486 462 ipsum.

188 534 355 599 630„
404 537 581 589 Sclzol.
605 555 650 590 I.
684 537 959 604 Quasnam
971 541 1342 606 proprz‘ez‘ales
1363 541 1451 592 lex
1475 542 1638 593 civilis
1659 543 1858 594 habere
1880 543 2093 605 debeat,

184 628 240 669 ut
293 619 524 687 obliget,
579 623 705 671 satis
758 622 934 672 elucet
985 640 1054 672 ex
1102 623 1187 685 iis,
1244 641 1380 690 quae
1420 625 1544 675 alibi
1584 626 1653 690 (n.
1706 627 1827 691 193)
1869 627 1938 676 de
1977 644 2094 693 pro-

187 701 501 767 prietatibus
542 702 675 770 legis
716 705 977 770 positivae
1019 707 1313 770 generatim
1355 706 1599 758 diximus

259 797 436 849 Schol.
482 814 530 850 2.
612 799 706 849 Ad
759 799 1118 865 legislatorem
1172 819 1266 868 per
1316 820 1373 853 se
1426 804 1582 853 etiam
1636 804 1868 870 pertinet
1913 804 2095 871 legum

184 881 481 947 abrogafio,
527 883 748 932 mutatio
785 885 1185 950 earundemque
1214 886 1517 941 mathemata
1547 886 1940 952 inlerpretalio,
1978 905 2094 954 pro-

183 972 240 1013 ut
294 963 427 1014 haec
481 964 822 1031 distinguitur
874 966 940 1016 ab
994 967 1431 1034 interpretatione
1482 986 1626 1019 mere
1672 969 1963 1020 scientifica
2001 987 2096 1020 seu

186 1046 479 1107 doctrinali,
524 1064 661 1113 quae
702 1048 848 1098 nullo
890 1050 1056 1099 modo
1099 1067 1169 1100 ex
1209 1067 1265 1100 se
1307 1051 1513 1117 obligat
1554 1060 1606 1101 et
1645 1068 1675 1102 a
1717 1051 1959 1118 quolibet
1999 1052 2097 1118 pri—

183 1136 308 1179 vato
362 1129 473 1178 dari
524 1138 718 1196 potest.
802 1131 982 1182 Hodie
1035 1141 1213 1182 tamen
1266 1134 1317 1182 in
1359 1134 1537 1183 multis
1578 1134 1754 1200 regnis
1794 1134 2096 1185 authentica

184 1210 365 1276 legum
406 1212 770 1278 interpretatio
813 1216 1074 1280 supremis
1115 1215 1466 1265 tribunalibus
1507 1217 1793 1266 commissa
1834 1225 1927 1267 est.

375 1386 402 1442 ξ
437 1401 475 1440 3.
526 1392 605 1430 DE
638 1392 981 1432 POTESTATE
1017 1393 1438 1434 GL‘BERNATIVA
1475 1392 1901 1446 (EXSECUTIVA).

189 1495 333 1560 631.
422 1514 462 1549 Ι.
507 1500 621 1551 Sub
662 1501 762 1552 hac
804 1520 939 1553 voce
993 1504 1499 1569 comprehendimus
1540 1513 1708 1555 totam
1751 1512 2092 1571 potestatem,

185 1597 321 1646 quae
374 1591 582 1648 praeter
629 1594 956 1650 potestatem
997 1585 1346 1651 legislativam
1389 1596 1441 1637 et
1480 1587 1804 1637 iudiciariam
1845 1604 2094 1654 supremo

185 1663 465 1729 imperanti
507 1668 780 1733 competit.
849 1668 959 1717 Iam
1002 1669 1052 1733 a)
1093 1669 1457 1719 necessariam
1500 1686 1617 1719 esse
1657 1677 1983 1736 potestatem
2011 1687 2096 1720 ex-

185 1746 505 1808 secztliz'am,
557 1766 693 1814 quae
741 1749 890 1816 leges
931 1750 1261 1817 promulget,
1318 1768 1406 1801 eas
1446 1752 1514 1802 ad
1558 1768 1712 1802 casus
1753 1750 2096 1818 particulares

189 1827 451 1894 applicet,
504 1847 683 1880 earum
733 1833 1127 1882 observantiam
1166 1842 1380 1899 urgeat,
1436 1834 1560 1883 inde
1593 1842 1768 1900 patet,
1823 1834 1945 1900 quia
1983 1833 2097 1883 sine

189 1909 290 1960 hac
329 1920 597 1976 potestate
638 1914 751 1980 ipsa
793 1924 1034 1981 potestas
1074 1915 1369 1981 legislativa
1410 1915 1572 1965 finem
1613 1933 1768 1965 suum
1810 1915 2097 1966 efficaciter

188 2009 295 2042 non
335 2005 728 2061 assequeretur;
773 1998 829 2061 b)
871 1997 1006 2047 ultra
1046 1997 1184 2047 hanc
1224 2005 1550 2064 potestatem
1579 1999 1736 2048 etiam
1766 1997 1923 2048 aliam
1951 2005 2097 2064 pote-

187 2083 379 2125 statem
421 2078 637 2144 requiri,
694 2096 831 2145 quae
871 2080 918 2129 in
964 2080 1176 2130 casibus
1216 2080 1621 2145 particularibus
1662 2097 1743 2130 res
1785 2096 2097 2130 communes

188 2157 412 2220 ordinet,
444 2160 588 2210 bona
616 2163 921 2211 communia
949 2162 1295 2222 administret,
1327 2163 1735 2228 prosperitatem
1763 2170 2096 2228 promoveat,

186 2240 255 2289 ad
296 2240 438 2292 hunc
491 2242 651 2293 finem
704 2243 960 2294 officiales
1010 2254 1151 2294 creet
1205 2253 1257 2294 et
1312 2244 1361 2294 in
1417 2244 1595 2294 officio
1637 2245 1935 2305 contineat,
1990 2261 2096 2294 non

186 2321 362 2372 solum
411 2334 561 2390 patet
608 2343 677 2375 ex
717 2335 977 2393 perpetuo
1019 2326 1342 2392 populorum
1384 2344 1507 2387 usu,
1565 2327 1662 2376 sed
1703 2327 1860 2376 etiam
1903 2343 1973 2376 eX
2012 2344 2094 2387 eo,

188 2406 337 2469 quod
394 2406 541 2473 leges
594 2425 701 2458 non
755 2410 932 2459 omnia
984 2409 1293 2475 praevidere
1345 2416 1572 2474 possunt
1623 2416 1676 2458 et
1727 2425 1889 2475 saepe
1941 2425 2096 2459 casus

188 2487 347 2537 subiti
387 2491 637 2552 oriuntur,
682 2509 779 2558 pro
821 2492 1013 2558 quibus
1054 2491 1197 2541 nulla
1237 2491 1326 2541 lex
1366 2491 1585 2542 exsistit.

265 2593 310 2630 2.
357 2578 511 2645 Quae
551 2583 653 2632 sint
695 2584 1013 2649 praecipuae
1054 2582 1353 2633 functiones
1386 2582 1667 2649 potestatis
1696 2581 2093 2648 gubernativae,

189 2681 258 2713 ex
312 2664 466 2713 dictis
508 2666 577 2729 (n.
622 2665 728 2715 626
770 2672 823 2715 et
863 2666 991 2731 627)
1033 2672 1195 2732 patet.
1277 2664 1371 2714 Ad
1413 2681 1531 2714 eam
1572 2664 1801 2730 pertinet
1841 2663 1892 2727 a)
1932 2663 2094 2713 socie-

189 2755 354 2796 tatem
397 2746 605 2796 civilem
646 2748 714 2796 ad
755 2757 905 2797 extra
946 2756 1342 2814 repraesentare
1383 2755 1437 2795 et
1476 2746 1545 2795 ad
1586 2747 1721 2795 intra
1749 2745 1929 2795 omnia
1961 2745 2095 2794 ordi-

190 2846 330 2891 nare,
375 2846 510 2895 quae
552 2830 954 2879 exsecutionem
996 2829 1175 2896 legum
1215 2837 1486 2895 spectant3
1537 2828 1593 2893 b)
1635 2845 1760 2878 cura
1788 2827 2096 2877 securitatis

190 2922 243 2962 et
284 2913 506 2973 ordinis,
562 2929 698 2978 quae
739 2920 1062 2978 potestatem
1103 2911 1381 2961 militarem
1421 2911 1520 2960 sub
1560 2927 1618 2960 se
1659 2908 2092 2976 comprehendit;

191 2997 238 3061 c)
268 3013 397 3045 cura
426 2995 669 3060 positiva
699 2995 1105 3059 prosperilatis,
1145 3002 1198 3043 et
1234 2993 1450 3059 quidem
1492 3001 1604 3042 tum
1646 2992 1698 3041 in
1738 2991 1898 3041 rebus
1935 2990 2095 3056 spiri-

190 3077 423 3127 tualibus
473 3077 540 3126 ad
598 3075 906 3141 religionem
965 3084 1019 3126 et
1070 3076 1409 3126 honestatem
1462 3072 1760 3140 publicam,
1818 3073 1886 3122 ad
1939 3080 2092 3133 artes,

190 3160 461 3220 scientias,
515 3157 727 3208 scholas
777 3157 1189 3224 pertinentibuS‚
1244 3166 1359 3207 tum
1410 3157 1462 3206 in
1503 3155 1659 3205 bonis
1698 3153 2091 3205 materialibus,

184 3256 188 3257 ⁷
267 3249 366 3298 Pro
421 3247 502 3298 his
555 3248 774 3297 diversis
825 3246 1184 3297 functionibus
1239 3252 1480 3312 potestas
1532 3243 1881 3310 gubernativa
1931 3242 2095 3292 debet

192 3331 465 3381 nominare
507 3328 774 3379 officiales.
