2182 3682
223 154 329 217 376
621 164 733 193 PARS
768 164 814 194 11.
868 165 1183 195 PHILOSOPHIA
1217 166 1427 196 MORALIS
1462 167 1712 198 SPECIALIS.

293 297 471 349 Sahal.
516 316 563 350 I.
645 302 720 353 Ut
771 320 923 352 suam
973 304 1291 354 sententiam
1345 322 1467 355 cum
1519 305 1771 356 historica
1824 305 2128 357 evolutione

219 397 515 446 congruere
556 385 833 446 ostendat,
878 383 1088 435 Suares
1128 385 1270 450 (Des.
1316 386 1441 436 fidei
1482 387 1511 437 l.
1560 401 1606 451 3,
1651 405 1695 438 c.
1742 401 1788 448 2,
1832 405 1881 438 n.
1933 389 2016 453 19)
2058 388 2128 438 af-

217 462 391 513 firmat
431 481 539 515 non
592 466 749 516 fuisse
791 484 928 533 opus
969 467 1226 534 explicito
1268 477 1322 518 et
1360 467 1681 519 simultaneo
1734 478 1895 536 pacto
1936 479 1990 520 et
2030 469 2128 520 for-

217 544 340 595 mali
380 546 725 598 translatione
765 549 972 614 imperii
1012 566 1042 599 a
1083 549 1287 616 populo
1329 551 1381 600 in
1424 568 1622 617 regem,
1665 552 1762 601 sed
1804 569 2126 602 consensum

216 628 403 694 populi
441 631 679 695 potuisse
714 631 1010 695 «paulatim
1041 640 1091 681 et
1129 632 1290 697 quasi
1325 633 1615 683 successive
1642 633 1786 695 dari,
1817 642 1987 699 prout
2022 652 2127 684 suc-

215 710 413 760 cessive
440 711 674 776 populus
714 712 1062 778 augebatur».
1120 714 1298 764 Potuit
1336 732 1382 764 v.
1428 732 1478 781 g.
1523 715 1573 764 in
1615 715 1873 781 principio
1906 715 2127 766 Adamo
2171 706 2182 717 ¹*

213 790 297 841 vel
356 791 673 843 Abrahamo
735 795 980 845 oboediri
1038 803 1315 862 tamquam
1374 796 1763 862 patrifamilias,
1826 804 1880 847 et
1937 806 2127 864 postea

220 883 524 924 «crescente
580 875 787 942 populo
848 878 1025 943 potuit
1080 878 1343 928 subiectio
1398 877 1486 928 illa
1543 880 1841 929 continuari
1896 888 1949 929 et
2004 897 2125 930 con-

211 972 397 1006 sensus
450 958 669 1007 extendi
721 960 790 1008 ad
844 959 1244 1010 oboediendum
1288 960 1359 1010 illi
1401 962 1559 1011 etiam
1612 970 1668 1011 ut
1721 961 1858 1026 regi,
1913 961 2125 1026 quando

212 1039 563 1089 commuuiz‘as
615 1041 785 1106 coepit
823 1059 936 1091 esse
964 1043 1268 1107 peasecla».
1352 1040 1498 1109 Ergo
1541 1060 1833 1093 consensus
1874 1044 2126 1094 extende-

212 1121 366 1170 batur
406 1122 474 1171 ad
517 1122 919 1173 oboediendum
962 1124 1183 1174 Adamo
1225 1132 1282 1175 ut
1323 1126 1461 1191 regi,
1513 1126 1730 1192 quando
1772 1126 2126 1177 communitas

211 1203 390 1269 coepit
441 1221 557 1254 esse
611 1204 873 1270 perfecta!
958 1205 1065 1256 Sed
1119 1206 1224 1257 hoc
1278 1208 1515 1273 praecise
1568 1216 1648 1257 est
1701 1208 1752 1257 in
1793 1208 2121 1274 quaestione,

210 1286 554 1352 quandonam
597 1289 953 1338 communitas
994 1289 1231 1355 coeperit
1273 1307 1388 1339 esse
1431 1289 1682 1355 perfecta.
1751 1288 1807 1340 Si
1847 1290 1961 1356 ipse
2002 1307 2123 1340 con-

208 1385 393 1418 sensus
445 1377 525 1418 est
565 1385 728 1418 causa
772 1372 1168 1421 communitatis
1220 1371 1517 1437 perfectae,
1573 1389 1679 1422 non
1722 1381 1865 1422 recte
1906 1371 2120 1422 dicitur:

210 1467 504 1500 consensus
545 1451 955 1513 extendebatur,
1000 1453 1218 1518 quando
1248 1455 1605 1504 communitas
1634 1455 1815 1520 coepit
1851 1471 1968 1504 esse
2008 1471 2121 1520 per-

210 1532 374 1594 fecta,
429 1534 524 1583 sed
566 1534 835 1584 viceversa
889 1535 1176 1585 dicendum
1230 1545 1335 1586 est:
1392 1537 1746 1586 communitas
1787 1537 1966 1603 coepit
2007 1554 2123 1586 esse

208 1615 470 1681 perfecta,
516 1616 732 1683 quando
775 1634 1069 1668 consensus
1111 1619 1519 1669 extendebatur.
1600 1619 1670 1669 Et
1711 1637 1851 1670 nunc
1892 1636 2118 1685 quaero:

207 1699 553 1764 quandonam
593 1698 678 1748 ille
720 1716 1012 1750 consensus
1053 1701 1481 1752 extendebatur?
1534 1702 1812 1751 Praeterea
1851 1700 2120 1752 vinculum

207 1780 484 1831 iuridicum
538 1779 884 1847 (elementum
939 1782 1160 1833 formale
1213 1784 1503 1847 societatis)
1558 1791 1611 1834 et
1665 1792 1907 1850 potestas
1959 1782 2122 1834 civilis

207 1881 314 1913 non
355 1864 529 1930 potuit
562 1864 862 1914 successive
891 1866 1011 1914 oriri
1040 1875 1092 1915 et
1122 1884 1374 1917 crescere.
1431 1867 1616 1916 Potest
1645 1867 1866 1932 quidem
1892 1867 2121 1917 societas

207 1962 444 1996 crescere
486 1964 555 1996 ex
595 1953 746 2012 parte
788 1948 1089 2009 materiali,
1131 1948 1222 1998 scl.
1261 1966 1483 1998 numero
1527 1947 1856 2009 familiarum,
1899 1949 1995 1998 sed
2036 1965 2121 1997 ne-

207 2045 477 2094 quaquam
519 2046 589 2079 ex
628 2038 780 2095 parte
807 2030 1079 2094 formal&
1125 2031 1258 2081 haec
1289 2032 1427 2080 enim
1458 2040 1537 2080 est
1578 2032 1630 2081 in
1663 2030 1985 2080 indivisibili:
2029 2037 2123 2081 aut

206 2120 321 2161 tota
361 2111 515 2161 adest
555 2120 646 2161 aut
687 2111 831 2161 nullo
874 2113 1040 2163 modo
1082 2114 1250 2164 adest.
1332 2113 1448 2162 Aut
1490 2131 1620 2179 ergo
1674 2113 1826 2179 primi
1877 2112 2122 2163 homines

205 2211 304 2244 suo
361 2211 624 2244 consensu
680 2194 951 2244 vinculum
1012 2194 1287 2261 politicum
1351 2196 1636 2245 effecerant
1697 2204 1787 2245 aut
1845 2213 1968 2245 non.
2064 2194 2120 2246 Si

206 2277 507 2337 effecerant,
552 2293 816 2327 consensu
847 2286 1186 2343 posterorum
1217 2295 1353 2344 opus
1382 2295 1488 2327 non
1519 2286 1644 2339 erat,
1684 2278 1738 2327 hi
1766 2277 2122 2327 nascebantur

205 2359 256 2409 in
296 2359 553 2409 societate
594 2358 813 2425 politica
853 2360 956 2408 iam
999 2361 1314 2421 constituta,
1358 2361 1493 2410 sicut
1534 2377 1632 2409 nos
1673 2359 1862 2423 hodie3
1910 2360 1953 2409 si
1991 2377 2118 2409 vero

205 2459 314 2492 non
352 2442 655 2502 effecerant,
699 2458 874 2507 neque
914 2443 1180 2508 posterius
1209 2442 1554 2493 advenientes
1593 2449 1843 2509 poterant
1870 2459 1967 2492 suo
1997 2459 2119 2492 con-

205 2541 365 2574 sensu
406 2523 601 2590 aliquid
645 2523 871 2574 efficere.

208 2673 355 2728 503.
438 2662 614 2714 Sclcol.
659 2678 709 2714 2.
794 2664 845 2714 S.
890 2664 1224 2730 Augustinus
1265 2664 1499 2730 loquitur
1539 2663 1715 2729 (Conf.
1763 2679 1819 2728 3,
1864 2682 1907 2715 c.
1954 2665 2006 2728 8)
2047 2664 2116 2714 de

214 2754 404 2813 «pacto
445 2747 580 2797 inter
618 2763 676 2796 se
718 2747 993 2808 civitatis»,
1050 2755 1103 2797 et
1141 2746 1370 2797 affirmat
1418 2746 1696 2812 «generale
1743 2755 1957 2813 pactum
2000 2764 2117 2796 esse

203 2829 474 2878 societatis
514 2828 779 2878 humanae
821 2829 1079 2878 oboedire
1121 2829 1336 2895 regibus
1377 2829 1534 2878 suis».
1612 2828 1720 2879 Sed
1762 2837 1820 2878 ut
1858 2837 2007 2895 patet
2047 2846 2116 2878 ex

206 2911 401 2961 eodem
454 2911 588 2961 libro
643 2909 1079 2971 Confessionum,
1136 2911 1350 2960 nomine
1402 2912 1545 2976 pacti
1597 2910 1649 2961 S.
1695 2911 1905 2961 Doctor
1953 2927 2115 2977 saepe

205 2993 463 3059 intellegit
505 2992 683 3059 legem
724 3001 777 3042 et
818 2993 1122 3053 decretum,
1176 3002 1233 3043 ut
1274 3002 1354 3043 est
1399 2994 1717 3059 principium
1759 2993 1984 3053 ordinis;
2037 2993 2112 3043 sic

205 3084 494 3142 praecepta
533 3075 637 3125 Dei
684 3084 843 3125 vocat
896 3083 1109 3124 aeterna
1161 3084 1319 3140 pacta
1370 3074 1551 3125 salutis
1592 3075 1682 3139 (ib.
1726 3074 1756 3125 1.
1809 3089 1861 3135 1,
1915 3092 1958 3125 c,
2011 3076 2109 3140 18).

205 3157 352 3223 Ergo
405 3156 531 3207 nihil
583 3157 707 3207 inde
759 3156 1008 3207 concludi
1061 3164 1241 3223 potest
1282 3157 1332 3206 in
1386 3157 1623 3207 favorem
1674 3156 1816 3223 pacti
1861 3157 1914 3206 in
1953 3173 2111 3207 sensu

205 3239 643 3290 adversariorum.
