2182 3682
245 177 332 205 LIB.
366 176 394 205 1.
440 174 542 203 CAP.
577 174 642 204 111.
688 173 751 202 DE
783 171 981 202 OFFICIIS
1017 171 1249 200 HOMINUM
1283 171 1459 200 MUTUIS
1496 170 1639 199 INTER
1674 171 1738 200 SE.
1823 172 1929 222 249

113 326 158 362 2.
202 311 473 376 Tempore
523 309 683 358 medii
734 308 850 358 aevi
896 306 1127 357 duellum
1181 307 1399 356 diversis
1450 307 1517 356 de
1570 307 1738 356 causis
1788 323 1929 356 usur-

38 393 287 462 pabatur,
340 409 386 441 v.
431 407 481 456 g.
526 408 595 439 ex
644 390 958 439 auctoritate
999 387 1213 454 publica
1264 388 1332 436 ad
1385 388 1734 437 dirimendam
1784 387 1929 437 litem

37 491 214 527 coram
254 472 442 533 iudice,
486 472 633 538 quod
663 470 824 521 duelli
851 487 1020 536 genus
1059 470 1194 519 inter
1225 467 1427 519 ordalia
1466 469 1841 519 numerabatur
1880 478 1932 519 et

36 557 103 608 ab
136 554 376 606 Ecclesia
416 554 506 603 diu
546 553 745 603 aboleri
786 569 894 601 non
935 558 1161 618 poterat,
1205 567 1533 617 quamquam
1575 567 1604 599 a
1638 549 1729 600 SS.
1762 551 1931 600 Ponti-

37 638 224 690 ficibus
263 653 424 702 saepe
464 635 862 701 reprobabatur.
916 633 977 683 Α
1012 642 1255 698 tempore
1295 631 1491 682 saeculi
1521 632 1626 681 XV
1656 632 1723 680 ad
1763 631 1933 681 solam

38 719 423 786 reparationem
455 717 671 767 honoris
712 716 951 781 restringi
993 716 1185 782 coepit.
1253 713 1493 764 Ecclesia
1530 712 1933 763 «detestabilem

38 800 304 852 duellandi
337 817 520 849 usum»
557 798 741 863 (Cone.
768 798 937 861 Trid.)
969 815 1180 863 semper
1210 797 1406 846 severis
1433 796 1619 862 poenis
1646 794 1931 861 prohibuit.

37 881 392 932 Nihilominus
439 897 609 945 usque
661 880 728 929 ad
770 881 1003 929 medium
1055 878 1327 928 saeculum
1343 877 1551 950 ⁸XVIII
1592 875 1751 942 aliqui
1789 876 1936 926 theo-

38 963 146 1030 logi
188 963 485 1013 docuerunt
534 961 723 1011 saltem
775 961 1103 1028 speculative
1156 960 1430 1027 loquendo
1482 967 1535 1008 et
1573 958 1936 1008 abstrahendo

37 1064 67 1096 a
106 1044 464 1112 prohibitione
503 1043 776 1094 Ecclesiae
829 1042 1067 1093 duellum
1119 1059 1226 1092 non
1268 1059 1428 1109 posse
1468 1058 1564 1107 pro
1617 1040 1762 1090 omni
1813 1056 1936 1090 casu

37 1127 271 1178 illicitum
331 1127 459 1187 dici,
523 1142 683 1192 quam
744 1126 1060 1175 sententiam
1117 1124 1438 1175 Benedictus
1497 1122 1631 1172 XIV
1686 1139 1729 1172 a.
1802 1131 1935 1185 1752

35 1210 355 1278 proscripsit.
401 1208 500 1273 (Cf.
532 1209 689 1258 etiam
718 1207 938 1273 Encycl.
971 1207 1170 1257 Leonis
1200 1207 1325 1256 XIII
1361 1204 1672 1255 «Pastoralis
1702 1203 1937 1267 officii».)

111 1292 431 1342 Recentiore
482 1290 656 1341 adhuc
709 1299 952 1357 tempore
1004 1289 1162 1356 aliqui
1211 1288 1443 1338 duellum
1493 1286 1779 1337 defendere
1830 1303 1937 1335 non

39 1375 415 1425 dubitaverunt
455 1391 547 1434 eo,
602 1373 750 1439 quod
790 1372 919 1422 illud
959 1373 1025 1422 sit
1066 1372 1300 1422 medium
1341 1379 1527 1436 aptum
1577 1368 1936 1419 adversarium

39 1456 283 1522 cogendi,
325 1464 383 1506 ut
417 1456 472 1505 in
514 1455 695 1505 animo
734 1472 826 1505 sm)
868 1455 1294 1505 aeslc'nmll'oncm
1338 1453 1596 1513 res-situas,
1646 1468 1804 1518 quam
1845 1467 1939 1516 per

39 1539 276 1590 iniuriam
317 1538 616 1604 denegavit.

43 1689 188 1740 314.
248 1678 413 1725 Prob.
464 1677 589 1726 Non
618 1675 739 1726 licet
780 1676 890 1725 sine
932 1676 1067 1725 iusta
1108 1691 1264 1725 causa
1305 1675 1447 1724 adire
1476 1674 1767 1740 periculum
1802 1674 1939 1723 vitae

39 1760 283 1827 propriae
335 1766 389 1809 et
441 1758 656 1809 alienae.
741 1758 904 1823 Atqui
949 1756 1244 1807 duellantes
1295 1757 1435 1806 istud
1489 1756 1776 1823 periculum
1829 1756 1939 1805 sine

40 1832 199 1893 causa
237 1843 372 1892 iusta
411 1842 621 1892 adeunt.
703 1840 857 1906 Ergo
898 1840 1073 1890 illicite
1114 1846 1295 1906 agunt.

112 1933 270 1983 Proh.
313 1933 440 1982 mai.
522 1932 646 1981 Non
694 1948 878 1981 sumus
930 1930 1130 1981 domini
1171 1930 1309 1979 vitae
1362 1937 1573 1978 nostrae
1615 1928 1697 1977 vel
1738 1927 1940 1977 alienae

41 2017 108 2080 (n.
154 2016 296 2079 282).
378 2014 531 2080 Ergo
572 2031 679 2064 non
731 2013 854 2083 licet
905 2013 1102 2062 directe
1141 2011 1413 2070 intendem
1454 2009 1743 2077 periculum
1785 2011 1938 2069 vitae,

39 2098 91 2148 id
141 2099 281 2148 enim
333 2105 472 2147 esset
502 2085 635 2146 'sibi‘
673 2113 920 2162 arrogare
969 2095 1259 2144 dominium
1314 2094 1365 2143 in
1418 2093 1672 2154 eandem,
1726 2093 1821 2142 sed
1874 2092 1942 2160 ad

39 2178 492 2251 summum—„illud
541 2179 875 2244 permittere.
957 2177 1120 2227 Porro
1182 2186 1239 2226 ut
1294 2176 1432 2226 istud
1492 2175 1784 2241 periculum
1840 2175 1941 2225 dici

41 2250 517 2330 possit-permitti,
574 2261 737 2310 debet
778 2278 847 2310 ex
899 2260 1086 2309 eadem
1140 2260 1376 2319 actione,
1433 2276 1501 2307 ex
1553 2274 1659 2323 qua
1710 2258 1944 2323 sequitur

41 2345 334 2412 periculum
375 2345 539 2405 vitae,
595 2360 766 2410 aeque
806 2343 1114 2392 immediate
1155 2342 1305 2407 sequi
1353 2341 1574 2390 effectus
1615 2340 1788 2390 bonus
1829 2356 1944 2406 pro-

43 2428 344 2494 portionate
397 2426 598 2492 gravis,
657 2426 747 2492 qui
798 2424 944 2475 solus
998 2425 1064 2474 sit
1117 2425 1168 2474 in
1224 2424 1515 2473 intentione
1571 2428 1639 2486 (n.
1699 2423 1802 2487 34).
1884 2421 1943 2470 Id

42 2510 368 2576 significatur
423 2508 655 2559 dicendo
717 2524 823 2557 non
881 2507 1036 2557 licere
1097 2507 1241 2556 adire
1296 2504 1587 2572 periculum
1642 2505 1778 2554 vitae
1833 2504 1945 2553 sine

45 2591 182 2641 iusta
223 2607 394 2641 causa.

117 2680 273 2730 Proh.
325 2679 451 2730 min.
533 2680 873 2739 Praetextus‚
930 2680 1020 2745 qui
1073 2680 1140 2728 ad
1194 2677 1657 2729 cohonestandum
1711 2676 1946 2726 duellum

46 2762 356 2823 afferuntur,
411 2769 559 2834 sunt:
626 2777 666 2811 Ι.
712 2779 781 2811 ex
821 2770 971 2828 parte
1022 2761 1364 2827 provocantis
1414 2760 1732 2821 satisfactio;
1789 2773 1834 2808 2.
1879 2776 1948 2807 ex

47 2852 266 2910 utraque
307 2832 455 2910 parte
495 2845 782 2894 necessitas
817 2843 1152 2894 defensionis.
1215 2843 1386 2908 Atqui
1422 2849 1771 2906 utercumque
1806 2857 1948 2907 prae-

49 2933 226 2995 textus
257 2926 586 2993 supponitur,
631 2925 925 2976 duellantes
956 2926 1067 2975 sine
1107 2925 1384 2975 sufficienti
1427 2925 1627 2974 ratione
1657 2921 1947 2988 periculum

48 3008 185 3081 vitae
225 3009 470 3075 propriae
511 3017 564 3058 et
604 3009 883 3058 occisionis
924 3008 1154 3073 proximi
1194 3007 1408 3056 adeunt.
1490 3006 1642 3070 Ergo
1688 3047 1694 3055 .
1730 3047 1737 3055 .
1774 3044 1781 3052 .

123 3097 280 3148 Proh.
324 3097 450 3148 min.
492 3097 628 3148 subs.
683 3097 752 3147 ad
801 3111 851 3147 1:
909 3096 1224 3162 Salisfactio
1273 3096 1324 3145 in
1374 3113 1438 3145 eo
1480 3103 1586 3155 est,
1641 3102 1697 3142 ut
1737 3094 1803 3154 is,
1859 3092 1948 3160 qui

51 3178 431 3247 aliumml‘cleSst,
486 3180 608 3230 huic
656 3188 861 3229 tantum
909 3179 1128 3229 honoris
1179 3178 1395 3238 reddat,
1450 3163 1707 3243 quantum
1760 3176 1949 3225 iniuste

50 3260 267 3334 abstulit
306 3261 389 3311 vel
430 3261 730 3328 denegavit.
808 3261 979 3327 Alqm'
1015 3261 1083 3312 ad
1126 3261 1264 3310 hunc
1289 3250 1553 3309 effectum
1595 3257 1948 3307 obtinendum

53 3342 287 3415 duel-lum
320 3361 428 3395 non
464 3336 546 3394 est
567 3352 776 3412 raptum.
837 3343 1048 3396 Etenim
1079 3351 1298 3413 propter
1336 3340 1761 3408 acceptationem
1789 3337 1949 3390 duelli
