2182 3682
223 176 326 225 288
619 186 733 215 PARS
769 185 816 216 11.
867 185 1183 216 PHILOSOPHIA
1218 186 1421 216 MORALIS
1458 186 1706 219 erclALts.

960 338 1288 377 ARTICULUS
1323 337 1372 376 V.

277 439 467 485 VERA
505 439 715 486 CIRCA
752 441 1252 488 PROPRIETATIS
1291 442 1644 489 ORIGINEM
1681 442 2068 489 SENTENTIA

956 523 1383 571 STABILITUR.

946 655 1215 704 THESIS
1253 657 1397 703 LXI.

222 766 368 818 373·
461 765 557 811 Ius
609 764 932 826 acquirendi
984 766 1390 827 proprietatem
1442 765 1753 827 generatim
1808 772 2128 828 spectatum

218 845 303 885 est
338 838 426 885 ius
464 840 742 895 naturale3
782 839 994 886 factum
1031 855 1167 889 vero
1201 841 1620 902 primigenium,
1658 841 1747 888 ius
1773 841 2131 903 proprietatis

216 913 272 959 in
311 920 575 961 concreto
615 914 1001 962 determinans
1039 922 1124 962 est
1161 915 1472 977 occupatio.

223 1015 387 1064 (Arist,
420 1017 540 1056 Polit.
577 1018 601 1056 1.
640 1029 677 1067 2,
714 1032 747 1058 c.
785 1030 823 1069 3.
881 1020 920 1058 S.
963 1020 1104 1059 lem.
1142 1031 1180 1066 2,
1216 1030 1253 1068 2,
1289 1034 1328 1072 q.
1365 1020 1432 1068 66,
1470 1034 1504 1058 a.
1541 1031 1578 1059 2.
1635 1021 1679 1060 de
1712 1021 1844 1073 Lago,
1878 1020 1944 1059 De
1979 1020 2131 1059 iustitia

216 1092 256 1123 et
291 1085 379 1123 iure
413 1086 520 1137 disp.
557 1086 595 1134 6,
631 1094 732 1125 sect.
773 1098 806 1124 Ι.
862 1088 1051 1134 Ferreltz',
1084 1088 1264 1126 Institut.
1298 1088 1450 1140 philos.
1486 1101 1588 1127 mor.
1622 1089 1676 1136 H,
1712 1102 1751 1127 n.
1789 1088 1857 1127 80.
1917 1088 2128 1135 Castelein,

217 1153 279 1190 Le
313 1153 545 1192 socialisme
580 1161 620 1192 et
652 1154 689 1192 le
723 1154 831 1193 droit
864 1155 915 1193 de
949 1154 1174 1206 propriete.
1242 1155 1408 1206 Caparl,
1442 1155 1504 1193 La
1537 1155 1753 1208 proprie'te
1786 1155 2056 1194 individuelle
2089 1163 2130 1194 et

443 1220 483 1259 le
517 1220 824 1261 collectivisme.
889 1223 1155 1267 Vermeerscll,
1191 1222 1364 1272 Quaest.
1400 1223 1452 1261 de
1485 1223 1577 1262 iust.
1613 1237 1651 1263 n.
1694 1232 1773 1272 198
1798 1220 1912 1275 sqq.)

293 1320 380 1372 St.
427 1321 503 1390 Q.
592 1338 633 1374 Ι.
687 1324 831 1375 Vera
883 1334 935 1375 et
985 1326 1120 1375 inter
1172 1325 1467 1376 catholicos
1508 1358 1579 1362 —
1626 1325 1788 1375 hodie
1827 1325 2018 1376 saltem
2057 1357 2130 1362 ———

217 1407 516 1456 communis
567 1409 831 1458 sententia
871 1409 951 1458 ius
1003 1409 1344 1474 proprietatis
1397 1409 1602 1459 derivat
1649 1426 1718 1458 ex
1758 1409 1867 1458 iure
1907 1408 2130 1459 naturali

219 1489 329 1538 sive
370 1506 439 1538 ex
478 1489 588 1539 iure
638 1497 871 1540 connato
914 1490 1195 1540 cuiuslibet
1247 1490 1477 1540 hominis
1518 1491 1675 1541 rebus
1717 1491 1906 1542 creatis
1948 1491 2134 1541 utendi

219 1571 286 1621 ad
331 1571 569 1621 diversos
610 1572 742 1622 fines
783 1572 936 1622 huius
976 1574 1114 1623 vitae
1156 1573 1539 1639 assequendOS.
1608 1573 1793 1624 Potest
1833 1581 2012 1623 autem
2053 1574 2134 1623 ius

219 1655 557 1720 proprietatis
610 1654 893 1721 dupliciter
942 1657 1198 1721 spectari:
1253 1657 1304 1719 a)
1347 1656 1402 1706 in
1445 1656 1713 1706 abslracto
1763 1673 1862 1723 pro
1903 1656 2012 1706 iure
2053 1673 2134 1706 ac-

219 1737 511 1802 quirendae
568 1738 907 1804 proprietatis
962 1756 1055 1788 seu
1111 1756 1208 1804 pro
1262 1746 1531 1805 potestate
1585 1737 1770 1788 morali
1824 1739 2134 1805 acquirendi

218 1819 317 1868 sibi
357 1820 562 1886 privata
604 1821 865 1882 dominia,
911 1828 964 1870 et
1003 1821 1108 1871 hoc
1150 1822 1231 1870 ius
1272 1822 1521 1871 omnibus
1562 1821 1868 1871 hominibus
1910 1821 1977 1870 ab
2017 1821 2134 1887 ipsa

220 1909 408 1952 natura
459 1920 551 1952 seu
595 1902 715 1969 lege
756 1903 979 1953 naturali
1026 1903 1334 1953 immediate
1374 1903 1644 1966 tribuitur;
1702 1904 1758 1968 b)
1800 1903 1855 1953 in
1896 1911 2133 1953 concreto

218 2002 316 2050 pro
369 1985 479 2034 iure
531 1985 599 2034 ad
653 1994 823 2035 certas
876 1995 928 2036 et
981 1987 1361 2036 determinatas
1409 2003 1516 2047 res,
1572 2004 1614 2037 e.
1660 2003 1710 2052 g.
1755 1986 1822 2035 acl
1865 1985 2004 2035 hanc
2049 1984 2134 2035 vel

216 2066 360 2116 illam
402 2067 641 2117 domum.
706 2068 793 2117 Ius
835 2069 1176 2134 proprietatis
1205 2069 1255 2118 in
1285 2076 1538 2119 concreto
1582 2070 1746 2118 oritur
1786 2086 1855 2118 ex
1884 2085 1982 2117 usu
2009 2068 2131 2118 iuris

216 2150 555 2216 proprietatis
595 2151 646 2199 in
688 2151 989 2213 abstracto,
1035 2151 1305 2201 mediante
1346 2151 1526 2217 aliquo
1570 2150 1736 2211 facto,
1781 2168 1889 2216 quo
1930 2151 2008 2200 ius
2046 2166 2129 2200 ac-

214 2232 458 2298 quirendi
499 2241 551 2282 et
590 2233 905 2298 possidendi
945 2234 1238 2299 generatim
1268 2242 1569 2300 spectatum
1598 2234 1666 2283 ad
1697 2240 1867 2283 certas
1896 2250 1978 2282 res
2006 2249 2127 2282 con-

213 2323 383 2364 cretas
436 2315 833 2366 determinatur.
918 2316 977 2365 In
1029 2316 1200 2382 prima
1240 2325 1391 2381 parte
1444 2315 1607 2365 thesis
1660 2316 1869 2381 agimus
1910 2315 1979 2365 de
2019 2316 2128 2365 iure

213 2398 550 2464 proprietatis
591 2398 693 2448 sub
735 2399 909 2464 priore
958 2405 1222 2465 respectu,
1303 2398 1391 2447 De
1416 2399 1576 2463 faeta
1605 2397 1976 2463 primigenio,
2016 2415 2127 2463 quo

211 2480 291 2529 ius
343 2480 681 2546 proprietatis
732 2481 783 2530 in
837 2481 1108 2531 abstracto
1163 2481 1544 2530 determinatur
1595 2480 1664 2530 ad
1717 2497 1798 2530 res
1849 2487 2128 2530 concretas

211 2579 305 2612 seu
347 2561 406 2612 fit
446 2563 526 2612 ius
566 2564 907 2629 proprietatis
948 2564 998 2612 in
1041 2571 1323 2624 concreto,
1380 2579 1604 2628 agemus
1650 2563 1700 2612 in
1753 2561 1919 2612 altera
1958 2569 2124 2628 parte.

216 2712 362 2765 374.
445 2716 491 2752 2.
519 2701 813 2770 Occupatz'o
856 2710 936 2753 est
977 2703 1333 2769 apprehensio
1377 2720 1550 2752 rerum
1593 2701 1784 2752 nullius
1823 2701 2000 2750 animo
2038 2717 2127 2750 eas

213 2785 446 2834 habendi
488 2794 545 2834 ut
572 2786 828 2851 proprias.
887 2785 979 2835 Ad
1011 2785 1427 2851 occupationem
1456 2785 1733 2851 requiritur
1773 2784 1823 2847 a)
1864 2799 1933 2831 ex
1959 2789 2127 2847 parte

213 2866 300 2916 rei
337 2867 689 2932 occupandae,
731 2876 788 2917 ut
815 2868 881 2917 sit
916 2885 998 2918 res
1039 2867 1232 2917 nullius
1273 2874 1327 2917 et
1367 2876 1479 2916 tum
1522 2866 1809 2916 moraliter
1849 2872 1961 2914 tum
1989 2864 2125 2930 plzy-
2181 2861 2182 2867 ’

211 2948 316 2998 sice
362 2949 802 3015 apprehensionis
854 2958 906 2999 et
958 2949 1262 3000 exclusivae
1309 2949 1662 3015 possessionis
1714 2964 1901 3013 capax.
1983 2945 2124 2996 Hinc

212 3048 318 3081 non
371 3030 547 3081 solum
599 3031 957 3082 excluduntur
1007 3049 1268 3099 personae
1321 3048 1428 3097 qua
1467 3029 1625 3092 tales,
1680 3030 1776 3080 sed
1825 3028 1983 3078 etiam
2024 3044 2122 3088 res,

213 3129 351 3178 quae
403 3130 581 3163 veram
636 3113 1116 3179 apprehensionem
1170 3130 1285 3183 suav
1316 3122 1502 3162 natura
1552 3130 1658 3161 non
1700 3111 2015 3170 admittunt,
2067 3117 2125 3158 ut

214 3201 316 3256 aer,
349 3194 526 3245 lumen
554 3194 697 3255 solis,
729 3212 962 3246 oceanus
984 3203 1111 3259 etc.;
1143 3196 1200 3259 b>
1230 3212 1297 3244 ex
1313 3203 1481 3260 parte
1508 3192 1810 3259 occupantis
1837 3193 1888 3257 a)
1910 3191 2125 3242 animus

215 3294 331 3326 eam
375 3295 486 3328 rem
526 3278 782 3344 deinceps
821 3278 1057 3327 habendi
1097 3287 1156 3327 ut
1195 3277 1493 3342 propriam;
1534 3277 1593 3343 β)
1634 3273 1990 3340 apprehensio
2032 3272 2120 3333 rei,

216 3376 324 3424 qua
365 3360 552 3410 eadem
594 3368 807 3409 nostrae
849 3359 1103 3425 potestati
1149 3359 1407 3408 subicitur
1448 3366 1501 3407 et
1540 3356 1863 3407 sufficienter
1902 3363 2122 3405 externe
