2182 3682
536 171 621 199 LIB.
658 170 704 198 11.
751 169 850 198 CAP.
885 167 952 197 111.
999 167 1062 196 DE
1095 167 1348 196 SOCIETATE
1382 166 1540 196 CIVILI.
1869 164 1970 217 405

83 307 427 358 voluntatem.
495 306 551 370 b)
592 304 849 355 Absurda
891 320 1106 370 quoque
1147 310 1227 352 est
1255 301 1521 351 distinctio
1554 302 1687 351 inter
1714 301 1976 351 moralem

73 389 348 456 publicam
389 396 440 437 et
464 388 770 453 privatam,
813 386 963 452 quasi
1003 385 1245 434 homines
1285 384 1334 432 in
1366 384 1472 433 vita
1502 383 1732 448 privata
1762 384 1977 449 quidem

84 471 290 536 legibus
330 470 704 520 communibus
744 468 1036 518 honestatis
1077 466 1451 531 obligarentur,
1495 482 1602 514 non
1629 482 1755 514 vero
1796 466 1847 514 in
1875 466 1981 514 vita

85 551 311 620 publica.
405 551 525 601 Lex
584 552 722 601 enim
782 549 1031 600 naturalis
1091 549 1301 598 ordinat
1355 547 1627 596 hominem
1686 547 1980 596 secundum

85 651 270 684 omnes
309 651 432 683 suas
472 633 768 693 relationes,
813 633 921 681 sive
962 632 1192 697 privatas
1230 631 1340 679 sive
1381 628 1638 695 publicas,
1680 629 1789 678 sive
1829 629 1897 677 ad
1925 646 1981 678 se

84 717 192 766 sive
239 715 307 765 ad
359 715 504 765 alios.
584 715 654 764 Et
694 714 939 781 profecto
982 712 1070 762 lex
1110 711 1359 762 naturalis
1399 729 1507 760 non
1548 710 1798 777 prohibet
1836 729 1882 760 v.
1929 728 1977 776 g.

84 797 421 848 mendacium
461 796 636 847 solum
677 804 976 862 propterea,
1021 796 1145 860 quia
1185 795 1251 844 ab
1293 793 1509 843 homine
1549 793 1755 859 privato
1790 792 1873 842 vel
1914 793 1982 841 ab

86 879 301 929 homine
344 881 507 929 docto
535 878 618 928 vel
659 879 880 928 indocto
910 877 1274 937 committitur,
1317 876 1412 925 sed
1440 875 1719 924 secuudum
1748 892 1818 936 se,
1862 875 1985 940 quia

85 962 378 1011 secundum
429 970 669 1010 naturam
720 977 870 1009 suam
913 960 1145 1025 ideoque
1185 975 1397 1023 semper
1437 967 1490 1007 et
1531 958 1727 1023 ubique
1767 964 1985 1006 naturae

86 1043 313 1093 hominis
354 1043 757 1092 disconveniens
798 1050 850 1091 et
891 1058 920 1091 a
960 1041 1081 1090 Deo
1124 1040 1451 1107 prohibitum
1494 1047 1590 1089 est.

90 1191 236 1246 542.
320 1196 364 1246 3.
410 1182 473 1231 In
514 1181 896 1231 distribuendis
936 1180 1084 1230 bonis
1123 1188 1174 1229 et
1211 1178 1457 1229 oneribus
1490 1177 1846 1228 commzmz'lms
1873 1194 1988 1227 auc-

85 1264 280 1314 toritas
320 1272 524 1313 tenetur
549 1281 778 1313 servare
806 1263 1066 1312 iustitiam
1096 1261 1511 1311 distributivam.
1585 1260 1707 1310 Hoc
1736 1261 1875 1309 enim
1904 1276 1988 1308 ne-

87 1347 369 1396 cessarium
413 1354 492 1395 est
533 1346 599 1395 ad
641 1346 845 1395 bonum
876 1362 1174 1394 commune.
1246 1344 1425 1393 Debet
1454 1360 1582 1407 ergo
1612 1342 1793 1409 quoad
1824 1359 1988 1391 onera

87 1445 195 1477 non
245 1427 418 1477 solum
471 1445 677 1488 curare,
737 1436 792 1476 ut
845 1429 1031 1476 eadem
1087 1443 1194 1476 non
1248 1425 1382 1475 ultra
1435 1425 1808 1474 necessitatem
1863 1424 1990 1473 boni

87 1510 383 1560 communis
424 1510 790 1575 imponantur,
844 1510 939 1558 sed
981 1509 1167 1568 etiam,
1219 1517 1274 1557 ut
1316 1508 1446 1557 ratio
1488 1506 1748 1556 habeatur
1786 1507 1985 1566 virium,

85 1594 156 1642 ita
207 1600 289 1653 ut,
345 1592 435 1657 qui
487 1592 643 1642 ditior
684 1600 789 1652 est,
846 1592 1003 1640 etiam
1046 1591 1245 1639 maiora
1286 1590 1482 1639 tributa
1522 1589 1709 1638 solvat.
1791 1587 1990 1653 Quoad

88 1675 515 1724 distributionem
556 1674 808 1723 banorum
851 1673 1214 1723 communium
1257 1672 1388 1721 ratio
1419 1672 1668 1721 habenda
1696 1679 1775 1720 est
1804 1670 1990 1720 ceteris

87 1756 303 1822 paribus
344 1757 665 1816 meritorum,
709 1756 779 1804 ita
820 1764 888 1816 ut,
935 1756 1024 1820 qui
1065 1754 1182 1820 plus
1225 1754 1388 1803 habet
1421 1754 1605 1814 meriti,
1651 1753 1810 1802 etiam
1837 1751 1990 1802 simili

88 1838 434 1904 proportione
475 1837 591 1903 plus
632 1838 855 1903 accipiat
896 1838 1130 1903 praemii.

91 1987 235 2040 543.
316 1992 364 2039 4.
410 1978 721 2027 Auctoritas
761 1977 940 2027 civilis
982 1977 1334 2042 restringitur
1374 1976 1453 2025 aa'
1482 1976 1778 2041 legitimum
1801 1975 1989 2040 guber-

88 2059 260 2109 nandi
307 2060 545 2121 moduni,
603 2060 631 2109 i.
688 2077 731 2108 e.
787 2060 951 2109 debet
1006 2077 1067 2108 ea
1119 2060 1230 2108 iura
1280 2076 1514 2119 servare,
1575 2074 1712 2124 quae
1763 2058 1990 2107 subditis

89 2141 270 2207 quoad
323 2142 767 2206 gubernationem
819 2141 901 2191 vel
957 2142 1067 2191 iure
1120 2141 1519 2191 consuetudinis
1570 2140 1652 2190 vel
1705 2148 1865 2206 pacto
1906 2139 1989 2189 vel

88 2223 192 2273 alio
234 2223 474 2289 legitimo
508 2224 673 2273 modo
717 2231 1045 2289 competunt.
1114 2223 1465 2290 Praecipuum
1492 2224 1629 2272 enim
1657 2239 1847 2272 munus
1875 2238 1989 2272 auc—

87 2305 315 2355 toritatis
356 2306 519 2356 civilis
560 2315 641 2355 est
680 2307 788 2355 iura
828 2306 1165 2356 subditorum
1199 2315 1312 2356 tum
1341 2305 1593 2355 naturalia
1623 2314 1735 2355 tum
1764 2305 1992 2371 positiva

88 2404 195 2437 non
235 2387 436 2449 tollere,
479 2389 575 2438 sed
615 2389 762 2439 tueri.

91 2530 236 2584 544.
324 2531 367 2584 5.
412 2522 670 2571 Doctrina
704 2522 976 2587 praedicta
1008 2522 1074 2571 de
1104 2522 1307 2572 ambitu
1338 2523 1617 2588 potestatis
1646 2530 1788 2572 recte
1815 2522 1993 2572 vocari

87 2610 301 2668 potest:
383 2604 432 2667 a)
506 2604 869 2669 compendium
943 2621 1107 2653 verae
1177 2621 1445 2670 sanaeque
1504 2605 1796 2669 politicae,
1872 2605 1993 2670 quia

89 2686 348 2746 ostendit,
403 2686 519 2751 quis
558 2687 623 2736 sit
665 2685 780 2735 finis
822 2694 874 2735 et
915 2702 1053 2751 quae
1096 2703 1308 2747 norma,
1354 2703 1513 2752 quam
1555 2696 1729 2736 rector
1769 2687 1992 2737 civitatis

88 2775 350 2832 perpetuo
387 2785 513 2833 prae
542 2767 707 2818 oculis
736 2768 933 2818 habeat
963 2776 1203 2834 oportet3
1249 2769 1304 2834 b)
1322 2769 1614 2834 paludium
1643 2787 1809 2819 verae
1836 2769 1991 2819 liber—

88 2849 216 2897 tatis
270 2866 367 2915 pro
422 2850 672 2911 subditis,
732 2850 854 2916 quia
911 2851 1245 2900 demonstrat
1298 2851 1490 2901 limites
1545 2852 1872 2901 auctoritatis
1923 2852 1990 2900 ab

87 2929 320 2980 humana
358 2931 635 2981 voluntate
675 2932 1126 2997 independentes:
1176 2934 1329 2982 adest
1370 2934 1657 2983 auctoritas
1697 2934 1747 2982 in
1788 2934 1991 2983 bonum

89 3028 390 3074 commune,
434 3022 491 3063 ut
531 3014 643 3062 iura
682 3014 1016 3063 subditorum
1051 3023 1316 3080 protegat,
1362 3033 1547 3065 eorum
1575 3033 1729 3065 verae
1760 3014 1992 3065 felicitati

87 3095 401 3160 prospiciat;
447 3096 639 3145 deinde
672 3097 960 3146 auctoritas
1001 3114 1109 3147 non
1141 3097 1315 3147 solum
1344 3097 1507 3147 habet
1535 3099 1659 3158 iura,
1703 3098 1797 3147 sed
1832 3098 1991 3147 etiam

89 3175 262 3226 officia
303 3179 626 3243 gravissima,
676 3179 744 3228 de
785 3179 992 3244 quibus,
1036 3181 1134 3229 etsi
1175 3197 1279 3230 non
1323 3180 1642 3240 hominibus,
1686 3180 1807 3229 Deo
1849 3188 1991 3229 certe

88 3258 346 3309 rationem
387 3261 611 3310 reddere
647 3261 889 3324 debebit;
935 3263 983 3326 c)
1013 3263 1390 3312 munimentum
1403 3262 1790 3328 firmissimum
1820 3262 1991 3327 ipsius

86 3341 454 3404 auctoritatis,
506 3344 629 3409 quia
677 3361 794 3394 eam
835 3361 942 3394 non
981 3345 1034 3394 in
1075 3361 1232 3394 arena
1273 3344 1417 3394 fluxa
1459 3343 1744 3393 voluntatis
1783 3344 1985 3411 populi,
