2182 3682
102 165 203 194 CAP.
233 163 300 194 111.
346 163 408 193 DE
441 162 676 193 BONITATE
710 162 769 191 ET
804 162 1005 192 MALITIA
1040 163 1219 192 MORALI
1252 163 1449 193 ACTUUM
1485 163 1812 194 HUMANORUM.
1875 156 1939 218 83

125 307 275 356 Resp.
338 297 471 344 Cone.
499 303 641 343 antec.
680 305 729 343 et
763 311 876 356 nego
911 312 1026 343 cons.
1055 305 1103 343 et
1138 297 1411 358 paritatem.
1472 299 1586 345 Vita
1621 308 1721 346 tota
1758 301 1796 347 si
1833 317 1947 347 con-

44 372 283 420 sideratur
318 380 369 418 ut
404 387 553 418 unum
587 371 720 432 quid,
759 386 861 417 non
887 379 1047 433 potest
1071 380 1205 418 recte
1231 372 1463 430 ordinari,
1502 372 1594 419 nisi
1620 384 1948 435 cognoscatur

45 455 93 494 et
127 445 414 507 respiciatur
450 445 557 492 finis
595 445 814 492 eiusdem
852 461 1133 507 supremus3
1171 454 1218 492 et
1254 446 1375 493 sicut
1410 446 1507 493 vita
1544 456 1659 505 tota,
1699 448 1762 494 ita
1800 450 1946 496 etiam

44 523 138 583 ipse
171 520 306 566 lzomo
341 528 456 566 tunc
495 521 650 565 solum
687 527 820 567 recte
858 520 1145 567 constitutus
1184 520 1374 567 censeri
1409 530 1595 582 potest,
1641 521 1678 569 si
1715 524 1823 570 talis
1860 533 1944 582 est,

45 595 241 656 qualem
277 593 482 655 requirit
517 593 618 640 eius
654 593 762 640 finis
798 594 1007 641 ultimus.
1069 595 1257 640 Norma
1293 594 1424 642 enim
1460 596 1654 643 honesti
1680 605 1751 643 est
1776 607 1948 645 natura

43 670 257 716 humana
303 668 573 715 secundum
621 683 792 715 omnes
836 669 1097 716 relationes
1134 677 1366 730 spectata.
1439 670 1520 716 Ad
1556 671 1643 718 has
1681 680 1841 718 autem
1878 689 1948 720 re-

42 742 250 790 lationes
287 742 459 799 etiam,
509 742 661 789 immo
697 742 931 804 primario
968 743 1180 804 pertinet
1216 744 1387 790 relatio
1425 744 1489 790 ad
1524 745 1746 792 ultimum
1782 747 1946 805 finem,

45 817 122 864 cui
158 832 330 864 omnes
367 816 492 863 aliae
529 817 793 864 relationes
819 818 1214 865 subordinantur.
1268 819 1391 866 Inde
1418 827 1580 866 autem
1604 835 1706 866 non
1733 821 1949 881 sequitur

44 890 317 938 bonitatem
363 892 655 950 singulorum
701 898 884 938 actuum
922 892 1249 939 humanorum
1288 893 1555 941 consistere
1593 895 1863 942 formaliter
1898 897 1949 942 in

45 964 247 1013 utilitate
291 966 355 1012 ad
390 966 612 1012 ultimum
647 968 822 1023 finem,
873 975 921 1013 et
958 968 1107 1013 multo
1144 968 1329 1026 minus,
1379 968 1651 1015 bonitatem
1688 971 1949 1016 multorum

46 1048 239 1086 actuum
275 1055 378 1086 non
415 1055 561 1101 posse
598 1040 836 1102 cognosci
871 1056 973 1087 non
1012 1041 1213 1101 cognito
1249 1043 1346 1089 fine
1383 1043 1568 1090 ultimo.
1636 1044 1766 1091 Nam
1803 1046 1950 1092 etiam

48 1113 131 1175 qui
167 1114 335 1172 nescit,
375 1113 482 1175 quis
519 1114 578 1161 sit
612 1114 721 1161 finis
757 1115 950 1161 ultimus
976 1115 1201 1173 hominis,
1242 1117 1370 1163 clare
1398 1117 1565 1165 videre
1592 1126 1753 1179 potest
1777 1120 1950 1167 multas

46 1189 264 1236 actiones
300 1188 526 1250 dignitati
563 1189 805 1236 humanae
840 1205 944 1237 esse
972 1200 1330 1238 consentaneas
1358 1201 1404 1238 et
1430 1193 1798 1251 convenientes,
1838 1210 1950 1241 con-

44 1262 215 1310 trarias
251 1279 369 1311 vero
406 1273 738 1325 repugnantes
776 1272 824 1312 et
859 1267 1024 1312 malas.

771 1429 1038 1478 THESIS
1076 1431 1223 1478 XIV.

52 1541 152 1594 93·
249 1539 464 1588 Pariter
511 1542 903 1601 reprobandus
953 1549 1037 1589 est
1073 1543 1389 1590 sensismus
1428 1545 1656 1592 moralis
1695 1552 1749 1593 et
1797 1553 1950 1593 auto-

50 1613 244 1662 nomia
281 1614 569 1662 Kantiana.

129 1726 295 1765 PARS
326 1727 358 1765 I.
423 1728 496 1766 De
530 1728 796 1767 sensismo.

127 1822 291 1869 Prob.
371 1820 568 1872 Sensus
608 1822 692 1872 ille
734 1823 946 1874 moralis
994 1839 1034 1874 Ι.
1080 1826 1242 1891 gratis
1282 1826 1527 1876 asseritur
1566 1836 1618 1877 et
1658 1827 1953 1893 superfluus

52 1911 157 1964 est,
214 1904 338 1969 quia
388 1903 689 1955 intellectus
739 1906 808 1955 ad
862 1916 1157 1972 conceptus
1198 1916 1251 1957 et
1301 1908 1493 1958 iudicia
1546 1909 1763 1960 moralia
1803 1910 1952 1960 effor-

52 1985 248 2035 manda
298 1986 510 2037 sufficit.
598 1987 770 2038 Immo
823 1989 1033 2038 videtur
1084 2007 1408 2055 repugnare,
1463 2008 1585 2041 nam
1638 1993 1848 2042 bonitas
1901 2001 1953 2042 et

52 2067 251 2118 malitia
303 2068 517 2118 moralis
571 2070 870 2120 consistunt
919 2071 970 2120 in
1025 2072 1343 2133 rationibus,
1404 2090 1624 2138 quarum
1678 2075 1952 2140 perceptio

55 2165 162 2199 non
202 2150 271 2199 ad
312 2167 527 2200 sensum
568 2150 817 2217 aliquem,
861 2154 957 2202 sed
998 2154 1066 2202 ad
1108 2154 1436 2204 intellectum
1478 2157 1720 2221 pertinet.

127 2239 337 2305 Quodsi
376 2241 445 2291 ad
498 2242 839 2307 probandum
880 2260 1094 2293 sensum
1136 2244 1391 2294 moralem
1434 2246 1501 2295 ad
1557 2245 1860 2296 facilitatem
1902 2256 1953 2296 et

54 2321 377 2372 celeritatem
436 2332 733 2385 recurrunt,
793 2342 894 2390 qua
952 2326 1107 2374 etiam
1167 2326 1412 2377 homines
1464 2327 1642 2378 inculti
1695 2329 1745 2377 in
1798 2329 1954 2378 rebus

54 2403 342 2454 moralibus
392 2405 654 2467 iudicant,
711 2408 1064 2472 respondetur
1113 2408 1256 2458 illam
1310 2409 1614 2459 facilitatem
1666 2427 1723 2460 se
1775 2419 1954 2460 exten-

55 2485 179 2535 dere
219 2494 426 2536 tantum
453 2489 522 2537 ad
564 2489 819 2555 principia
851 2490 1021 2555 prima
1049 2507 1344 2557 eorumque
1373 2492 1558 2542 obvias
1587 2492 1956 2543 conclusiones

54 2575 106 2617 et
145 2568 469 2619 sufficienter
509 2570 764 2636 explicari
805 2589 873 2621 ex
915 2573 1179 2622 evidentia
1220 2591 1408 2623 rerum.

129 2670 175 2706 2.
231 2656 476 2723 Quaero:
533 2661 728 2712 Utrum
783 2662 1093 2728 dependent
1145 2663 1231 2712 illa
1283 2664 1472 2714 iudicia
1511 2681 1696 2714 sensus
1744 2665 1955 2715 moralis

54 2738 120 2788 ab
161 2739 375 2791 obiecto
417 2742 628 2793 annon?
696 2743 753 2794 Si
781 2761 904 2805 non,
949 2744 1207 2795 habemus
1247 2746 1440 2796 iudicia
1481 2764 1624 2796 mere
1664 2747 1956 2797 subiectiva

54 2828 106 2869 et
147 2838 322 2884 caeca,
367 2841 504 2890 quae
547 2834 599 2874 et
640 2827 829 2876 rationi
871 2836 1170 2893 repugnant
1204 2837 1256 2877 et
1284 2829 1624 2894 scepticismo
1651 2830 1791 2879 viam
1832 2847 1954 2895 pan-

55 2901 201 2954 dunt.
270 2904 326 2955 Si
365 2923 491 2956 vero
534 2907 843 2973 dependent
885 2909 952 2958 ab
996 2909 1234 2970 obiectis,
1280 2926 1507 2976 quaero:
1552 2908 1835 2975 Quaenam
1875 2923 1955 2961 est

55 2984 210 3045 ratiO,
253 3003 345 3036 cur
384 2987 484 3038 alia
525 2989 737 3051 obiecta
775 2991 1069 3041 sentiantur
1109 2991 1267 3053 bona,
1312 2991 1411 3041 alia
1452 2992 1622 3042 mala?
1661 3002 1712 3043 et
1752 2994 1826 3043 sic
1868 2993 1953 3042 de-

53 3066 371 3118 veniendum
414 3079 495 3120 est
534 3072 602 3121 ad
643 3070 876 3138 aliquam
917 3090 1159 3123 normam
1202 3075 1536 3125 obiectivam.

131 3184 281 3232 Nota.
354 3187 705 3248 Supposuirnus
753 3205 950 3237 sensum
996 3191 1131 3237 illum
1182 3192 1422 3238 moralem
1475 3206 1579 3239 esse
1631 3191 1957 3253 spiritualem3

55 3258 230 3317 quodsi
276 3271 602 3309 assumeretur
648 3279 759 3310 eum
801 3280 906 3312 esse
943 3273 1236 3327 corporeum,
1285 3266 1528 3312 sententia
1563 3266 1955 3315 adversariorum

55 3341 181 3378 esset
227 3349 423 3394 prorsus
469 3337 706 3395 absurda,
756 3355 868 3385 cum
912 3340 975 3386 de
1012 3341 1145 3387 bono
1183 3351 1231 3388 et
1266 3341 1396 3387 malo
1433 3341 1700 3387 habeamus
1736 3342 1872 3389 ideas
1909 3353 1957 3390 et

1627 3421 1693 3460 6:¹2·
