2182 3682
202 156 307 219 364
600 165 715 193 PARS
751 164 797 193 11.
850 164 1166 193 PHILOSOPHIA
1201 164 1403 192 MORALIS
1439 163 1689 192 SPECIALIS.

485 314 512 369 ξ
548 328 585 356 2.
635 317 714 356 DE
749 317 998 356 ORIGINE
1031 316 1466 356 AUCTORITATIS
1499 315 1824 356 POLITICAE.

199 417 345 484 485.
427 419 503 470 Ut
545 419 720 487 aliqua
772 419 1058 469 multitudo
1113 419 1429 469 familiarum
1468 420 1519 469 in
1561 436 1727 469 unum
1779 428 2182 485 congregata

195 519 381 552 verum
435 519 630 569 corpus
681 502 884 552 morale
925 519 1021 568 per
1059 519 1117 552 se
1158 519 1322 551 unum
1376 501 1598 563 efficiat,
1654 502 1935 567 requiritur
1977 518 2106 551 com-

198 602 352 634 mune
393 585 661 634 vinculum
701 585 1009 646 juridicum,
1053 602 1160 650 quo
1200 585 1378 634 omnia
1406 584 1647 634 membra
1673 584 1808 634 inter
1834 601 1892 634 se
1932 584 2108 633 unian-

197 675 278 717 tur
333 676 385 716 et
441 667 509 716 ad
571 667 975 733 cooperandum
1035 667 1103 716 ad
1163 667 1368 716 bonum
1429 684 1717 716 commune
1774 667 1874 717 sub
1934 665 2112 732 aliqua
2163 672 2177 684 ²

196 749 513 799 auctoritate
543 749 849 815 obligentur
878 749 962 813 (cf.
987 751 1112 811 484,
1145 747 1324 799 Schol.
1355 749 1422 812 2).
1481 747 1737 813 Quaestio
1766 748 1899 799 haec
1927 749 2110 798 intime

196 831 449 882 cohaeret
491 848 611 881 cum
656 832 968 897 quaestione
1011 832 1079 881 de
1121 831 1323 896 origine
1352 831 1680 881 auctoritatis
1709 830 1887 882 civilis
1943 830 2110 880 Ante-

196 930 358 980 quam
399 922 579 963 autem
621 913 758 964 hanc
800 914 1171 980 quaestionem
1212 912 1512 974 solvamus,
1556 914 1700 979 prius
1741 914 1892 980 origo
1935 913 2112 963 divina

196 996 525 1047 auctoritatis
566 996 720 1046 nobis
761 997 1045 1063 probanda
1086 1003 1180 1046 est.

886 1147 1155 1195 THESIS
1194 1148 1418 1195 LXXV.

198 1248 344 1313 486.
429 1260 711 1320 Suprema
747 1266 1000 1320 potestas
1037 1259 1263 1320 politica
1299 1260 1619 1307 secundum
1668 1273 1730 1306 se
1781 1258 2112 1306 immediate

196 1349 228 1381 a
266 1335 404 1390 Deo,
443 1341 673 1382 auctore
712 1342 960 1391 naturae,
1001 1334 1306 1382 descendit.

198 1442 389 1496 (Suafez,
424 1446 522 1486 Des.
558 1445 655 1485 fidei
691 1446 716 1485 1.
744 1457 781 1497 3,
818 1459 851 1485 c.
880 1457 916 1486 2.
962 1447 1152 1493 Ferrclti,
1188 1446 1479 1485 Institutiones
1514 1445 1666 1497 philos.
1700 1458 1802 1485 mor.
1837 1446 1910 1495 ΙΙΙ,
1946 1458 1987 1484 n.
2017 1453 2112 1496 159.

914 1512 1160 1566 Moralphil.
1196 1514 1235 1550 H
1270 1510 1393 1564 459.)

273 1622 362 1674 St.
409 1622 485 1690 Q.
558 1623 823 1675 1.Thesis
862 1625 1111 1674 statuitur
1153 1632 1337 1673 contra
1366 1623 1612 1684 HobbeS,
1656 1623 1935 1673 Rousseau
1963 1621 2112 1673 alios-

198 1725 332 1774 que,
391 1708 482 1773 qui
534 1706 756 1757 liberam
808 1706 1087 1756 hominum
1140 1706 1553 1756 conventionem
1606 1712 1665 1755 ut
1717 1705 2019 1772 proximam
2060 1714 2114 1755 et

198 1791 555 1856 adaequatam
598 1806 813 1839 causam
850 1789 1180 1840 auctoritatis
1223 1788 1386 1839 civilis
1414 1788 1769 1849 considerant,
1811 1787 1894 1838 vel
1922 1787 2112 1838 saltem

199 1890 306 1923 non
347 1872 501 1922 aliam
545 1873 875 1922 auctoritatis
905 1872 1068 1922 civilis
1098 1872 1357 1937 originem
1387 1872 1677 1921 admittunt
1710 1887 1873 1937 quarn
1901 1870 2113 1921 alterius

199 1954 481 2006 cuiuslibet
534 1955 817 2021 potestatis
871 1955 1151 2004 humanae.
1237 1952 1436 2004 Contra
1476 1953 1576 2003 hos
1628 1953 1955 2004 affirmamus
1994 1969 2113 2003 auc-

200 2039 470 2103 toritatem
513 2037 736 2101 civilem*
763 2039 1062 2088 secundum
1105 2055 1161 2087 se
1203 2046 1371 2086 totam
1415 2036 1726 2086 imnwdiaz‘e
1767 2052 1796 2085 a
1824 2036 1946 2085 Deo
1987 2044 2115 2085 tam-

200 2138 360 2188 quam
405 2137 564 2171 causa
593 2120 860 2185 proximat
902 2120 1209 2169 hominibus
1251 2119 1503 2180 conferri,
1560 2136 1668 2168 non
1709 2135 1805 2184 per
1844 2117 2115 2168 revelatio-

200 2221 337 2265 nem,
380 2203 476 2253 sed
508 2221 601 2269 per
630 2203 852 2252 modum
896 2202 1236 2269 proprietatis
1266 2202 1642 2268 consequentis
1670 2201 1842 2267 ipsam
1870 2209 2111 2250 naturam

200 2287 433 2352 ideoque
492 2286 763 2335 mediante
825 2285 1115 2335 dictamine
1183 2285 1400 2335 rationis
1465 2283 1717 2334 naturalis
1782 2283 2116 2333 ostendentis

200 2369 361 2419 talem
410 2377 735 2436 potestatem
789 2385 857 2418 ex
909 2367 1187 2418 voluntate
1239 2367 1339 2416 Dei
1393 2366 1581 2416 adesse
1635 2366 1833 2415 debere
1885 2364 2117 2430 (Suarez

201 2452 232 2502 l.
277 2469 320 2502 c.
375 2469 424 2502 n.
472 2452 539 2516 2).
622 2451 878 2500 Nondum
934 2451 1228 2516 quaeritur,
1289 2451 1340 2499 in
1393 2466 1631 2515 quonam
1682 2448 1928 2498 subiecto
1980 2446 2115 2497 haec

201 2542 442 2601 potestas
483 2534 722 2600 primitus
764 2533 1007 2583 resideat.

278 2637 324 2674 2.
381 2623 612 2672 Nomine
661 2622 1002 2672 auctorz'talz's
1042 2621 1224 2671 cz'z'l'lz's
1274 2620 1632 2686 intellegimus
1684 2620 1769 2669 ius
1812 2619 2114 2669 societatem

202 2706 415 2756 civilem
457 2705 536 2754 ad
553 2706 725 2771 finem
766 2722 916 2754 suum
958 2704 1265 2769 dirzgemz'z',
1316 2703 1397 2753 vel
1440 2704 1518 2752 ius
1559 2701 1836 2767 obligandi
1874 2701 2116 2750 membra

203 2788 474 2839 societatis
497 2787 659 2837 civilis
682 2788 750 2836 ad
774 2787 1180 2853 cooperandum
1202 2787 1253 2836 in
1278 2786 1462 2836 ordine
1492 2785 1558 2835 ad
1582 2785 1788 2835 bonum
1811 2800 2112 2833 commune.

209 2934 356 3000 487.
459 2937 624 2984 Prob.
674 2951 713 2983 1.
808 2935 1103 2985 «Homines
1160 2935 1497 3001 (generatim)
1554 2935 1605 2983 in
1661 2932 1918 2982 societate
1979 2929 2115 2980 civili

205 3019 382 3068 vivere
423 3026 610 3068 natura
649 3018 822 3078 iubet,
877 3035 970 3067 seu
1010 3018 1183 3067 verius
1235 3026 1453 3067 naturae
1501 3025 1689 3065 auctor
1727 3014 1931 3074 Deus»,
1985 3030 2115 3078 ergo

204 3102 259 3151 id
302 3117 518 3166 quoque
559 3100 721 3161 iubet,
768 3100 879 3149 sine
921 3117 1028 3165 quo
1070 3100 1299 3149 societas
1341 3098 1503 3148 civilis
1551 3114 1679 3147 «nec
1721 3096 1976 3146 exsistere
2016 3111 2115 3145 nec

207 3183 431 3249 cogitari
470 3189 679 3248 potest»
729 3181 857 3246 (Leo
898 3180 1070 3242 XIII,
1112 3180 1315 3247 encycl.
1367 3181 1721 3230 «Diuturnum
1761 3177 1976 3242 illud»)‚
2022 3176 2112 3226 scl.

207 3265 395 3314 adesse
435 3265 807 3314 auctoritatem
837 3262 1059 3313 civilem.
1116 3262 1223 3328 Qui
1251 3263 1392 3312 enim
1418 3262 1533 3312 vult
1565 3279 1676 3312 rem
1713 3259 1961 3326 aliquam,
2002 3257 2116 3308 vult

208 3348 367 3397 etiam
409 3363 486 3407 ea,
529 3347 640 3396 sine
682 3346 877 3412 quibus
916 3345 1004 3395 illa
1045 3346 1301 3395 exsistere
1341 3362 1449 3395 non
1489 3353 1683 3411 potest.
