2182 3682
523 199 675 229 CAPUT
708 198 768 228 IV.
819 198 882 228 DE
914 197 1196 227 VIRTUTIBUS
1230 197 1288 226 ET
1322 197 1477 226 VITIIS.
1852 199 1870 235 1
1890 195 1946 249 15

70 347 210 399 133.
290 338 455 385 Prob.
529 336 708 386 Virtus
748 334 983 401 perfecta
1024 350 1087 382 ea
1125 341 1220 393 est,
1264 349 1400 398 quae
1441 339 1745 382 constanter
1785 341 1837 382 et
1877 332 1953 381 fir-

60 419 213 468 miter
250 419 302 467 in
343 418 588 467 omnibus
629 415 998 466 occasionibus
1038 414 1323 463 honestum
1352 413 1499 478 eligit
1539 422 1591 462 et
1632 414 1950 479 exsequitur.

59 499 229 565 Atqui
276 499 365 548 tali
417 499 582 548 modo
624 515 729 547 una
768 498 927 547 virtus
978 495 1215 562 perfecta
1255 512 1369 544 esse
1409 512 1517 544 non
1568 504 1775 560 potest,
1830 495 1955 560 quin

64 581 238 630 adsint
297 580 530 646 reliquae
588 581 805 630 virtutes
865 579 933 628 ad
996 594 1337 628 communem
1398 593 1549 625 usum
1613 577 1953 626 necessariae.

59 661 213 726 Ergo
244 703 252 711 .
288 701 297 710 .
331 704 339 712 .

133 749 289 799 Proh.
333 750 459 800 min.
540 750 688 800 Ante
729 750 908 799 omnia
948 749 1015 798 ad
1059 747 1347 815 perfectam
1390 747 1642 797 virtutem
1683 746 1958 811 requiritur

58 832 293 899 perfecta
331 832 641 897 prudentia.
722 832 862 881 Nam
913 832 1074 881 virtus
1126 830 1339 880 moralis
1378 829 1637 879 strictiore
1683 844 1840 877 sensu
1880 836 1960 877 est

59 913 271 964 habitus
311 914 564 964 electivus
604 915 897 964 secundum
939 914 1205 962 dictamen
1246 911 1560 977 prudentiae
1601 910 1669 974 (n.
1721 910 1843 970 126,
1890 911 1957 974 3).

61 995 232 1062 Atqui
271 997 550 1062 prudentia
588 997 825 1062 perfecta
853 1012 968 1045 esse
996 1012 1104 1044 non
1146 1003 1339 1061 potest,
1384 994 1510 1059 quin
1540 992 1714 1042 adsint
1754 999 1962 1041 ceterae

59 1079 277 1128 virtutes
316 1078 543 1129 morales
583 1079 634 1128 in
675 1078 928 1144 appetitu.
986 1077 1271 1126 Prudentia
1299 1077 1438 1125 enim
1467 1074 1721 1140 supponit
1762 1082 1961 1123 rectam

61 1160 464 1226 dispositionem
507 1161 802 1226 appetitus,
847 1161 969 1226 quia
1009 1158 1234 1225 quilibet
1272 1158 1497 1218 iudicat,
1540 1165 1702 1222 prout
1742 1155 1962 1205 affectus

62 1249 168 1305 est;
223 1260 321 1292 nec
372 1242 545 1293 solum
586 1243 841 1308 supponit
882 1242 1177 1308 appetitum
1226 1249 1370 1290 recte
1412 1239 1727 1305 dispositum
1767 1238 1817 1286 in
1859 1255 1962 1286 ma-

62 1325 191 1374 teria
245 1325 394 1374 unius
434 1325 665 1386 virtutis,
719 1326 814 1374 sed
856 1326 906 1373 in
959 1324 1177 1373 materia
1219 1323 1455 1372 omnium
1496 1322 1773 1381 virtutum,
1828 1337 1965 1385 quae

62 1406 130 1455 ad
171 1423 514 1456 communem
554 1424 707 1456 usum
749 1408 1026 1472 pertinent.
1084 1405 1224 1455 Nam
1265 1404 1514 1454 materiae
1541 1404 1791 1452 virtutum
1833 1403 1966 1451 inter

62 1505 118 1537 se
159 1488 461 1550 cohaerent,
506 1498 558 1539 et
585 1498 737 1539 actus
774 1489 924 1538 unius
951 1489 1153 1538 virtutis
1180 1504 1342 1552 saepe
1383 1487 1441 1536 fit
1482 1485 1707 1535 difficilis
1748 1492 1968 1551 propter

62 1579 241 1620 actum
283 1570 511 1621 alterius.
582 1570 668 1621 Sic
697 1589 743 1621 v.
790 1588 839 1636 g.
874 1571 1218 1620 oboedientia
1258 1570 1318 1618 fit
1357 1586 1517 1634 saepe
1560 1566 1799 1628 difficilis,
1845 1567 1966 1632 quia

60 1662 300 1703 versatur
350 1655 401 1703 in
454 1654 701 1713 materia,
760 1670 897 1719 quae
950 1661 1215 1718 repugnat
1266 1651 1571 1717 superbiae,
1626 1649 1964 1709 sensualitati,

61 1735 337 1801 pigritiae,
395 1736 572 1785 timori
627 1743 758 1798 etc.;
821 1736 1046 1785 iustitiae
1101 1751 1262 1800 saepe
1317 1732 1550 1799 pericula
1607 1733 1844 1781 oriuntur
1898 1749 1967 1781 ex

63 1817 276 1868 defectu
317 1819 700 1883 temperantiae
741 1818 807 1882 (v.
853 1835 902 1883 g.
947 1819 997 1867 in
1039 1817 1320 1879 adulterio)
1362 1815 1444 1864 vel
1492 1833 1562 1864 ex
1609 1814 1824 1864 avaritia
1864 1823 1962 1863 etc.

62 1899 172 1949 Iam
214 1901 309 1950 nisi
336 1901 387 1949 in
428 1900 508 1950 his
536 1900 783 1950 omnibus
811 1900 1078 1966 appetitus
1107 1900 1172 1949 sit
1201 1907 1343 1948 recte
1372 1898 1674 1963 dispositus,
1718 1897 1965 1946 iudicium

63 1982 375 2048 prudentiae
415 1983 466 2031 in
507 1983 566 2032 iis
608 1991 993 2049 corrumpetur.

138 2064 292 2131 Quae
334 2065 580 2125 diximus,
622 2064 802 2114 valent
844 2066 911 2114 de
943 2064 1239 2124 virtutibus,
1284 2079 1421 2128 quae
1462 2061 1663 2111 habent
1703 2061 1964 2121 materias,

64 2147 202 2197 circa
252 2163 385 2213 quas
437 2147 746 2197 exercitium
801 2148 1082 2213 unicuique
1125 2146 1477 2196 communiter
1519 2144 1780 2209 contingit
1796 2160 1805 2205 ;
1861 2161 1967 2192 non

63 2238 240 2279 autem
281 2230 349 2279 de
388 2231 463 2291 iis,
510 2247 645 2296 quae
685 2230 956 2279 hominem
999 2228 1278 2295 perficiunt
1315 2228 1452 2277 circa
1480 2226 1712 2292 aliquem
1741 2226 1969 2275 eminen-

63 2320 171 2361 tem
212 2318 424 2373 statum,
466 2330 514 2362 v.
559 2329 609 2378 g.
655 2313 723 2362 de
764 2311 1172 2377 magnificentia.
1254 2309 1628 2369 Nihilominus,
1678 2309 1767 2374 qui
1807 2308 1969 2357 habet

61 2393 278 2444 virtutes
319 2411 633 2444 communes
673 2395 723 2443 in
763 2402 903 2444 statu
946 2393 1214 2459 perfecto,
1269 2392 1429 2442 etiam
1469 2391 1680 2441 habitus
1719 2392 1968 2440 virtutum

63 2476 597 2526 extraordinariarum
637 2476 877 2542 possidet
916 2476 967 2526 in
1008 2476 1249 2542 potentia
1290 2474 1615 2540 propinqua,
1670 2474 1743 2522 ita
1782 2481 1841 2522 ut
1881 2489 1970 2521 eas

63 2557 188 2607 data
228 2559 510 2608 occasione
552 2559 768 2608 modico
811 2558 1065 2608 exercitio
1093 2558 1192 2607 sibi
1223 2557 1460 2623 acquirat
1490 2555 1565 2620 (S.
1606 2555 1794 2605 Tlmm.
1833 2569 1873 2615 Ι,
1920 2568 1966 2613 2,

65 2656 113 2704 q.
158 2640 244 2703 65,
289 2658 333 2689 a.
386 2655 403 2689 Ι
452 2642 520 2690 ad
570 2641 632 2704 I).

144 2766 238 2805 Obi.
278 2779 311 2806 ι.
384 2759 648 2820 Supposito
686 2759 857 2813 etiam,
909 2759 1042 2820 quod
1079 2758 1352 2805 intellectus
1391 2757 1449 2804 sit
1484 2756 1731 2818 perfectus
1778 2755 1828 2800 in
1875 2754 1970 2801 suis

63 2831 253 2880 iudiciis
290 2833 351 2880 de
389 2833 639 2880 actionum
674 2835 946 2892 honestate,
985 2842 1148 2895 potest
1176 2834 1400 2879 voluntas
1426 2846 1660 2893 spernere
1686 2831 1767 2876 illa
1791 2829 1971 2876 iudicia

65 2914 113 2953 et
157 2908 341 2954 malum
389 2908 635 2969 amplecti.
707 2909 860 2969 Atqui
904 2908 985 2955 illa
1030 2909 1251 2969 perfecta
1298 2905 1479 2953 iudicia
1526 2914 1636 2951 sunt
1682 2913 1816 2951 actus
1863 2919 1972 2965 pru-

65 2982 274 3029 dentiae.
346 2983 484 3042 Erge
520 2992 681 3044 potest
727 2983 899 3031 haberi
946 2982 1207 3045 prudentia
1254 2982 1358 3028 sine
1406 2980 1657 3026 virtutibus
1704 2978 1970 3025 moralibus

65 3055 116 3101 in
152 3058 417 3105 voluntate.
809 3056 815 3062 ⁸

143 3162 294 3211 Resp.
373 3154 502 3200 Dist.
542 3155 650 3201 mai.
669 3173 683 3201 .·
720 3154 984 3216 Supposito
1021 3154 1244 3215 perfecto
1282 3152 1555 3198 intellectus
1591 3147 1773 3196 iudicio
1811 3156 1971 3209 potest

65 3228 290 3275 voluntas
326 3229 452 3275 male
490 3244 638 3289 agere
674 3229 724 3275 in
760 3244 859 3275 uno
897 3229 1112 3275 alterove
1151 3243 1279 3284 cam,
1318 3241 1451 3280 cem„
1490 3225 1774 3284 frequenter
1799 3231 1846 3268 et
1871 3222 1968 3282 diu,

66 3316 192 3360 nego.
251 3303 384 3349 Cone.
422 3304 532 3349 min.
571 3309 617 3348 et
647 3304 751 3350 dist.
791 3319 939 3350 cens:
974 3305 1140 3349 Potest
1174 3301 1347 3348 haberi
1384 3298 1645 3360 prudentia
1678 3296 1970 3357 imperfecta

67 3384 113 3422 et
148 3375 430 3423 incohativa
465 3377 570 3424 sine
607 3377 860 3424 virtutibus
896 3377 947 3423 in
972 3378 1236 3434 voluntate,
1275 3390 1408 3430 conc„
1446 3370 1708 3433 prudentia
1733 3372 1968 3432 perfecta,
