2182 3682
124 161 223 190 CAP.
260 160 324 189 ΙΙΙ.
371 161 432 188 DE
467 159 703 188 BONITATE
736 160 793 187 ET
827 160 1026 189 MALiTIA
1060 161 1237 189 MORAIJ
1271 162 1469 191 ACTUUM
1505 164 1826 195 HUMANORUM.
1862 166 1953 219 73

138 303 293 351 Resp.
361 294 596 342 Obiciens
645 293 877 355 supponit
924 303 1147 341 naturam
1197 295 1487 344 rationalem
1528 307 1573 344 et
1610 299 1854 361 principia
1891 318 1961 347 ra-

61 368 206 414 tionis
253 369 501 429 practicae
549 383 654 415 esse
702 383 850 414 unum
900 368 1159 428 idemque,
1214 370 1348 429 quod
1396 387 1711 432 nequaquam
1759 375 1824 420 ita
1873 385 1957 422 est.

60 445 230 489 Homo
267 451 490 489 naturam
527 443 818 489 rationalem
856 459 883 489 a
919 443 1079 503 primo
1117 443 1313 489 instanti
1339 444 1601 492 nativitatis
1632 446 1793 505 habet,
1834 450 1961 510 prin—

59 517 187 578 cipia
237 524 399 563 autem
446 517 537 563 sibi
584 516 817 578 paulatim
870 518 1121 574 efformat‚
1177 518 1378 578 quando
1431 521 1657 579 pervenit
1708 521 1771 567 ad
1823 538 1959 569 usum

59 590 272 637 rationis.
327 591 456 638 Dein
493 591 703 652 primum
729 591 1026 652 principium
1064 591 1248 638 ordinis
1287 593 1496 650 moralis,
1539 595 1674 654 quod
1710 596 1833 642 ratio
1872 597 1962 644 sibi

59 666 285 712 efformat
332 673 379 712 et
425 681 485 711 ex
533 681 630 725 quo
678 681 767 727 per
808 666 1150 712 conclusiones
1187 666 1251 712 ad
1287 667 1382 714 alia
1419 678 1685 729 praecepta
1720 672 1958 730 pervenit,

58 748 129 787 est
164 739 485 801 principium:
530 741 751 786 «Bonum
785 740 1080 798 faciendum,
1120 742 1301 787 malum
1327 741 1639 800 vitandu1n»3
1676 745 1773 790 hoc
1799 754 1960 792 autem

56 813 351 876 principium
400 814 497 860 iam
545 815 922 875 praesupponit*
948 824 1216 876 conceptus
1257 817 1376 862 boni
1413 826 1461 863 et
1497 819 1625 864 mali.
1699 818 1962 877 Quaeritur

57 904 186 950 ergo,
228 888 480 949 quomodo
516 888 640 935 ratio
677 889 740 935 ad
777 890 866 936 hos
904 898 1174 949 conceptus
1210 891 1480 950 perveniat.
1536 893 1817 939 Secundum
1853 910 1963 940 nor-

55 980 186 1010 mam
235 980 263 1010 a
310 962 452 1010 nobis
488 971 715 1009 statutam
750 963 1007 1025 responsio
1046 972 1117 1010 est
1153 964 1321 1011 facilis.
1397 965 1773 1026 Quamprimum
1810 968 1961 1015 homo

55 1038 119 1084 ad
166 1053 302 1083 usum
350 1037 550 1084 rationis
598 1038 823 1098 pervenit
870 1045 917 1084 et
957 1037 1123 1098 aliquo
1162 1038 1313 1084 modo
1351 1040 1607 1099 cognoscit
1643 1056 1694 1087 se
1733 1057 1838 1088 esse
1876 1058 1962 1089 ens

55 1111 290 1158 rationale
339 1120 386 1158 et
432 1113 539 1172 plus
588 1127 735 1172 quarn
784 1127 973 1159 merum
1014 1113 1220 1169 animal,
1271 1112 1361 1159 sibi
1400 1115 1626 1161 efformat
1663 1125 1961 1177 conceptum

53 1187 144 1234 sibi
192 1186 469 1247 appetibilis
519 1195 566 1233 et
613 1187 952 1233 convenientis
1004 1188 1276 1234 secundum
1327 1204 1462 1234 suain
1515 1198 1755 1236 naturam.
1829 1192 1962 1237 Sicut

54 1261 309 1322 quodlibet
354 1277 466 1317 ens,
517 1261 582 1307 ita
627 1261 773 1307 etiam
809 1262 961 1308 homo
1002 1262 1151 1308 habet
1190 1264 1463 1309 naturalem
1504 1264 1875 1311 inclinationem
1912 1265 1961 1311 in

53 1352 135 1393 ea,
186 1351 313 1396 quae
361 1335 452 1382 sibi
501 1336 827 1394 conveniunt,
878 1343 924 1382 et
959 1345 1133 1383 natura
1168 1337 1295 1383 duce
1334 1337 1424 1384 sibi
1461 1338 1641 1385 format
1676 1340 1807 1386 hunc
1847 1356 1961 1386 con-

53 1418 249 1472 ceptum
295 1410 386 1457 sibi
435 1410 776 1457 convenientis
822 1419 870 1457 et
906 1410 1184 1472 appetibilis
1221 1420 1269 1458 et
1305 1413 1465 1458 statim
1502 1413 1686 1459 iudicat
1721 1415 1816 1460 hoc
1855 1429 1960 1461 esse

53 1484 360 1543 faciendum,
411 1485 709 1531 contrarium
757 1484 1011 1531 vitandum
1057 1482 1135 1545 (cf.
1182 1503 1229 1543 1,
1273 1503 1324 1542 2,
1377 1503 1422 1547 q.
1464 1504 1551 1547 94,
1602 1503 1643 1534 a.
1686 1484 1745 1548 2).
1786 1515 1847 1518 —
1886 1490 1960 1535 Ex

52 1559 193 1607 dictis
231 1559 377 1606 etiam
414 1568 563 1621 patet,
603 1560 857 1619 quomodo
896 1559 1140 1621 principia
1167 1560 1352 1607 ordinis
1379 1562 1576 1608 moralis
1602 1563 1962 1624 distinguantur

50 1651 78 1681 a
113 1633 368 1696 principiis
394 1634 711 1681 Aestheticae
748 1635 825 1680 vel
862 1634 1036 1680 artium
1074 1644 1121 1680 et
1157 1635 1486 1681 scientiarum.
1543 1637 1790 1698 Principia
1828 1638 1959 1684 enim

49 1708 256 1756 moralia
301 1717 555 1755 versantur
604 1709 735 1755 circa
782 1710 968 1755 bonum
1016 1718 1063 1755 et
1110 1711 1290 1755 malum
1341 1712 1526 1757 morale
1568 1727 1652 1757 seu
1689 1713 1959 1770 enuntiant,

50 1784 168 1844 quid
204 1782 394 1830 homini
431 1792 480 1829 ut
516 1784 768 1844 supposito
806 1784 1033 1830 rationali
1063 1799 1153 1844 pro
1180 1784 1459 1831 diversitate
1487 1785 1959 1833 circumstantiarum

49 1858 100 1904 in
147 1858 242 1905 suis
290 1858 477 1905 actibus
525 1858 583 1904 sit
631 1858 935 1905 conveniens
973 1874 1056 1905 seu
1094 1858 1279 1905 decens
1316 1868 1363 1905 et
1399 1861 1610 1920 proinde
1649 1861 1958 1919 faciendumg

49 1932 99 1979 id
135 1948 236 1979 non
275 1942 447 1980 curant
482 1932 726 1994 principia
766 1934 1089 1991 aestheticae‚
1140 1949 1267 1994 quae
1305 1935 1463 1980 solum
1502 1935 1694 1993 dicunt,
1745 1936 1864 1997 quid
1901 1937 1960 1983 sit

48 2008 306 2070 pulchrum
354 2016 402 2054 et
449 2008 702 2068 quomodo
750 2024 840 2069 per
877 2007 1202 2054 determinata
1239 2008 1402 2055 media
1439 2018 1597 2057 certus
1635 2012 1836 2058 effectus
1873 2012 1956 2058 ob-

47 2082 191 2130 tineri
227 2081 393 2144 possit.
467 2078 560 2142 (Cf.
600 2082 728 2129 infra
766 2100 812 2129 n.
858 2078 983 2143 137)

179 2248 206 2302 ξ
241 2262 279 2290 2.
330 2252 651 2291 ERRONEAE
683 2252 798 2290 VEL
831 2253 1013 2292 MINUS
1047 2253 1280 2292 RECTAE
1315 2254 1822 2294 PHILOSOPHORUM

209 2319 524 2358 OPINIONES
558 2320 637 2358 DE
670 2320 881 2359 NORMA
916 2321 1318 2360 MORALITATIS
1351 2322 1793 2362 RECENSENTL'R.

81 2419 256 2475 (Meyer,
290 2423 470 2462 Institut.
504 2423 602 2462 iuris
636 2430 719 2463 nat.
754 2424 792 2468 Ι,
827 2437 867 2462 11.
908 2432 984 2474 155
1011 2438 1101 2476 sqq.
1171 2426 1399 2472 (Jutlmlet,
1434 2425 1561 2463 Ethik
1593 2426 1680 2465 und
1712 2426 1924 2478 Religion.

626 2490 1038 2542 Moralphilosophie
1071 2491 1117 2529 Ι4
1157 2492 1237 2540 196
1261 2489 1373 2544 sqq.)

123 2592 439 2643 Innumerae
494 2593 773 2659 opiniones
825 2593 1272 2660 philosophorum
1322 2596 1389 2645 de
1431 2612 1618 2646 norma
1658 2596 1954 2647 honestatis

50 2673 118 2723 ad
158 2673 291 2725 haec
333 2675 440 2725 fere
479 2684 772 2741 systemata
814 2677 1049 2727 revocari
1089 2686 1339 2743 possunt:

51 2812 154 2876 78.
233 2814 271 2863 I.
328 2814 583 2865 Uti'lztaf
561 2833 740 2865 zsnzus.
822 2816 946 2866 Hoc
998 2818 1212 2867 nomine
1278 2819 1665 2885 comprehendi
1728 2827 1955 2885 possunt

52 2897 229 2946 omnia
268 2883 580 2962 systemata,
582 2880 758 2964 ffiae
797 2900 1021 2949 actionis
1050 2899 1388 2950 honestatem
1417 2902 1574 2951 sitam
1603 2919 1718 2951 esse
1748 2910 1953 2967 ponunt

51 2977 102 3026 in
142 2979 254 3028 eius
292 2979 524 3029 ulzlztate
551 2981 619 3029 ad
649 2980 853 3030 bonurn
881 2981 1099 3048 aliquod
1129 2984 1586 3049 consequendum.
1656 2983 1757 3033 Pro
1788 2983 1953 3032 diver-

298 3040 505 3052 mem„-

51 3059 205 3109 sitate
256 3060 410 3111 huius
462 3062 590 3112 boni
642 3063 882 3113 diversae
922 3065 1129 3130 species
1169 3065 1485 3115 utilitarismi
1527 3066 1949 3130 distinguuntur:

133 3170 172 3206 Ι.
217 3157 639 3234 (Q
641 3160 916 3227 plz'vatm,
958 3161 1265 3252 Qetiam
1275 3162 1661 3212 senszcalzsmzts
1685 3160 1769 3211 vel
1797 3160 1951 3210 laedo-

53 3255 254 3288 nzsmus
293 3249 539 3301 vocatur
594 3226 756 3292 finem
762 3229 959 3293 huius
998 3245 1137 3293 vitae
1177 3245 1229 3293 in
1270 3245 1504 3293 maxima
1542 3244 1704 3309 ipsius
1745 3244 1952 3308 agentis

54 3317 301 3370 felicitate
340 3321 423 3371 vel
463 3322 740 3389 voluptate
792 3326 1023 3375 terrestri
1070 3327 1229 3375 situm
1271 3343 1387 3375 esse
1429 3326 1591 3375 docet
1630 3333 1685 3375 et
1724 3326 1949 3390 proinde
