2182 3682
158 158 187 206 8
553 164 667 192 PARS
702 163 731 196 Ι.
787 163 1102 194 PHILOSOPHIA
1137 162 1341 192 MORALIS
1377 163 1656 193 GENERALIS.

956 313 1183 359 CAPUT
1220 314 1256 359 I.

527 426 644 485 DE
693 427 882 485 FINE
931 425 1261 484 ULTIMO
1312 425 1683 484 HOMINIS.

910 576 1242 616 ARTICULUS
1275 577 1308 616 I.

445 682 538 728 DE
576 682 734 728 FINE
772 681 1068 729 HOMINIS
1106 682 1378 729 ULTIMO
1417 682 1776 730 PRIMARIO.

937 812 1206 862 THESIS
1244 814 1284 861 Ι.

159 915 216 968 6.
317 925 471 972 Finis
508 925 765 972 absolute
802 924 1038 972 ultimus
1076 924 1337 972 omnium
1366 932 1754 972 creaturarum
1783 932 1868 973 est
1893 925 2067 986 gloria

159 1001 279 1057 Dei,
319 1007 374 1047 et
410 1000 640 1061 quidem
679 1007 1067 1047 creaturarum
1105 1000 1512 1048 irrationalium
1549 1000 1723 1061 gloria
1750 1000 1855 1048 Dei
1884 1000 2071 1048 obiec-

156 1076 284 1132 tiva,
324 1074 681 1123 rationalium
718 1082 843 1122 turn
882 1074 1158 1123 obiectiva
1193 1082 1318 1122 tum
1356 1075 1623 1123 formalis.

160 1177 224 1229 (S.
267 1180 422 1227 Thom„
458 1178 504 1217 C.
538 1186 651 1231 gent.
687 1179 713 1217 1.
740 1190 776 1229 3,
814 1192 848 1217 c.
880 1188 927 1227 17
969 1178 1033 1218 18.
1079 1179 1253 1226 Lenius,
1289 1179 1356 1217 De
1391 1178 1541 1217 divinis
1574 1178 1908 1231 perfectionibus
1941 1178 1967 1219 l.
2004 1189 2070 1227 14,

160 1261 194 1286 c.
235 1258 268 1286 Ι.
336 1248 661 1293 Costa-Rossetsi‚
708 1246 862 1285 Philos.
909 1243 1087 1285 moral.‘-'
1134 1254 1271 1298 5sqq.
1336 1247 1582 1294 llcazztlzez'aaez„
1628 1247 1729 1285 Inst.
1775 1245 2072 1285 Theodicaeae

278 1328 318 1353 n.
355 1322 453 1365 959.
517 1314 710 1360 Boedder,
744 1313 894 1352 Theol.
931 1321 1063 1352 natur.
1099 1327 1139 1351 n.
1178 1322 1274 1364 522.
1330 1311 1772 1365 Moralphilosophie4
1803 1314 1822 1351 I
1857 1311 1949 1364 79.)

238 1415 327 1468 St.
374 1414 580 1483 Q.1.
652 1416 812 1466 Finis
863 1424 943 1466 est
984 1417 1065 1477 id,
1123 1417 1270 1466 cuius
1312 1417 1482 1490 gratia
1521 1415 1605 1466 vel
1660 1424 1882 1482 propter
1922 1415 2070 1481 quod

163 1499 578 1566 (assequendum
619 1498 702 1548 vel
746 1499 1125 1562 obtinendum)
1179 1498 1378 1565 aliquid
1432 1498 1505 1550 fit.
1586 1498 1868 1561 Dividitur,
1913 1515 2074 1564 quan-

161 1592 275 1633 tum
316 1583 385 1632 ad
428 1599 537 1631 rem
580 1589 822 1631 nostram
864 1582 1120 1647 pertinet:

228 1672 285 1737 pa)
339 1672 391 1721 in
445 1671 606 1720 finem
663 1671 782 1736 qui,
839 1670 1000 1720 finem
1053 1670 1138 1720 cm‘
1175 1678 1229 1720 et
1281 1669 1441 1720 finem
1483 1688 1597 1736 quo.
1679 1670 1822 1719 Finis
1862 1670 1957 1736 qui
1994 1676 2075 1719 est

161 1754 287 1804 illud
343 1754 574 1815 bonum,
631 1753 780 1803 cuius
832 1754 1141 1819 acquirendi
1183 1753 1352 1819 gratia
1392 1753 1532 1803 actio
1576 1753 1659 1816 fit3
1715 1752 1831 1802 finis
1871 1752 1958 1802 cui
1994 1759 2075 1802 est

162 1838 478 1898 subiectum,
524 1837 606 1886 cui
647 1835 777 1885 illud
819 1836 1020 1886 bonum
1063 1844 1403 1902 procuratur;
1449 1835 1565 1885 finis
1606 1853 1706 1901 quo
1743 1842 1824 1885 est
1855 1835 2074 1900 adeptio

161 1919 296 1970 illius
346 1919 489 1969 boni.
571 1918 714 1968 Finis
755 1919 844 1983 qui
884 1927 1105 1968 vocatur
1146 1918 1306 1967 etiam
1348 1917 1465 1968 finis
1506 1917 1791 1968 obz‘ectl'vus
1829 1934 1922 1967 seu
1963 1933 2074 1966 ma-

164 2002 400 2062 terialis,
442 2001 559 2051 finis
601 2019 711 2067 quo
755 2000 871 2050 finis
896 2001 1174 2065 formalis
1189 2020 1206 2061 ,-

239 2091 294 2156 b)
347 2092 398 2140 in
451 2091 612 2140 finem
666 2091 941 2156 operantis
993 2100 1045 2140 et
1087 2091 1280 2155 opem's.
1361 2090 1505 2140 Finis
1546 2090 1822 2155 operantis
1869 2098 1950 2140 est
2002 2089 2072 2150 id,

166 2175 313 2239 quod
355 2191 523 2240 agens
564 2191 662 2240 pro
705 2173 855 2223 libitu
882 2173 1148 2235 'intendit3
1194 2173 1311 2222 finis
1340 2173 1521 2238 operis
1547 2173 1617 2234 id,
1661 2173 1729 2222 ad
1759 2172 1908 2239 quod
1937 2189 2076 2238 opus

167 2264 353 2306 natura
405 2273 499 2306 sua
552 2256 837 2307 ordinatur.
919 2256 1063 2305 Finis
1105 2256 1281 2322 operis
1321 2256 1676 2305 subdividitur
1715 2256 1766 2305 in
1807 2256 2075 2317 internum

167 2345 221 2388 et
272 2347 580 2400 exlcl‘nmn,
632 2346 792 2405 prout
843 2339 923 2399 id,
969 2339 1037 2388 ad
1091 2338 1239 2404 quod
1281 2356 1416 2405 opus
1457 2346 1644 2388 natura
1682 2355 1777 2388 sua
1818 2337 2074 2403 dirigitur,

168 2421 406 2471 eiusdem
448 2422 711 2471 internam
752 2420 1138 2487 perfectionem
1181 2422 1456 2470 constituit
1495 2420 1579 2470 vel
1620 2437 1756 2484 non;

244 2511 292 2575 c)
333 2511 384 2559 in
426 2510 587 2560 finem
617 2510 954 2575 proximum,
999 2509 1393 2571 z‘nlernzedz'uvz,
1436 2510 1696 2560 ultimum.
1778 2509 1922 2560 Finis
1960 2509 2079 2559 ulti-

171 2610 288 2642 mus
339 2601 419 2642 est
471 2592 614 2654 finis,
675 2593 765 2658 qui
816 2593 886 2642 ad
927 2591 1230 2642 ulteriorem
1273 2592 1437 2642 finem
1477 2610 1585 2642 non
1631 2593 1928 2653 ordinatur,
1980 2590 2078 2641 sed

171 2674 503 2725 tendentiam
558 2675 827 2741 appetitus
878 2675 1141 2724 terminat.
1223 2674 1489 2724 Dividitur
1539 2676 1591 2724 in
1632 2675 1794 2724 finem
1832 2674 2079 2724 ultimum

171 2757 452 2807 secundum
495 2757 630 2823 quid
664 2766 717 2806 et
757 2757 919 2806 finem
960 2756 1196 2806 absolute
1223 2756 1485 2818 ultimum,
1529 2764 1690 2823 prout
1717 2757 1834 2806 finis
1862 2764 1942 2806 est
1968 2754 2079 2805 ulti-

174 2857 290 2888 mus
341 2839 516 2889 solum
571 2839 733 2889 relate
785 2839 853 2888 ad
906 2838 1139 2905 aliquam
1190 2840 1381 2888 seriem
1433 2839 1614 2889 finium
1668 2841 1734 2903 (v.
1779 2855 1830 2904 g.
1883 2838 2081 2887 sanitas

173 2930 419 2988 respectu
471 2922 594 2971 artis
645 2922 961 2985 medicinae)
1018 2921 1100 2971 vel
1154 2921 1401 2971 absolute
1442 2930 1496 2971 et
1534 2921 1856 2987 simpliciter.
1937 2919 2082 2969 Finis

175 3003 421 3053 absolute
474 3003 687 3053 ultimus
739 3021 846 3052 non
887 3003 1061 3053 solum
1102 3003 1232 3053 nulli
1273 3002 1356 3053 alii
1397 3004 1487 3053 fini
1527 3003 1930 3063 subordinatur,
1984 3001 2081 3051 sed

178 3086 335 3135 etiam
368 3094 566 3158 &3544
609 3094 665 3135 ut
706 3086 885 3135 omnia
924 3086 1024 3152 ipsi
1063 3086 1494 3136 subordinentur.

254 3187 299 3224 2.
351 3174 546 3224 Gloria
591 3174 840 3223 definitur
880 3173 1021 3224 clara
1049 3191 1170 3224 cum
1212 3174 1370 3224 laude
1400 3175 1588 3224 notitia
1615 3172 1692 3237 (S.
1731 3172 1916 3222 Tlcom.
1957 3186 1975 3221 Ι
1989 3213 1999 3232 ‚
2032 3185 2079 3232 2,

98 3246 101 3247 ’
178 3272 227 3320 q.
273 3269 320 3316 2,
363 3272 407 3305 a.
456 3257 520 3321 3).
604 3254 786 3305 Gloria
825 3255 926 3305 alia
966 3262 1046 3304 est
1086 3255 1346 3316 formalis,
1401 3254 1501 3304 alia
1541 3254 1818 3305 obiectiva.
1902 3253 2084 3304 Gloria

161 3337 437 3400 fomnalz's
487 3339 539 3387 in
592 3355 656 3387 eo
710 3337 977 3398 consistit,
1034 3337 1182 3402 quod
1234 3338 1350 3402 quis
1401 3338 1469 3386 ab
1521 3336 1632 3386 aliis
1672 3344 1898 3405 propter?
1931 3353 2082 3385 suam
