2182 3682
491 187 578 216 LIB.
614 187 662 215 11.
709 186 809 215 CAP.
844 186 912 215 111.
958 185 1021 214 DE
1054 185 1307 213 SOCIETATE
1342 184 1500 215 CIVILI.
1833 186 1937 237 413

353 332 386 370 1.
432 332 502 369 De
536 329 830 380 separatione
864 328 981 367 inter
1014 327 1263 366 eeclesiam
1298 333 1342 365 et
1377 327 1626 366 civitatem.

684 439 951 487 THESIS
989 438 1293 485 LXXXVI.

44 545 188 600 555.
271 543 574 591 Reicienda
611 549 696 590 est
736 541 1067 590 omnimoda
1115 539 1395 601 separatio
1447 539 1595 587 inter
1630 540 1944 587 Ecclesiam

43 625 98 666 et
135 618 434 666 civitatem.

115 719 206 771 St.
251 718 326 786 Q.
416 734 458 771 Ι.
502 719 664 770 Plena
704 719 836 768 haec
889 718 1154 784 separatio
1196 718 1246 766 in
1288 735 1353 767 eo
1395 726 1500 778 est,
1555 725 1611 766 ut
1655 717 1836 767 civitas
1875 717 1943 766 ad

39 803 335 853 Ecclesiam
375 820 483 852 non
524 802 644 868 plus
685 801 929 850 attendat
965 817 1126 866 quam
1155 800 1223 849 ad
1253 798 1546 865 quamlibet
1585 799 1739 849 aliam
1781 800 1944 849 socie-

38 893 202 936 tatem
255 885 528 950 privatam.
613 883 808 933 Civitas
860 883 981 932 sinit
1034 881 1328 932 Ecclesiam
1389 881 1561 931 facere
1614 881 1762 947 quod
1813 881 1940 942 vult,

36 968 131 1017 sed
173 967 318 1016 nullo
361 967 526 1016 modo
568 983 683 1015 eam
728 965 873 1014 fovet
913 982 1089 1030 neque
1117 965 1168 1013 in
1196 965 1303 1013 suis
1345 963 1554 1029 legibus
1588 964 1658 1014 ad
1688 981 1805 1013 eam
1835 963 1943 1013 ullo

38 1050 202 1099 modo
245 1048 484 1098 attendit.
547 1048 606 1097 In
648 1048 752 1097 hoc
793 1055 1084 1112 systemate
1126 1047 1428 1096 continetur
1468 1046 1625 1111 plena
1666 1045 1944 1096 tolerantia

4 1132 274 1181 ‘omnium
316 1130 575 1192 cultuum3
628 1130 810 1179 civitas
851 1130 989 1178 enim
1040 1129 1343 1178 considerat
1384 1127 1694 1193 religionem
1735 1136 1792 1177 ut
1833 1145 1944 1177 rem

36 1231 179 1263 mere
230 1213 504 1279 privatam.
588 1225 634 1262 2.
681 1211 950 1261 Reicimus
1001 1210 1145 1260 illam
1195 1211 1587 1276 separationem
1643 1217 1700 1259 ut
1743 1218 1850 1275 per
1889 1227 1944 1258 se

37 1296 345 1361 optandam.
415 1295 538 1343 Non
580 1311 840 1359 negamus
881 1310 999 1343 eam
1029 1302 1135 1357 per
1176 1293 1419 1342 accidens
1455 1301 1513 1341 ut
1546 1292 1715 1341 minus
1744 1291 1943 1342 malum

37 1377 246 1427 tolerari
286 1376 369 1426 vel
411 1376 654 1441 exoptari
696 1393 871 1441 posse.

112 1461 277 1507 Prob.
320 1474 360 1506 1.
436 1457 698 1518 Christus,
743 1466 958 1507 aeterna
998 1458 1273 1523 sapientia,
1318 1457 1605 1507 condendo
1647 1455 1943 1506 Ecclesiam

37 1558 143 1590 non
185 1541 360 1607 potuit
399 1540 535 1590 velle
575 1548 798 1600 statum,
855 1541 906 1588 in
948 1557 1054 1605 quo
1096 1540 1239 1605 paci,
1285 1540 1482 1600 unitati,
1528 1539 1697 1588 ordini
1737 1539 1944 1604 generis

37 1623 255 1673 humani
297 1640 403 1672 non
443 1622 570 1672 satis
612 1623 881 1688 provisum
922 1629 1087 1683 esset,
1139 1623 1302 1671 immo
1345 1622 1433 1688 qui
1474 1630 1658 1671 natura
1697 1638 1790 1670 sua
1831 1639 1943 1687 per-

37 1705 211 1772 petuis
263 1704 677 1754 dissensionibus
725 1711 777 1754 et
828 1704 951 1753 rixis
1003 1720 1187 1753 ansam
1239 1705 1403 1753 daret.
1486 1703 1655 1769 Alqm'
1704 1703 1808 1753 hoc
1850 1704 1940 1753 ob-

39 1788 243 1848 tineret,
287 1787 329 1836 si
369 1786 623 1836 voluisset
674 1786 888 1852 plenam
941 1787 1332 1852 separationem
1379 1787 1513 1835 inter
1553 1785 1848 1836 Ecclesiam
1889 1793 1941 1836 et

39 1870 319 1920 civitatem.
402 1870 556 1935 Ergo
595 1911 602 1919 .
637 1910 644 1918 .
682 1911 689 1918 .

110 1957 268 2008 Proh.
312 1958 436 2007 min.
518 1958 659 2007 Nam
700 1957 939 2007 Ecclesia
991 1966 1044 2007 et
1095 1958 1277 2007 civitas
1330 1958 1553 2007 eosdem
1606 1957 1849 2006 homines
1892 1958 1944 2006 in

38 2041 232 2090 eodem
272 2041 533 2089 territorio
570 2048 624 2090 et
659 2057 820 2106 saepe
854 2041 905 2089 in
942 2040 1133 2089 eadem
1170 2040 1404 2101 materia,
1449 2040 1570 2090 licet
1604 2040 1704 2089 sub
1735 2040 1943 2089 diverso

39 2131 300 2189 respectu,
343 2122 443 2172 sibi
482 2122 752 2171 subiectos
788 2122 1002 2172 habent.
1060 2122 1201 2171 Hinc
1238 2123 1516 2188 supposita
1557 2122 1713 2188 plena
1740 2138 1945 2187 separa-

38 2205 182 2255 tione
234 2203 504 2254 moraliter
555 2205 737 2254 evitari
790 2221 898 2253 non
945 2212 1150 2270 potest,
1207 2214 1289 2265 ut,
1346 2221 1480 2270 quae
1521 2203 1761 2254 Ecclesia
1802 2220 1946 2270 prae-

40 2287 180 2353 cipit,
225 2295 523 2352 repugnent
564 2286 771 2352 legibus
813 2287 1053 2346 civitatis,
1098 2295 1150 2335 et
1190 2287 1472 2336 viceversa.
1536 2285 1777 2336 Ecclesia
1816 2304 1861 2335 v.
1895 2303 1945 2351 g.

39 2370 296 2435 praecipit
336 2368 425 2418 tali
468 2369 552 2418 die
595 2368 787 2418 festum
829 2386 944 2418 esse
986 2368 1395 2429 celebrandum,
1452 2387 1481 2418 a
1523 2368 1796 2418 laboribus
1835 2368 1948 2418 abs-

39 2451 318 2501 tinendum
352 2460 480 2513 etc.;
525 2451 708 2500 civitas
749 2468 777 2500 e
819 2451 1083 2500 contrario
1125 2469 1252 2501 suos
1293 2451 1548 2501 officiales
1590 2462 1642 2500 et
1679 2451 1950 2517 operarios

41 2550 105 2582 eo
159 2533 243 2583 die
295 2533 364 2582 ad
416 2532 769 2583 laborandum
822 2532 1043 2599 obligat.
1125 2533 1365 2583 Ecclesia
1417 2541 1559 2583 certa
1616 2533 1950 2583 matrimonia

41 2614 217 2665 illicita
264 2623 317 2665 et
357 2615 499 2665 nulla
552 2615 813 2677 declarat;
870 2616 1052 2665 civitas
1093 2632 1122 2665 e
1164 2616 1429 2665 contrario
1484 2616 1741 2681 coniuges
1782 2616 1832 2664 in
1873 2616 1950 2664 iis-

43 2697 166 2746 dem
195 2698 404 2747 casibus
433 2697 501 2747 ad
531 2697 950 2747 cohabitandum
994 2698 1154 2764 cogit.
1226 2697 1463 2748 Ecclesia
1500 2698 1749 2764 prohibet
1778 2698 1950 2747 candi-

43 2779 198 2829 datos
237 2779 518 2829 sacerdotii
560 2779 750 2829 milites
791 2779 927 2842 fieri3
973 2781 1154 2829 civitas
1183 2781 1405 2830 eosdem
1441 2781 1600 2846 cogit.
1665 2779 1778 2830 Aut
1820 2796 1948 2845 ergo

43 2861 328 2911 dicendum
370 2869 450 2911 est
492 2860 757 2911 Christum
799 2862 1030 2912 voluisse
1083 2872 1342 2928 perpetua
1382 2863 1548 2928 iurgia
1597 2863 1730 2912 inter
1770 2861 1949 2911 Eccle-

42 2943 171 2993 siam
201 2953 252 2993 et
282 2943 491 2994 Statum
532 2944 584 2993 in
624 2945 897 3010 utriusque
939 2946 1242 3010 perniciem,
1287 2954 1377 2994 aut
1419 2963 1540 2994 eum
1569 2944 1797 2994 voluisse
1827 2960 1948 2993 con-

43 3025 369 3076 iunctionem
420 3026 695 3075 iuridicam
748 3027 882 3076 inter
923 3035 1227 3092 utramque,
1282 3027 1352 3076 ita
1394 3036 1452 3077 ut
1492 3028 1581 3076 uni
1626 3027 1951 3092 principatus

43 3107 125 3157 vel
172 3107 492 3173 hegemonia
544 3117 834 3174 competat.
916 3108 1060 3158 Prius
1112 3110 1406 3158 absurdum
1448 3118 1552 3171 est3
1609 3117 1769 3158 restat
1821 3125 1949 3172 ergo

45 3188 282 3241 alterum.
331 3189 465 3240 Alia
492 3190 633 3240 enim
661 3191 744 3240 via
772 3191 988 3240 iuridice
1030 3192 1395 3256 componendi
1424 3191 1539 3240 lites
1568 3207 1676 3240 non
1705 3190 1947 3250 habetur,

46 3288 165 3321 cum
199 3290 306 3322 non
341 3272 479 3322 adsit
513 3273 666 3322 tertia
701 3272 876 3339 aliqua
912 3274 1200 3323 auctoritas
1237 3282 1290 3323 et
1327 3273 1462 3323 civili
1501 3281 1553 3322 et
1594 3271 1952 3322 ecclesiastica

43 3355 293 3419 superior,
338 3356 421 3404 cui
460 3363 682 3422 utraque
723 3373 779 3405 se
819 3356 1131 3406 submittere
1173 3364 1431 3405 teneatur.
