2182 3682
213 188 315 224 212
615 185 729 214 PARS
763 184 792 215 1.
842 185 1157 216 PHILosoPmA
1190 185 1399 215 MORALIS
1434 186 1712 217 GENERALIS.

210 320 279 370 ad
331 336 492 386 quem
543 327 671 387 apta
721 330 816 372 est.
898 321 1090 387 Ergo.
1133 364 1140 371 .
1183 364 1190 371 .
1235 352 1306 359 —-
1347 321 1626 372 Praeterea
1676 322 1776 372 sibi
1827 322 2114 375 obstrictos

209 401 407 452 habere
458 401 590 453 alios
629 404 886 470 supponit
925 403 1155 469 aliquam
1197 403 1602 470 proportionem
1643 404 1780 454 inter
1819 421 1969 467 eum,
2024 407 2114 472 qui

209 485 387 535 officio
429 485 715 536 obstrictus
756 493 851 547 est,
896 494 948 535 et
989 503 1125 547 eum,
1169 502 1297 552 erga
1337 502 1500 552 quem
1528 487 1815 537 obstrictus
1854 496 1947 538 est.
2015 487 2113 538 Est

209 567 348 617 enirn
390 567 605 634 quidam
648 568 796 634 quasi
839 567 1001 628 favor,
1046 568 1136 633 qui
1176 568 1227 617 in
1268 584 1350 628 eo,
1395 570 1478 618 cui
1519 569 1819 630 exhibetur,
1860 571 2114 636 supponit

208 651 479 716 quandam
520 650 835 716 dignitatem
876 649 1102 699 similem
1131 650 1191 711 ei,
1236 667 1266 699 a
1294 667 1402 716 quo
1431 650 1730 701 exhibetur.
1799 651 1971 718 Atqui
1994 651 2112 702 talis

207 733 483 799 proportio
535 732 676 782 nulla
727 741 807 781 est
858 732 991 781 inter
1041 731 1315 781 hominem
1365 740 1417 782 et
1457 732 1627 784 bruta.
1709 733 1930 784 Brutum
1971 734 2111 784 enim

207 823 287 865 est
339 832 540 865 merum
588 814 822 864 medium
864 823 915 863 et
956 815 1363 864 instrumentum
1403 832 1501 881 pro
1543 814 1760 866 homine
1800 824 1854 866 et
1892 825 2113 883 propter

207 897 476 948 defectum
556 897 772 946 rationis
845 895 1037 947 nullius
1111 896 1417 947 commercii
1483 897 1767 963 spiritualis
1833 915 1954 948 curn
2019 898 2109 948 ho-

205 980 345 1029 mine
387 995 583 1046 capax;

209 1107 352 1162 257.
437 1112 482 1148 2.
528 1097 730 1147 ratione
782 1105 1054 1164 respectus
1106 1098 1174 1147 ad
1227 1098 1468 1148 ordinem
1521 1099 1799 1149 iuridicum
1841 1099 1893 1148 in
1935 1098 2112 1149 officia

204 1180 438 1231 iuridica
479 1189 531 1231 et
558 1198 660 1230 72072
689 1180 925 1230 inridica
956 1179 1125 1242 (merc
1152 1180 1364 1247 ethica).
1437 1180 1589 1231 Haec
1619 1182 1805 1232 divisio
1834 1198 1942 1232 non
1970 1182 2109 1231 coin-

203 1263 331 1313 cidit
371 1281 492 1314 cum
534 1263 792 1313 divisione
833 1262 1132 1313 officiorum
1172 1263 1223 1312 in
1266 1263 1447 1329 officia
1489 1263 1749 1313 coactioni
1787 1263 2016 1314 obnoxia
2055 1272 2107 1313 et

202 1345 460 1395 coactioni
496 1363 599 1395 non
640 1345 883 1395 obnoxio.
954 1345 1095 1394 Nam
1137 1345 1315 1395 omnia
1357 1345 1533 1395 officia
1574 1346 1839 1396 coactioni
1868 1346 2107 1396 obnoxia

200 1436 321 1477 sunt
371 1428 614 1488 iuridica,
669 1428 764 1477 sed
817 1445 924 1478 non
977 1428 1271 1488 viceversa3
1328 1428 1403 1478 sic
1443 1446 1490 1478 v.
1546 1444 1595 1493 g.
1652 1427 1828 1478 officia
1879 1428 2106 1479 iustitiae

201 1511 563 1561 distributivae
604 1519 747 1561 recte
787 1519 1047 1561 vocantur
1086 1510 1331 1571 iuridica,
1385 1511 1482 1560 sed
1532 1528 1639 1560 non
1679 1519 1800 1561 sunt
1841 1511 2105 1561 coactioni

200 1593 450 1644 obnoxia.
539 1593 672 1643 Item
727 1592 963 1643 officium
1016 1593 1083 1642 de
1134 1592 1237 1642 alio
1291 1609 1399 1642 non
1451 1601 1650 1643 temere
1701 1593 1969 1643 iudicandi
2023 1602 2103 1643 est

199 1675 432 1726 officium
474 1676 764 1736 iuridicum,
808 1676 904 1725 sed
947 1676 1211 1726 coactioni
1252 1692 1359 1725 non
1401 1675 1713 1726 obnoxium.

271 1758 515 1809 Iuridica
544 1760 835 1824 generatim
877 1767 1000 1808 sunt
1041 1758 1220 1808 omnia
1261 1757 1436 1808 officia
1475 1758 1728 1821 iustitiae;
1773 1759 2100 1809 strictissimo

198 1848 375 1891 tamen
415 1859 574 1891 sensu
626 1840 740 1891 sola
793 1840 968 1891 officia
1007 1841 1232 1891 iustitiae
1275 1842 1690 1892 commutativae
1729 1840 1834 1891 hoc
1886 1842 2102 1891 nomine

195 1924 561 1990 insigniuntur.
628 1923 855 1989 Reliqua
897 1923 1073 1974 officia
1113 1940 1221 1972 non
1261 1931 1384 1972 sunt
1423 1923 1655 1974 iuridica.
1719 1923 1844 1973 Non
1884 1924 2101 1973 iuridica

196 2016 316 2056 sunt
349 2025 393 2057 v.
428 2024 477 2073 g.
511 2007 690 2056 omnia
731 2005 905 2056 officia
938 2006 1167 2056 hominis
1209 2022 1336 2071 erga
1374 2023 1431 2055 se
1472 2007 1659 2072 ipsum.
1718 2006 1921 2056 Iustitia
1961 2005 2100 2056 enim

195 2106 406 2156 semper
453 2099 533 2139 est
573 2090 640 2139 ad
683 2089 919 2139 alterum.
1001 2089 1279 2139 Praeterea
1327 2089 1487 2138 etiam
1541 2088 1716 2138 officia
1757 2087 2098 2150 liberalitatiS,

193 2172 507 2233 veracitatis,
552 2172 885 2238 gratitudinis
927 2180 1025 2222 etc.
1070 2189 1178 2222 non
1219 2179 1339 2221 sunt
1379 2171 1613 2221 iuridica.

198 2296 342 2361 258.
424 2299 485 2349 Π.
539 2298 627 2348 Dc
667 2299 942 2349 collisione
983 2299 1300 2365 officiorum.
1379 2297 1596 2348 Collisio
1639 2296 1937 2347 officiorum
1979 2313 2100 2346 con-

193 2381 328 2430 sistit
378 2381 431 2430 in
472 2381 720 2432 conflictu
763 2382 991 2431 duorum
1043 2380 1369 2442 officiorum,
1425 2381 1618 2446 quibus
1664 2378 1820 2430 simul
1859 2377 2100 2428 satisfieri

193 2472 436 2529 nequeat.
521 2462 654 2513 Cum
695 2472 872 2513 autem
924 2481 1084 2513 omne
1138 2462 1373 2513 officium
1425 2462 1707 2512 ultimatim
1757 2478 1788 2511 a
1826 2459 2100 2510 voluntate

195 2545 369 2595 divina
425 2545 689 2595 derivetur
744 2554 796 2596 et
846 2545 997 2596 Deus
1053 2562 1159 2596 non
1212 2546 1381 2612 possit
1434 2544 1588 2595 simul
1643 2545 1713 2594 ad
1770 2543 1879 2593 duo
1932 2559 2098 2608 oppo-

192 2627 293 2677 sita
334 2627 597 2693 obligare,
652 2637 799 2694 patet
840 2628 980 2677 hunc
1022 2627 1326 2678 conflictum
1380 2644 1496 2677 esse
1536 2643 1680 2677 mere
1731 2633 2094 2693 apparentem.

194 2710 469 2760 Praeterea
504 2727 798 2776 numquam
840 2709 1015 2760 officia
1042 2710 1290 2775 negativa
1330 2726 1452 2759 cum
1479 2709 1755 2774 negativis,
1798 2708 1894 2758 sed
1923 2706 2098 2779 solum

193 2791 505 2842 affirmativa
544 2792 679 2842 inter
718 2810 774 2842 se
816 2801 868 2841 et
910 2809 1030 2842 cum
1071 2792 1330 2858 negativis
1372 2790 1623 2841 collidere
1665 2798 1905 2858 possunt.
1985 2789 2097 2839 Iam

192 2874 244 2924 in
285 2874 535 2925 conflictu
588 2874 885 2924 officiorum
936 2881 1226 2941 sequentes
1266 2872 1481 2940 regulae
1533 2881 1654 2923 sunt
1701 2871 2095 2923 observandae:

275 2972 315 3007 1.
359 2956 477 3006 Lex
516 2956 744 3006 nobilior
785 2966 837 3006 et
878 2955 1063 3006 fortior
1102 2965 1154 3006 et
1202 2956 1349 3006 bono
1392 2956 1665 3006 communi
1703 2955 1874 3020 magis
1920 2970 2097 3003 neces-

192 3040 326 3089 saria
354 3038 649 3105 praevalet,
693 3039 816 3088 hinc
857 3039 1045 3089 ceteris
1085 3039 1301 3104 paribus
1343 3038 1518 3088 officia
1559 3036 1814 3088 naturalia
1840 3036 2094 3102 positivis,

193 3121 440 3188 negativa
479 3120 819 3181 affirmativi5‚
863 3120 1174 3171 universalia
1205 3120 1623 3186 particularibuS‚
1668 3119 1842 3170 officia
1881 3118 2098 3167 iuridica

194 3203 378 3254 officiis
417 3203 670 3254 bonitatis
722 3203 1116 3269 anteponenda.
1200 3216 1245 3253 2.
1292 3200 1510 3263 Officia,
1566 3217 1703 3268 quae
1750 3202 1888 3251 circa
1936 3208 2096 3249 mate-

195 3286 338 3336 riam
372 3285 705 3346 nobiliorem,
747 3285 918 3350 magis
957 3285 1309 3335 necessariam
1342 3293 1394 3334 et
1427 3282 1777 3334 universalem
1802 3290 2092 3343 versantur,

194 3369 382 3418 ceteris
420 3386 516 3434 per
554 3385 611 3418 se
662 3374 784 3417 sunt
833 3367 1197 3434 praeferenda.
1278 3366 1408 3416 Ideo
1461 3365 1636 3416 officia
1688 3366 1826 3416 circa
1865 3364 2092 3415 animam
