2182 3682
512 155 598 185 LIB.
633 155 680 185 ΙΙ.
728 155 826 185 CAP.
862 155 928 185 ΙΙΙ,
976 155 1038 183 DE
1074 155 1329 185 SOCIETATE
1363 155 1521 184 CIVILI.
1847 159 1947 210 393

55 292 376 344 sufficienter
404 290 782 351 obtinerentur,
827 308 1072 356 quaeque
1106 307 1212 340 non
1243 298 1506 340 reservata
1532 299 1654 340 sunt
1682 290 1953 341 Ecclesiae

56 393 85 424 a
124 374 260 423 Deo.
341 371 450 423 Sed
491 373 741 437 quoniam
795 372 880 422 hic
932 371 1081 422 limes
1121 372 1172 421 in
1220 372 1371 438 praxi
1412 389 1519 421 non
1562 372 1951 434 mathematice,

54 455 147 506 sed
200 454 385 505 morali
432 455 798 504 aestimatione
839 454 1172 503 definiendus
1212 461 1318 514 est,
1374 454 1556 503 evitari
1597 470 1704 503 non
1757 462 1951 519 potest,

55 538 335 604 quominus
356 538 407 586 in
430 536 842 586 determinandis
864 536 1037 595 rebUS,
1064 552 1200 601 quae
1222 535 1493 601 publicam
1514 536 1954 585 interventionem

53 619 284 685 exigant,
327 618 502 684 aliqua
542 618 855 667 iudiciorum
900 618 1174 668 diversitas
1215 617 1392 668 locum
1434 617 1632 667 habere
1673 618 1855 683 possit.

58 774 202 827 524.
284 762 460 814 Sclcol.
541 764 628 813 Ex
674 764 950 829 hucusque
993 764 1146 814 dictis
1187 763 1338 814 facile
1380 763 1717 815 determinari
1758 770 1953 829 potest,

51 845 304 912 quomodo
349 845 589 910 familia
649 854 700 895 et
754 831 946 895 civita&
1005 845 1144 895 inter
1199 863 1254 894 se
1312 854 1419 895 lum
1475 845 1790 896 conveniant
1846 853 1954 895 lum

50 927 330 991 dzfferant.

121 1020 159 1070 Ι.
220 1019 546 1070 Conveniunt
590 1035 630 1070 Ι.
675 1038 766 1081 eo,
823 1020 971 1086 quod
1025 1028 1247 1085 utraque
1300 1029 1379 1070 est
1426 1021 1654 1070 societas
1706 1019 1956 1070 naturalis

47 1119 138 1152 seu
190 1103 241 1151 in
297 1120 390 1152 sua
441 1104 619 1168 specie
671 1103 969 1152 necessario
1023 1120 1092 1152 ex
1143 1103 1296 1152 insita
1346 1101 1685 1153 inclinatione
1736 1110 1954 1151 naturae

47 1185 390 1249 proveniens3
451 1198 496 1234 2.
552 1185 698 1250 quod
755 1192 977 1250 utraque
1033 1184 1194 1234 habet
1233 1185 1404 1250 finem
1463 1185 1529 1234 ab
1586 1185 1701 1250 ipsa
1755 1192 1953 1233 natura

47 1264 458 1316 determinatum
500 1274 553 1315 et
606 1265 1153 1332 comprehendentem
1205 1274 1365 1316 tolum
1419 1266 1605 1315 bonum
1657 1266 1953 1331 lelllporale

47 1346 296 1410 hominis3
344 1362 390 1412 3.
435 1357 657 1414 utraque
699 1348 863 1397 habet
893 1357 1209 1413 potestatem
1239 1365 1389 1398 suam
1418 1348 1728 1398 immediate
1767 1366 1797 1397 a
1837 1348 1955 1413 lege

45 1430 294 1479 naturali
330 1447 424 1479 seu
465 1438 682 1480 auctore
723 1438 955 1479 naturae.

120 1518 182 1567 Π.
240 1518 519 1583 Dzffemmt
563 1527 742 1568 autem
796 1518 1107 1585 plurimum,
1164 1536 1337 1584 neque
1378 1519 1550 1568 solum
1605 1520 1800 1585 gradU‚
1855 1520 1949 1569 sed

44 1601 213 1665 specie
255 1600 532 1665 (Aristol.,
592 1601 742 1651 Polit.
787 1600 816 1650 l.
870 1615 920 1661 I,
977 1618 1020 1650 c.
1074 1616 1112 1650 Ι.
1195 1600 1248 1650 S.
1304 1601 1486 1650 Tllom.
1534 1615 1592 1662 2,
1649 1615 1706 1662 2,
1765 1619 1815 1667 q.
1865 1603 1947 1665 58,

44 1699 88 1732 a.
135 1694 163 1745 7
205 1682 276 1731 ad
320 1684 385 1747 2).
466 1683 606 1732 Nam

126 1779 165 1813 Ι.
223 1763 487 1814 Differunt
538 1764 883 1814 essentialiter
934 1781 1092 1814 causa
1127 1765 1325 1831 finali,
1381 1774 1435 1814 ut
1485 1773 1634 1830 patet
1674 1783 1742 1814 ex
1794 1765 1948 1815 dictis

44 1863 92 1895 n.
135 1857 242 1910 437
285 1854 337 1895 et
378 1864 424 1895 n.
476 1847 592 1909 516.
675 1847 817 1895 Finis
860 1847 1110 1907 familiae,
1164 1848 1273 1896 sive
1314 1855 1625 1913 spectantur
1665 1848 1948 1897 societates

42 1927 324 1992 simplices,
368 1945 437 1977 ex
477 1929 670 1994 quibus
712 1930 1065 1994 componitur,
1109 1930 1217 1979 sive
1256 1930 1618 1979 consideratur
1660 1929 1852 1979 familia
1893 1939 1950 1980 ut

43 2010 170 2075 quid
213 2027 306 2075 per
346 2027 403 2059 se
443 2028 623 2071 unum,
668 2019 747 2060 est
787 2011 989 2060 bonum
1021 2012 1304 2076 prz'valzml
1346 2012 1509 2077 ipsius
1540 2012 1789 2074 familiae;
1835 2012 1951 2062 finis

45 2092 315 2141 societatis
355 2091 517 2142 civilis
558 2101 638 2142 est
689 2093 892 2143 bonum
923 2094 1197 2158 publicum
1250 2095 1412 2143 totius
1455 2095 1692 2160 corporis
1733 2095 1947 2161 politici.

44 2173 262 2223 Familia
314 2175 586 2224 ordinatur
636 2176 703 2224 ad
757 2175 1054 2226 essentialia
1106 2176 1369 2226 humanae
1418 2177 1758 2226 exsistentiae
1809 2178 1952 2227 bona

43 2256 287 2321 proxime
343 2257 702 2306 constituenda
718 2277 736 2319 ;
793 2259 1021 2307 societas
1079 2276 1203 2308 vero
1262 2258 1425 2308 civilis
1475 2259 1545 2308 ad
1599 2259 1789 2308 eadem
1842 2277 1951 2309 6072-

43 2338 315 2387 serz'anda
345 2346 398 2387 et
437 2338 652 2388 ulterius
681 2339 976 2389 evolvenda
992 2360 1009 2403 ,·
1051 2350 1325 2406 praeterea
1352 2342 1579 2391 societas
1608 2341 1770 2391 civilis
1810 2342 1953 2392 bona

43 2419 258 2469 socialia
308 2438 415 2470 non
471 2422 777 2471 immediate
830 2422 1032 2472 homini
1083 2423 1343 2489 applicat,
1399 2425 1494 2474 sed
1546 2424 1720 2475 solum
1762 2425 1952 2474 eadem

44 2501 95 2550 in
136 2503 315 2551 medio
357 2504 531 2569 posita
572 2505 822 2554 omnibus
863 2505 1032 2554 offert.

118 2597 164 2634 2.
221 2584 485 2635 Differunt
535 2602 694 2635 causa
747 2587 1003 2653 cfficz'ensz'
1051 2605 1143 2637 seu
1196 2589 1416 2653 origine.
1510 2588 1731 2639 Familia
1783 2589 1952 2654 magis

44 2665 352 2716 ivmnedz'ale
407 2676 487 2717 est
542 2669 818 2730 naturalis,
881 2670 1002 2735 quia
1058 2670 1125 2719 ad
1184 2687 1302 2720 eam
1358 2680 1545 2720 natura
1600 2671 1844 2721 absolute
1900 2682 1953 2720 et

44 2748 468 2814 independenter
519 2751 587 2800 ab
642 2752 786 2801 omni
838 2751 1127 2817 hypothesi
1178 2752 1419 2814 inclinat,
1475 2761 1533 2803 ut
1583 2762 1732 2820 patet
1773 2771 1841 2803 ex
1882 2754 1952 2802 di-

43 2831 290 2880 versitate
344 2848 587 2882 sexuum.
679 2833 957 2883 Praeterea
1011 2841 1091 2883 est
1146 2835 1288 2900 prior
1344 2843 1529 2885 natura
1582 2844 1634 2885 et
1690 2844 1950 2902 tempore,

47 2911 168 2976 quia
210 2913 391 2962 civitas
431 2913 604 2963 solum
633 2916 900 2965 mediante
930 2916 1123 2966 familia
1156 2918 1332 2967 oritur.
1390 2918 1530 2968 Hinc
1560 2919 1717 2968 etiam
1759 2917 1952 2967 familia

45 2994 257 3058 ponitur
295 2996 347 3044 in
389 2996 697 3046 definitione
739 2998 978 3059 civitatis,
1023 3016 1129 3048 non
1173 3009 1352 3049 autem
1393 3001 1677 3052 viceversa.

119 3089 166 3139 3.
224 3076 395 3128 Causa
447 3079 732 3128 materiali
768 3097 862 3129 seu
903 3080 1176 3131 elementis
1216 3083 1662 3148 componentibus,
1719 3099 1837 3132 cum
1882 3081 1947 3131 fa-

45 3157 184 3207 milia
236 3170 591 3226 componatur
646 3163 814 3211 tribus
865 3164 1210 3213 societatibus
1261 3165 1589 3231 simplicibus
1645 3163 1946 3230 (coniugali,

45 3241 325 3304 parentali,
369 3243 563 3307 herili),
608 3244 791 3294 civitas
830 3262 957 3295 vero
1000 3246 1249 3296 domibus
1291 3255 1343 3297 et
1384 3248 1550 3313 pagis,
1595 3256 1651 3296 ut
1690 3246 1821 3296 infra
1861 3264 1947 3296 ex-

45 3320 338 3386 plicabitur.
