2182 3682
0 0 4 142 ι

497 197 583 225 LIB.
619 198 646 226 1.
693 197 794 227 CAP.
829 197 890 226 IV.
937 197 997 225 DE
1031 197 1143 226 IURE
1177 197 1524 227 l'ROl‘RlETA'l'IS.
1857 200 1958 253 297

72 328 215 393 382.
298 328 472 378 Sclzol.
519 343 575 392 3.
657 325 792 377 Sunt
850 327 940 393 qui
993 344 1204 376 summo
1263 327 1646 378 socialistarum
1704 330 1962 396 applausu

70 410 163 461 SS.
206 409 402 460 Patres
441 417 494 459 et
538 409 622 459 ius
661 409 966 458 canonicave
1020 409 1392 458 communismi
1432 425 1682 459 accusare
1732 413 1964 462 audeant

67 492 230 543 innixi
257 491 577 558 quibusdam
621 490 978 541 locutionibus
1016 490 1295 556 ambiguis,
1340 507 1476 556 quae
1516 492 1584 540 ad
1625 500 1729 541 tres
1771 493 1965 543 classes

67 575 299 624 revocari
338 581 563 640 possunt
604 570 924 638 (Moralphil.
956 571 1003 620 ΙΙ
1047 584 1168 635 314.
1233 571 1597 635 Vermeersclc,
1641 572 1860 638 Quaest.
1897 576 1963 625 de

65 656 222 706 iustit.
266 673 314 706 n.
361 669 467 705 210
506 655 655 720 sqq):

139 738 188 801 a)
228 738 300 787 ita
339 736 392 787 S.
437 736 758 786 Ambrosius
799 736 904 799 (De
946 735 1085 785 offic
1130 735 1159 785 l.
1213 749 1254 795 1,
1301 753 1343 785 e.
1390 737 1506 800 28):
1558 736 1842 799 «Natura»,
1895 739 1964 788 in-

64 819 202 885 quit,
253 819 530 869 «omnibus
570 818 621 867 in
663 817 935 867 communi
976 817 1227 882 profudit.
1311 816 1397 867 Sic
1439 818 1579 867 enim
1618 818 1768 869 Deus
1809 837 1964 886 gene-

65 901 161 950 rari
200 901 347 951 iussit
388 901 579 961 omnia,
623 907 680 950 ut
719 907 905 965 pastus
946 900 1192 948 omnibus
1227 900 1525 949 communis
1559 909 1715 950 esset·
1739 910 1791 951 et
1831 910 1967 952 terra

65 982 200 1033 foret
252 983 488 1033 omnium
542 981 838 1032 communis
879 982 1163 1046 possessio.
1244 981 1446 1030 Natura
1497 982 1655 1047 igitur
1694 983 1773 1032 ius
1826 1001 1962 1033 com-

63 1082 222 1115 mune
262 1065 549 1131 generavit,
593 1064 868 1130 usurpatio
910 1081 1035 1113 vero
1079 1063 1202 1113 fecit
1244 1063 1570 1128 privatum»;

137 1147 193 1213 b)
241 1155 515 1213 praeterea
566 1155 689 1196 sunt
740 1145 892 1212 plura
933 1143 1026 1195 SS.
1073 1145 1286 1194 Patrum
1339 1146 1507 1206 dicta,
1561 1147 1655 1195 iuri
1708 1149 1966 1199 canonico

61 1230 269 1290 inserta,
315 1247 452 1296 quae
492 1238 732 1278 asserunt
773 1245 867 1293 per
904 1228 1233 1293 iniquitatem
1275 1227 1434 1277 alium
1468 1228 1666 1278 dixisse
1706 1229 1810 1279 hoc
1851 1247 1966 1280 esse

61 1329 231 1373 suum,
275 1320 328 1362 et
367 1311 527 1361 alium
566 1311 733 1371 istud,
778 1318 832 1360 et
871 1311 945 1360 sic
986 1309 1181 1360 factam
1223 1327 1338 1359 esse
1378 1311 1512 1359 inter
1552 1311 1804 1361 mortales
1844 1313 1965 1362 divi-

60 1395 265 1444 sionem
294 1394 560 1443 bonorum
593 1393 678 1457 (cf.
712 1410 826 1458 cap.
859 1392 1242 1453 Dilectissimis,
1287 1392 1401 1442 dec.
1436 1392 1579 1443 Grat.
1613 1411 1661 1459 p.
1695 1394 1756 1455 Π,
1802 1411 1844 1445 c.
1884 1408 1962 1456 12,

62 1493 111 1542 q.
163 1489 180 1524 Ι
230 1476 431 1526 dictum
478 1474 762 1524 Clementis
802 1474 882 1539 l>3

136 1557 184 1621 c)
227 1557 456 1623 denique
507 1558 558 1606 in
599 1556 730 1606 locis
771 1574 876 1605 non
919 1557 1100 1621 paucis
1151 1556 1308 1605 iidem
1352 1557 1619 1607 Doctores
1660 1560 1964 1625 praecipere

60 1640 305 1689 videntur
337 1640 603 1689 neminem
633 1639 830 1688 debere
860 1639 1060 1688 dicere:
1105 1638 1209 1688 hoc
1245 1647 1322 1688 est
1351 1656 1545 1700 meum,
1588 1639 1692 1689 hoc
1734 1650 1813 1690 est
1849 1658 1964 1706 pro-

61 1721 248 1787 prium,
293 1739 357 1771 eo
400 1721 548 1787 quod
588 1730 775 1770 natura
817 1721 994 1769 omnia
1032 1720 1212 1769 fecerit
1253 1722 1558 1770 communia
1587 1721 1662 1784 (S.
1694 1722 1963 1785 Ambros„

62 1803 120 1852 In
163 1802 294 1853 Luc.
339 1820 382 1853 c.
435 1817 511 1853 12.
599 1801 889 1868 Clllysosl„
933 1802 1167 1851 Homilia
1216 1816 1278 1851 Io
1318 1804 1369 1852 in
1411 1820 1492 1868 ep.
1546 1817 1562 1851 Ι
1612 1804 1679 1852 ad
1722 1802 1880 1868 Cor).

133 1882 241 1934 Sed
290 1900 330 1935 Ι.
385 1885 677 1951 generatim
729 1884 1025 1934 notandum
1081 1892 1160 1934 est
1200 1885 1265 1933 ad
1311 1886 1746 1950 cognoscendam
1786 1904 1963 1936 veram

58 1967 357 2016 doctrinam
412 1966 505 2017 SS.
558 1967 771 2016 Patrum
825 1984 931 2016 non
983 1967 1185 2016 initium
1236 1968 1557 2016 sumendum
1610 1985 1725 2017 esse
1777 1986 1806 2017 a
1859 1970 1963 2035 qui-

57 2048 290 2098 busdam
342 2048 700 2099 locutionibus
753 2049 1042 2115 ambiguis,
1097 2049 1192 2097 sed
1246 2050 1312 2098 ab
1365 2050 1424 2098 iis
1472 2049 1627 2111 locis,
1683 2051 1772 2100 ubi
1825 2050 1963 2101 clare

58 2139 294 2180 mentem
333 2147 484 2181 suam
527 2132 847 2197 exprimunt.
922 2131 1033 2179 Iam
1073 2148 1199 2180 vero
1241 2132 1290 2180 in
1334 2131 1571 2197 pluribus
1612 2132 1742 2182 locis
1782 2142 1963 2198 aperte

60 2212 332 2263 declarant
359 2213 442 2263 vel
472 2222 783 2279 supponunt
812 2214 1042 2279 privatas
1070 2214 1436 2278 possessiones
1465 2214 1532 2263 de
1565 2232 1620 2264 se
1654 2232 1769 2264 esse
1798 2214 1964 2265 licitas

59 2303 112 2344 et
162 2312 277 2345 esse
330 2295 473 2345 dona
524 2296 642 2346 Dei.
727 2294 814 2345 Sic
868 2313 914 2345 v.
971 2294 1129 2360 gs,
1181 2295 1504 2345 Ambrosius
1555 2297 1659 2359 (De
1711 2298 1964 2347 Nabuthe

57 2376 264 2426 Iezrael.
310 2395 352 2428 c.
406 2388 493 2441 15,
550 2396 598 2427 n.
643 2378 733 2441 67)
777 2378 964 2426 divites
1005 2375 1308 2443 alloquens:
1379 2378 1500 2428 «Ab
1543 2379 1724 2444 ipso»,
1778 2380 1961 2445 inquit,

63 2460 387 2525 «accepistis,
433 2461 580 2525 quod
611 2460 866 2520 offeratis3
910 2460 1072 2524 ipsius
1114 2467 1207 2519 est,
1253 2460 1399 2525 quod
1435 2461 1480 2509 ei
1513 2461 1728 2511 solvitis.
1787 2462 1962 2523 Dona,

57 2539 251 2606 inquit,
295 2559 414 2591 mea
455 2549 507 2590 et
549 2542 673 2591 data
714 2558 859 2602 mea,
912 2541 1016 2590 hoc
1058 2550 1163 2601 est,
1221 2559 1357 2607 quae
1400 2542 1598 2592 offertis
1639 2543 1763 2592 mihi
1805 2544 1962 2605 dona,

60 2622 185 2672 data
217 2632 338 2672 sunt
373 2640 516 2685 mea;
562 2641 657 2688 ego
698 2624 825 2673 dedi
863 2623 1011 2672 vobis
1052 2631 1208 2689 alque
1248 2624 1506 2686 donavi»;
1552 2632 1605 2674 et
1633 2624 1685 2674 S.
1717 2626 1965 2676 Basilius

61 2703 279 2767 (Homil.
324 2705 375 2754 in
416 2705 544 2755 illud
587 2705 716 2755 Luc.
754 2705 1051 2755 Desla'mmz
1094 2723 1141 2755 n.
1189 2706 1268 2770 7>ῑ
1321 2706 1495 2756 «Num
1535 2708 1756 2757 iniustus
1798 2708 1961 2769 Deus,

60 2787 149 2851 qui
190 2786 338 2836 nobis
377 2787 744 2853 inaequaliter
782 2788 927 2837 vilae
966 2788 1273 2837 necessaria
1314 2789 1625 2840 distrihus't?
1667 2788 1770 2839 Cur
1803 2791 1963 2840 divite

59 2874 112 2916 te
151 2866 237 2917 ille
277 2885 481 2939 pauper
532 2868 644 2919 est?
703 2869 906 2919 Annon
947 2871 1155 2935 utique,
1210 2879 1267 2919 ut
1310 2878 1362 2920 et
1413 2880 1469 2920 tu
1511 2872 1850 2938 benignitatis
1901 2889 1963 2922 ac

59 2947 228 2999 fidelis
270 2950 680 3016 dispensationis
733 2951 1038 3001 mercedem
1077 2953 1334 3018 accipias,
1391 2961 1444 3003 et
1493 2953 1578 3002 ille
1630 2954 1836 3019 magnis
1876 2971 1962 3019 pa-

59 3029 271 3081 tientiae
312 3033 557 3098 praemiis
598 3033 884 3084 donetur?»
953 3032 1005 3083 S.
1037 3034 1370 3099 Augustinus
1410 3034 1596 3099 (Serm.
1650 3036 1796 3100 113):
1847 3036 1962 3085 «De

59 3110 204 3162 iustis
255 3112 526 3163 laboribus
580 3115 735 3164 facite
788 3114 1211 3181 eleemosynam3
1267 3135 1334 3166 ex
1384 3135 1451 3166 ee*
1493 3117 1638 3182 quod
1681 3125 1818 3166 recte
1869 3118 1960 3167 lm-

57 3191 203 3255 betis,
246 3195 385 3245 date.
402 3216 422 3241 »

133 3273 407 3326 Praeterea
464 3286 648 3343 aperte
704 3277 977 3328 declarant
1031 3296 1136 3328 non
1195 3296 1310 3329 esse
1370 3279 1603 3329 officium
1661 3280 1959 3330 coactivum

49 3353 297 3418 iustitiae,
340 3366 398 3407 ut
439 3358 628 3408 divites
668 3358 1038 3426 eleemosynas
1079 3360 1390 3426 largiantur,
1433 3362 1529 3411 sed
1571 3360 1794 3411 liberum
1835 3363 1956 3412 cari-
