2182 3682
152 163 239 200 XII
1025 160 1191 189 INDEX.

1968 252 2019 284 Pa
2052 278 2057 284 .

333 295 361 349 ξ
396 308 434 348 3.
489 299 556 336 De
589 303 799 349 potestate
831 298 1109 350 gubernativa
1144 295 1427 349 (exsecutiva)
1472 331 1477 337 .
1606 332 1611 336 .
1740 332 1745 337 .
1873 331 1880 339 .
1975 263 2059 349 46g2

333 361 361 416 ξ
395 376 434 413 4.
490 366 557 404 De
589 372 797 417 potestate
830 365 1046 404 iudiciaria
1200 396 1206 403 .
1335 396 1340 403 .
1470 397 1475 402 .
1604 397 1609 402 .
1738 399 1742 403 .
1872 399 1878 405 .
1974 367 2059 417 463

521 433 553 471 Ι.
589 433 656 472 De
689 432 813 471 huius
847 432 1069 484 potestatis
1103 432 1352 471 necessitate
1470 464 1477 472 .
1603 465 1610 472 .
1739 466 1746 472 .
1873 466 1879 472 .
1975 435 2060 484 463

498 500 550 540 Π.
584 500 652 538 De
686 501 800 538 fonte
833 512 906 538 seu
940 499 1024 538 fine
1057 499 1276 551 potestatis
1310 498 1550 538 iudiciariae
1584 500 1805 539 criminalis
1875 532 1881 540 .
1976 502 2062 550 464

476 567 551 606 III.
588 567 654 605 De
686 580 823 619 poena
856 566 998 605 mortis
1063 598 1070 604 .
1198 598 1204 605 .
1332 599 1337 604 .
1467 599 1472 605 .
1602 598 1607 605 .
1739 599 1746 606 .
1874 600 1880 607 .
1975 569 2059 618 467

151 658 185 695 C
184 663 285 709 apul
315 658 386 696 JV.
451 659 516 696 De
547 658 637 696 iure
668 657 990 695 internationali.

265 740 355 779 Art.
396 751 430 779 Ι.
485 740 553 777 De
586 739 673 777 iure
706 737 1019 776 internationali
1054 738 1095 776 in
1128 751 1283 790 genere
1334 770 1341 777 .
1470 771 1476 777 .
1603 771 1610 778 .
1737 772 1743 778 .
1873 773 1879 778 .
1975 750 2059 791 472

331 804 359 858 ἓ
397 817 432 846 1.
488 806 602 856 Quid
634 805 687 844 sit
718 806 780 844 ius
813 805 1134 844 internationale
1200 838 1206 845 .
1336 838 1341 844 .
1470 838 1475 843 .
1604 839 1609 844 .
1738 838 1744 844 .
1872 838 1878 846 .
1974 817 2058 858 472

331 872 358 926 ἓ
393 885 430 913 2.
486 866 585 912 Eius
617 873 858 913 exsistentia
889 873 1092 925 probatur
1198 906 1203 911 .
1332 905 1338 911 .
1467 905 1473 911 .
1601 906 1607 911 .
1738 906 1743 912 .
1874 907 1878 913 .
1974 884 2061 925 474

269 943 358 981 Art.
395 952 434 981 2.
489 941 556 980 De
589 941 777 994 gentium
811 940 970 980 iuribus
1002 948 1042 980 et
1075 940 1223 980 officiis
1339 973 1345 979 .
1473 973 1476 977 .
1605 973 1610 979 .
1739 974 1745 980 .
1873 974 1879 981 .
1975 950 2058 994 475

269 1010 359 1049 Art.
394 1020 432 1060 3.
488 1010 555 1048 De
589 1009 831 1048 foederibus
931 1039 938 1047 .
1067 1040 1072 1046 .
1201 1041 1206 1047 .
1335 1041 1341 1047 .
1470 1041 1475 1046 .
1604 1040 1610 1047 .
1738 1042 1744 1048 .
1873 1042 1879 1048 .
1975 1019 2059 1060 477

268 1078 356 1116 Art.
393 1088 432 1125 4.
487 1078 554 1115 De
586 1075 799 1128 principio
833 1075 1134 1115 nationalitatis
1201 1109 1206 1115 .
1319 1060 1341 1114 ⁸.
1469 1108 1475 1115 .
1603 1109 1610 1114 .
1738 1108 1745 1115 .
1873 1109 1879 1116 .
1975 1077 2061 1127 480

269 1145 359 1183 Art.
397 1152 435 1195 5.
489 1145 557 1183 De
589 1143 703 1183 bello
799 1176 806 1183 .
934 1176 940 1183 .
1067 1175 1074 1183 .
1203 1176 1207 1181 .
1334 1177 1341 1182 .
1470 1175 1475 1180 .
1604 1175 1610 1181 .
1738 1175 1744 1182 .
1872 1176 1878 1183 .
1973 1145 2058 1195 482

270 1212 365 1252 Art.
399 1212 438 1252 6.
493 1212 561 1251 De
594 1210 740 1251 sociali
773 1211 930 1250 unione
962 1212 1151 1264 gentium
1202 1243 1207 1250 .
1337 1243 1342 1250 .
1471 1243 1476 1249 .
1605 1243 1610 1247 .
1738 1243 1744 1249 .
1872 1244 1878 1250 .
1974 1211 2060 1261 484

148 1315 326 1355 Index
369 1315 780 1367 alphabeticus
931 1347 938 1354 .
1065 1348 1072 1354 .
1200 1347 1204 1353 .
1334 1347 1339 1352 ,
1469 1347 1473 1351 .
1603 1347 1607 1352 .
1739 1347 1743 1353 .
1872 1348 1877 1354 .
1974 1315 2058 1365 487
