2182 3682
496 139 582 168 Llss.
618 139 645 167 Ι.
683 138 781 168 ΟΑΡ.
818 139 876 168 lv.
925 140 986 167 DE
1021 139 1131 168 IURE
1165 140 1513 171 PROPROETATIS.
1853 145 1949 195 291

66 275 134 324 de
175 274 425 339 operibus
466 274 641 323 arduis
683 282 735 323 et
778 273 1049 323 diuturnis.
1120 273 1355 322 Necesse
1396 282 1475 322 est
1515 291 1661 339 ergo,
1706 283 1761 324 ut
1795 275 1957 326 homo

68 355 198 405 haec
240 363 297 404 ut
337 354 607 405 exclusive
648 355 861 420 propria
901 355 998 404 sibi
1040 371 1349 420 comparare
1390 355 1572 420 possit.

68 503 211 557 377.
294 495 458 542 Prob.
495 508 540 554 4.
614 493 698 542 Ex
750 494 858 543 iure
905 493 974 544 ad
1027 493 1254 543 fructum
1302 492 1498 543 laboris
1545 494 1637 543 sui.
1720 492 1958 558 Quilibet

64 575 228 625 homo
269 583 349 625 est
389 576 638 624 dominus
688 592 900 624 suarum
953 574 1263 625 facultatum
1315 575 1648 641 proindeque
1694 574 1958 626 fructuum

63 656 302 706 laborum
354 674 582 706 suorum.
664 657 877 706 Poterat
918 674 1047 722 ergo
1089 657 1234 707 initio
1286 657 1495 723 generis
1547 656 1760 706 humani
1808 675 1959 708 unus-

64 738 285 804 quisque
326 756 436 788 rem
478 737 669 788 nullius
708 739 761 788 in
788 756 940 788 suum
981 756 1134 788 usum
1175 746 1500 799 convertere,
1542 756 1589 788 v.
1620 755 1669 804 g.
1717 738 1960 790 faciendo

62 820 160 870 sibi
210 829 436 870 aratrum
486 820 568 870 vel
616 837 796 870 arcum
850 839 917 870 ex
958 820 1119 886 lignO.
1202 821 1305 871 Hic
1346 820 1544 870 fructus
1585 819 1780 870 laboris
1819 822 1959 871 ideo-

63 919 164 968 que
215 902 373 952 etiam
426 904 669 963 materia,
723 903 773 951 in
816 919 976 968 quam
1018 902 1169 952 labor
1215 903 1484 968 impensus
1525 910 1662 964 erat,
1716 903 1959 969 profecto

63 982 331 1034 exclusive
384 985 451 1034 ad
494 991 805 1050 operantem
860 985 1176 1050 pertinebat.
1256 985 1341 1034 Ex
1382 984 1485 1034 hoc
1526 993 1703 1034 autern
1747 984 1960 1035 ulterius

63 1065 311 1115 concludi
364 1074 544 1132 potest
596 1067 886 1132 generatim
941 1066 1247 1116 hominibus
1300 1065 1497 1116 licitum
1545 1083 1659 1116 esse
1712 1067 1960 1117 debuisse

61 1164 141 1198 res
181 1156 429 1198 externas
466 1159 523 1197 ut
563 1148 804 1214 proprias
836 1149 1125 1214 acquirere.
1187 1148 1310 1197 Non
1341 1147 1479 1197 enim
1520 1148 1788 1198 sufficiens
1829 1150 1960 1199 ratio

59 1230 212 1280 adest
252 1231 601 1297 restringendi
642 1230 746 1279 hoc
787 1230 866 1280 ius
903 1230 970 1280 ad
1001 1230 1267 1296 quaedam
1308 1247 1504 1296 genera
1545 1248 1732 1282 rerum.
1796 1230 1960 1297 Quod

59 1312 335 1378 speciatim
378 1312 520 1362 bona
559 1312 889 1373 immobilia,
933 1313 1238 1378 praesertim
1282 1329 1456 1378 agros,
1500 1313 1700 1374 attinet,
1744 1330 1962 1363 necesse

59 1402 164 1455 est,
220 1402 278 1443 ut
317 1394 482 1444 homo
523 1395 692 1460 possit
743 1395 1037 1444 eorundem
1087 1394 1379 1444 dominium
1431 1393 1620 1444 stabile
1672 1397 1958 1461 acquirere.

59 1476 300 1541 Exigunt
352 1477 491 1526 enim
544 1476 860 1542 plerumque
913 1477 1217 1526 diuturnum
1271 1485 1323 1526 et
1364 1476 1675 1526 continuum
1722 1477 1961 1527 laborem

59 1566 111 1608 et
149 1558 318 1608 varias
370 1575 661 1625 expensas,
716 1567 1005 1624 antequam
1058 1558 1258 1608 fructus
1299 1575 1368 1607 ex
1408 1559 1467 1607 iis
1510 1558 1687 1624 colligi
1739 1561 1957 1626 possint.

61 1640 144 1689 Ne
185 1657 314 1706 ergo
355 1640 599 1690 homines
639 1641 893 1690 iacturam
935 1640 1132 1690 laboris
1159 1640 1237 1690 sui
1278 1641 1462 1689 timere
1504 1641 1752 1702 debeant,
1797 1643 1961 1708 requi-

60 1723 211 1783 ritur‚
268 1729 329 1772 ut
368 1723 526 1772 etiam
568 1722 757 1772 horum
799 1738 1049 1788 agrorum
1092 1722 1385 1771 dominium
1427 1723 1633 1788 possint
1672 1724 1958 1789 acquirere,

59 1803 247 1855 saltem
289 1822 386 1870 pro
427 1822 492 1854 eo
533 1811 792 1870 tempore,
837 1822 944 1870 quo
987 1804 1208 1854 effectus
1249 1804 1445 1854 laboris
1484 1803 1663 1870 aliquo
1705 1806 1869 1856 modo
1910 1806 1960 1855 in

58 1886 155 1936 illis
207 1887 485 1953 perdurat;
540 1887 703 1936 immo
743 1887 794 1936 in
843 1895 1187 1953 perpetuum,
1243 1887 1368 1953 quia
1418 1885 1652 1953 alioquin
1706 1887 1961 1953 plurimae

59 1968 174 2019 lites
215 1969 352 2019 circa
393 1968 724 2018 durationem
770 1969 1109 2034 proprietatis
1150 1977 1438 2019 orerentur.

61 2106 207 2171 378.
289 2118 456 2157 PARS
487 2119 541 2156 ΙΙ.
605 2119 678 2156 De
712 2118 841 2157 facto
871 2118 1172 2168 primigenio.

134 2213 297 2260 Prob.
386 2212 473 2261 Ex
532 2221 680 2278 parte
740 2213 913 2278 priore
973 2222 1120 2279 patet
1179 2213 1324 2263 omni
1383 2213 1581 2263 homini
1652 2221 1960 2281 competere

56 2293 134 2343 ius
186 2294 493 2361 acquirendi
546 2294 781 2344 dominia
831 2295 1064 2362 ideoque
1117 2296 1273 2345 etiam
1329 2296 1440 2345 dari
1492 2296 1689 2346 debere
1741 2296 1960 2363 aliquod

57 2375 272 2437 factum,
330 2394 438 2443 quo
494 2376 599 2426 hoc
656 2378 734 2427 ius
790 2377 857 2427 ad
915 2388 1191 2428 concretas
1247 2395 1328 2428 res
1393 2378 1785 2429 determinetur.
1866 2379 1959 2429 At-

56 2458 150 2523 qui
199 2458 395 2508 factum
448 2458 819 2525 primigenium
874 2459 1076 2509 nullum
1129 2477 1244 2510 esse
1298 2468 1475 2526 potest
1518 2461 1614 2510 nisi
1656 2461 1956 2527 occupatiO.

56 2540 208 2606 Ergo
245 2583 253 2591 .
288 2583 296 2591 .
332 2583 340 2591 .

130 2643 287 2695 Proh.
332 2645 457 2695 min.
546 2659 586 2696 Ι.
632 2645 755 2695 Hoc
798 2645 995 2696 factum
1037 2655 1118 2696 est
1157 2647 1491 2712 aptissimum
1532 2664 1626 2713 per
1665 2664 1722 2697 se
1762 2647 1831 2697 ad
1874 2648 1959 2697 de-

55 2727 446 2777 terminandum
488 2728 568 2777 ius
608 2728 946 2794 proprietatis
987 2729 1037 2778 in
1072 2737 1341 2779 concreto.
1409 2729 1506 2778 Per
1548 2730 1958 2795 occupationem

55 2807 257 2858 nullum
298 2808 520 2859 aliorum
547 2810 628 2859 ius
654 2810 895 2871 violatur,
939 2828 1058 2860 cum
1089 2819 1277 2877 agatur
1305 2811 1373 2860 de
1402 2812 1757 2877 occupatione
1785 2829 1958 2862 rerum

54 2889 260 2941 nullius,
342 2891 619 2941 Praeterea
670 2908 766 2957 per
820 2893 1046 2942 eandem
1100 2892 1424 2943 sufficienter
1475 2893 1856 2943 determinatur
1906 2902 1959 2944 et

55 2972 419 3023 manifestatur
468 2972 716 3023 voluntas
772 2991 882 3024 rem
940 2983 996 3024 ut
1047 2975 1318 3040 propriam
1369 2976 1420 3024 in
1470 2992 1625 3025 suum
1679 2992 1832 3024 usum
1886 2993 1956 3025 re-

54 3054 270 3106 tinendi.
347 3054 488 3105 Hinc
529 3056 813 3122 occupatio
856 3057 1053 3122 ubique
1095 3066 1148 3106 et
1187 3057 1331 3122 apud
1374 3074 1561 3106 omnes
1602 3056 1833 3122 populos
1873 3058 1956 3107 vel

55 3137 286 3186 maxime
336 3136 564 3187 incultos
618 3136 918 3187 habebatur
969 3147 1026 3188 ut
1078 3137 1345 3188 sufficiens
1395 3139 1578 3189 titulus
1618 3139 1957 3204 proprietatis

54 3217 122 3266 ad
163 3235 270 3279 res,
320 3226 653 3284 quae.antea
693 3218 885 3269 nullius
925 3227 1100 3281 erant,
1144 3228 1203 3270 ut
1243 3221 1421 3286 captio
1463 3220 1694 3286 praedae
1735 3220 1784 3269 in
1826 3223 1956 3271 mari

53 3298 135 3348 vel
176 3299 320 3361 silva,
364 3300 596 3350 inventio
638 3299 856 3351 alicuius
897 3302 968 3351 rei
1010 3302 1253 3352 desertae
1294 3312 1393 3351 etc.

1601 3388 1691 3437 19*
