2182 3682
433 177 518 206 LIB.
554 177 600 206 11.
649 177 747 205 CAP.
784 176 830 205 11.
882 176 945 204 DE
979 175 1235 204 SOCIETATE
1268 176 1551 205 DOMESTICA.
1843 177 1945 230 347

50 312 189 364 mine
241 312 459 377 dignam
512 311 876 361 exsistentiam
928 310 1164 360 subsidia
1211 327 1318 359 non
1370 311 1702 375 providisset.
1784 312 1953 378 Atqui

54 395 157 445 hoc
197 393 403 442 admitti
445 393 644 458 nequit.
725 392 878 457 Ergo
910 433 918 441 .
954 434 961 442 .
997 433 1004 441 .

126 488 284 539 Proh.
328 489 456 538 mai.
513 488 748 538 Infantes
788 496 1074 538 nascuntur
1114 487 1257 536 omni
1287 505 1355 536 ex
1396 494 1545 552 parte
1586 488 1738 537 alieni
1778 489 1953 538 auxilii

53 573 271 637 eiusque
324 570 554 620 diuturni
605 570 922 636 indigentes.
1003 569 1114 619 Iam
1167 586 1292 619 vero
1344 569 1386 618 si
1426 569 1574 619 Deus
1625 587 1732 618 non
1784 579 1953 620 certas

54 669 310 720 personas
350 652 419 702 ad
461 652 565 702 hoc
606 651 859 701 auxilium
902 651 1178 701 ferendum
1206 668 1299 701 seu
1328 651 1395 701 ad
1425 651 1799 701 educationem
1829 651 1954 701 obli-

54 742 248 801 gasset,
291 734 518 784 infantes
559 751 624 784 eo
664 733 979 800 plerumque
1009 742 1061 783 et
1101 734 1305 799 absque
1346 732 1501 783 ullius
1541 733 1769 783 hominis
1798 734 1953 800 culpa

56 817 464 867 destituerentur
514 817 564 865 in
617 833 835 881 gravem
890 816 1177 881 perniciem
1230 815 1457 881 prolium
1504 824 1557 865 et
1607 815 1815 881 generis
1866 815 1954 864 hu-

55 899 209 949 mani.
291 898 415 948 Hoc
468 899 608 947 enim
660 897 895 948 officium
948 898 1223 947 diuturnas
1275 904 1328 947 et
1379 897 1632 947 molestas
1684 914 1836 947 curas
1884 915 1955 947 re-

50 981 205 1047 quirit
256 980 489 1046 ideoque
541 979 943 1046 neglegeretm,
998 979 1040 1029 si
1092 978 1246 1029 nullis
1299 980 1350 1028 in
1390 979 1664 1029 individuo
1717 980 1958 1045 personis

54 1063 362 1129 impositum
415 1071 568 1113 esset.
662 1062 824 1111 Porro
881 1062 976 1112 has
1032 1079 1288 1128 personas
1338 1061 1407 1111 ab
1463 1062 1577 1127 ipsa
1631 1069 1817 1111 natura
1873 1062 1957 1111 de-

55 1145 361 1195 terminatas
420 1162 536 1195 esse
595 1153 843 1210 parentes
903 1144 1096 1210 probat
1155 1152 1269 1194 tum
1328 1145 1443 1209 ipsa
1501 1143 1751 1194 naturalis
1810 1161 1960 1193 amor

56 1234 338 1294 parentum
390 1235 443 1277 et
497 1227 680 1276 intima
731 1226 914 1276 relatio
967 1226 1312 1287 causalitatis‚
1373 1242 1510 1292 quae
1566 1244 1659 1276 eos
1715 1244 1835 1276 cum
1890 1226 1959 1275 in-

58 1310 289 1360 fantibus
330 1310 589 1370 conectit,
644 1317 758 1359 tum
798 1308 1027 1375 prolium
1068 1309 1316 1359 naturalis
1357 1308 1626 1359 inclinatio
1667 1309 1734 1358 ad
1777 1326 1959 1358 eorum

54 1409 215 1459 opem
268 1391 645 1458 quaerendam.
727 1391 877 1441 Idem
931 1391 1274 1441 confirmatur
1325 1408 1420 1441 usu
1474 1392 1739 1441 constanti
1795 1408 1959 1457 popu-

55 1473 228 1524 lorum
269 1482 322 1525 et
360 1474 475 1540 ipsa
515 1473 760 1539 analogia
800 1473 1119 1524 animalium.

61 1628 208 1694 456.
289 1628 465 1679 Sclzol.
547 1629 797 1679 Parentes
847 1638 969 1679 sunt
1022 1629 1332 1695 principium
1382 1628 1666 1679 liberorum
1707 1629 1757 1678 in
1798 1629 1962 1694 iisque

60 1711 469 1779 quodammodo
522 1712 859 1778 superstites;
915 1711 1036 1761 hinc
1088 1711 1255 1761 multo
1309 1713 1478 1776 magis
1520 1728 1679 1777 quam
1732 1710 1964 1776 reliquos

61 1795 304 1845 homines
344 1811 437 1844 eos
477 1800 724 1843 tenentur
764 1793 982 1858 diligere
1022 1794 1155 1843 sicut
1192 1811 1248 1843 se
1288 1794 1449 1859 ipsos,
1493 1794 1551 1843 iis
1581 1793 1757 1842 onmia
1786 1810 1962 1843 neces-

59 1878 193 1928 saria
232 1876 698 1938 subministrando,
742 1876 915 1925 donec
957 1877 1055 1925 sibi
1096 1877 1195 1942 ipsi
1237 1875 1512 1926 consulere
1554 1877 1773 1942 possint.
1835 1874 1961 1942 Spe-

59 1961 235 2011 ciatim
275 1967 523 2010 tenentur
562 1977 631 2008 ex
673 1958 851 2009 officio
893 1959 1250 2009 educationis:

144 2072 183 2107 Ι.
229 2057 345 2106 filiis
386 2057 563 2106 omnia
602 2057 671 2106 ad
712 2055 1073 2106 valetudinem
1115 2057 1410 2106 necessaria
1451 2056 1870 2117 subministrare3

139 2168 184 2205 2.
229 2170 438 2215 curare,
482 2162 538 2203 ut
579 2154 736 2203 etiam
778 2154 829 2202 in
870 2154 1165 2219 posteriore
1204 2154 1310 2203 vita
1351 2154 1645 2204 necessaria
1685 2171 1782 2220 pro
1823 2161 1963 2203 statu

61 2255 160 2287 suo
200 2236 434 2286 habeant
472 2235 552 2286 vel
595 2236 695 2286 sibi
735 2236 1004 2302 acquirere
1044 2236 1275 2302 possint;

139 2348 185 2398 3.
228 2335 289 2383 iis
329 2351 424 2400 per
463 2351 519 2383 se
561 2332 643 2383 vel
684 2332 815 2383 alios
857 2333 1192 2399 cognitiones
1233 2333 1555 2383 necessarias
1594 2333 1963 2400 suppeditare3

135 2445 184 2493 4.
230 2429 456 2492 efficere,
500 2438 556 2480 ut
596 2431 822 2480 infantes
862 2439 1066 2480 mature
1106 2439 1414 2481 assuescant
1454 2431 1780 2481 inordinatas
1814 2429 1965 2480 affec-

62 2514 234 2563 tiones
288 2513 498 2563 vincere
559 2521 611 2563 et
669 2514 831 2563 vitam
892 2512 1099 2579 legibus
1158 2513 1451 2563 honestatis
1500 2522 1806 2563 constanter
1846 2530 1967 2563 con-

67 2595 310 2646 formare.
391 2595 521 2645 Ideo
574 2613 681 2645 non
734 2597 1032 2662 praeceptis
1074 2603 1126 2646 et
1167 2596 1382 2646 monitis
1421 2595 1620 2657 solum,
1673 2596 1768 2645 sed
1809 2597 1968 2645 etiam

67 2678 508 2729 convenientibus
559 2679 829 2744 praemiis,
882 2679 1094 2745 poenis,
1150 2679 1459 2745 praesertim
1499 2687 1676 2729 autem
1717 2677 1968 2744 exemplo

65 2778 161 2811 suo
203 2777 298 2810 eos
338 2760 405 2810 ad
446 2761 692 2811 virtutem
734 2761 1018 2811 informare
1061 2762 1290 2824 debent;

146 2867 189 2920 5.
234 2858 462 2924 denique
514 2859 861 2924 praecipuum
915 2866 1192 2925 parentum
1249 2875 1441 2908 munus
1494 2858 1677 2922 (immo
1730 2856 1967 2923 pulcher-

67 2941 257 2989 rimum
309 2939 694 3006 privilegiuml)
748 2949 828 2990 est
879 2940 1105 2991 infantes
1157 2959 1187 2990 a
1238 2942 1431 2991 teneris
1483 2940 1631 2990 annis
1683 2940 1750 2989 ad
1792 2939 1970 3004 cogni-

68 3022 284 3084 tionem,
327 3039 582 3084 amorem,
627 3022 823 3073 cultum
869 3023 972 3073 Dei
1012 3024 1295 3074 adducere.
1366 3022 1711 3089 Quapropter
1742 3021 1970 3071 absurde

69 3111 122 3155 et
171 3105 332 3171 impie
383 3105 662 3156 Rousseau
715 3106 936 3156 asseruit
988 3106 1055 3156 de
1097 3107 1217 3156 Deo
1270 3115 1323 3156 et
1375 3106 1628 3172 religione
1668 3120 1969 3154 sermonem

66 3187 240 3254 pueris
280 3204 388 3238 non
429 3205 545 3238 esse
585 3188 908 3250 habendum,
953 3188 1127 3239 donec
1163 3188 1350 3238 saltem
1381 3188 1448 3237 ad
1479 3186 1969 3237 duodevicesimum

66 3285 263 3319 annum
314 3271 649 3335 pervenerint
700 3279 753 3320 et
802 3271 903 3337 ipsi
955 3271 1023 3321 de
1079 3270 1334 3337 religione
1390 3268 1720 3335 capessenda
1775 3267 1970 3318 delibe-

70 3368 182 3401 rare
222 3352 442 3418 possint.
