2182 3682
284 190 438 219 CAPUT
472 189 519 218 11.
568 189 629 217 DE
662 188 858 217 ACTIBUS
894 187 1112 216 11UMANIS
1149 187 1347 216 I’HYSICE
1380 188 1735 218 CONSIDERATlS.
1886 193 1948 241 41

57 328 340 392 importat»
387 326 474 390 (ib.
515 342 560 375 a.
608 326 672 388 3).
756 325 912 374 Bona
952 324 1169 374 intentio
1210 342 1369 390 erg0‚
1415 325 1482 374 de
1523 343 1628 391 qua
1669 326 1957 392 loquuntur

58 408 292 473 magistri
332 408 470 456 vitae
509 405 804 472 spiritualis,
849 413 929 455 est
967 413 1117 455 actus
1157 404 1459 466 voluntatis,
1503 424 1610 472 quo
1652 407 1817 457 homo
1857 409 1958 458 sibi

59 490 220 538 finem
263 487 494 554 aliquem
537 488 823 537 honestum
866 489 931 551 (v.
977 504 1028 553 g.
1072 486 1296 552 gloriam
1338 487 1459 550 Dei)
1511 488 1619 537 suis
1659 490 1957 539 actionibus

58 570 452 636 assequendum
494 569 763 636 proponit.

136 666 180 716 3.
230 650 522 701 Consensus
560 668 721 716 saepe
763 651 951 700 dicitur
1005 650 1072 700 de
1113 650 1353 716 quolibet
1391 659 1514 700 actu
1554 651 1840 701 voluntatis
1880 670 1959 702 ac-

55 734 315 800 ceptantis
356 724 559 783 bOnum
610 733 677 782 ab
730 732 999 782 intellectu
1053 733 1418 798 propositum;
1470 733 1543 782 sic
1583 751 1630 782 v.
1675 750 1725 798 g.
1771 734 1957 783 dicitur

54 822 335 880 peccatum
377 831 637 864 consensu
678 814 885 879 perfici;
931 814 1015 864 hic
1043 823 1223 864 autem
1250 815 1472 864 sumitur
1498 815 1758 864 strictiore
1798 832 1956 865 sensu

52 895 471 965 provoluntate
513 895 744 962 eligendi
785 896 976 945 media.

127 964 177 1041 4».
221 978 426 1028 Eleclz'o
467 987 548 1028 est
587 977 781 1028 efficax
832 978 1015 1028 volitio
1068 979 1219 1027 unius
1271 978 1431 1027 medii
1486 978 1554 1027 ad
1607 977 1764 1028 finem
1818 978 1956 1029 utilis

55 1078 180 1127 prae
219 1060 346 1110 aliis.
428 1060 641 1121 Utilitas
682 1060 750 1109 ad
792 1059 953 1109 finem
993 1069 1074 1110 est
1114 1060 1384 1109 obiectum
1438 1059 1683 1121 formale,
1738 1069 1958 1127 propter

54 1143 203 1209 quod
244 1142 435 1192 electio
475 1143 526 1192 in
568 1142 802 1191 medium
858 1141 1033 1192 fertur.
1115 1141 1419 1191 Consensus
1471 1150 1523 1191 et
1564 1141 1754 1192 electio
1794 1143 1953 1193 medii

54 1242 107 1274 re
148 1242 253 1274 non
295 1225 572 1285 differunt,
629 1225 671 1274 si
712 1225 925 1274 unicum
977 1224 1130 1274 adest
1170 1224 1405 1273 medium
1457 1225 1526 1274 ad
1568 1224 1757 1287 finem3
1800 1242 1955 1275 secus

52 1315 278 1374 possunt
318 1324 432 1356 esse
472 1315 622 1357 actus
663 1306 908 1356 distincti.

133 1400 177 1453 5.
220 1389 515 1454 Imperium
558 1397 637 1439 est
678 1389 936 1438 intimatio
967 1388 1246 1438 absolutae
1275 1387 1562 1438 voluntatis
1602 1388 1753 1439 alicui
1796 1390 1948 1440 facta.

54 1468 437 1521 H0m0''e“tiam
477 1471 576 1520 sibi
616 1471 729 1536 ipse
770 1488 865 1537 per
906 1471 1179 1531 rationem,
1223 1471 1503 1537 supposita
1544 1470 1820 1532 electione,
1862 1472 1951 1521 im-

50 1569 235 1619 perare
275 1559 467 1618 potest.

126 1632 410 1698 Quaeritur
463 1634 547 1684 hic
598 1635 673 1697 1):
733 1640 907 1683 utrum
963 1635 1242 1699 imperium
1283 1636 1349 1683 sit
1407 1643 1556 1685 actus
1614 1635 1845 1685 rasiom's
1884 1653 1949 1685 an

50 1716 355 1786 affl-clitellis.
399 1747 470 1751 ——
511 1716 672 1782 Resp.
719 1733 839 1765 cum
881 1715 933 1765 S.
988 1716 1174 1767 leom.
1227 1731 1278 1777 Ι,
1340 1731 1395 1777 2,
1441 1735 1489 1782 q.
1544 1730 1627 1781 17,
1672 1735 1716 1769 a.
1770 1732 1786 1767 Ι
1835 1736 1950 1768 esse

42 1798 338 1867 {qr-‘Qaliter
379 1806 555 1848 actum
597 1797 904 1860 intellectus,
948 1816 1384 1864 praesupponere
1425 1808 1605 1849 autem
1645 1808 1822 1849 actum
1863 1818 1950 1850 vo-

46 1872 276 1941 luntatis,
320 1898 350 1930 a
378 1898 484 1946 quo
513 1889 677 1930 lolam
705 1898 861 1930 snam
890 1880 1191 1947 efficaciam
1221 1880 1398 1931 habet.
1468 1881 1782 1932 Formaliter
1810 1883 1949 1932 enim

45 1963 322 2033 imperium
376 1970 456 2012 est
508 1962 728 2022 locutio,
788 1979 894 2029 qua
949 1963 1104 2012 nobis
1160 1962 1242 2012 vel
1298 1962 1447 2013 alteri
1501 1965 1805 2014 intimamus
1856 1982 1948 2014 seu

45 2045 419 2095 denuntiamus
476 2044 809 2094 voluntatem
868 2054 1119 2095 nostram.
1201 2044 1431 2095 Locutio
1490 2064 1616 2096 vero
1669 2054 1749 2097 est
1803 2056 1951 2097 actus

45 2126 357 2177 intellectus.

121 2208 404 2274 Quaeritur
445 2210 529 2272 2):
585 2209 744 2275 quale
799 2211 865 2260 sit
919 2209 1206 2260 voluntatis
1258 2211 1308 2259 in
1360 2209 1488 2260 alias
1541 2211 1819 2262 facultates
1859 2212 1948 2261 im-

46 2291 263 2357 perium.
289 2322 359 2326 —-
381 2292 543 2357 Resp.
576 2291 933 2357 Distinguitur
961 2292 1164 2358 duplex
1191 2293 1494 2358 imperium:
1526 2293 1840 2353 absolutmn,
1870 2295 1950 2344 cui

45 2374 211 2423 resisti
251 2373 394 2423 nullo
448 2374 614 2423 modo
656 2381 860 2440 potest,
915 2383 967 2423 et
1018 2392 1119 2424 nm
1161 2374 1484 2437 absolutum,
1537 2376 1617 2425 cui
1659 2376 1823 2426 resisti
1866 2376 1949 2426 ali-

45 2464 307 2522 quatenus
335 2464 529 2522 potest.
586 2455 721 2506 Illud
750 2473 780 2505 a
806 2456 1072 2506 veteribus
1101 2465 1225 2522 post
1252 2456 1602 2507 Aristotelem
1630 2458 1949 2524 despotl'cum

44 2546 278 2599 vocatur,
322 2538 427 2588 hoc
457 2538 738 2603 polisz'cmaz
779 2538 852 2602 (S.
907 2538 1092 2588 Tlcom.
1146 2554 1162 2588 Ι
1212 2557 1261 2605 q.
1309 2542 1393 2600 SI,
1437 2556 1480 2589 a.
1528 2554 1553 2604 3
1599 2540 1667 2589 ad
1712 2541 1780 2603 2).

120 2620 405 2686 Imperium
446 2620 741 2670 absolutum
770 2620 1014 2670 voluntas
1041 2620 1215 2670 solum
1255 2621 1419 2671 habet
1458 2623 1509 2671 in
1536 2623 1641 2672 vim
1673 2623 1949 2673 motricem

44 2719 137 2752 seu
194 2703 432 2768 corporis
488 2702 743 2753 membra.
827 2702 1086 2769 Reliquae
1143 2702 1451 2765 facultates,
1510 2711 1567 2754 ut
1621 2705 1949 2771 experientia

46 2792 282 2844 constat,
341 2801 447 2834 non
487 2783 660 2834 solum
715 2801 877 2850 saepe
931 2785 1220 2835 voluntatis
1274 2786 1553 2851 imperium
1592 2795 1945 2847 antevertunt‚

44 2866 141 2915 sed
197 2867 356 2916 etiam
414 2866 589 2916 eidem
640 2866 973 2933 aliquatenus
1026 2868 1274 2918 resistunt
1329 2885 1427 2918 nec
1479 2869 1547 2918 ab
1597 2870 1804 2919 actibus
1842 2870 1948 2918 suis

49 2947 210 3014 plane
251 2949 509 2998 contineri
549 2958 788 3015 possunt.
847 2948 1120 3015 Competit
1160 2958 1339 3000 autem
1368 2950 1629 3001 voluntati
1667 2952 1946 3017 imperium

45 3048 148 3080 non
187 3030 484 3080 absolutum
523 3032 575 3080 in
617 3031 895 3081 facultates
933 3032 1034 3081 sibi
1074 3032 1331 3094 subditas,
1376 3042 1428 3083 et
1469 3034 1718 3100 quidem:

119 3113 168 3175 a)
210 3113 260 3161 in
301 3113 639 3175 intellectum,
680 3122 738 3163 ut
766 3114 1094 3179 experientia
1133 3121 1371 3164 testatur.
1427 3115 1542 3165 Nec
1583 3116 1754 3175 obest,
1798 3116 1944 3181 quod

43 3192 291 3244 voluntas
348 3195 415 3244 sit
465 3195 706 3261 potentia
757 3213 913 3245 caeca
965 3196 1114 3246 iuxta
1163 3195 1317 3247 illud:
1377 3197 1502 3246 nihil
1542 3196 1790 3257 volitum,
1849 3196 1945 3247 nisi

43 3277 474 3341 praecognitum;
534 3277 658 3327 inde
706 3279 843 3327 enim
899 3277 1074 3327 solum
1129 3279 1368 3344 sequitur
1419 3296 1526 3328 non
1569 3295 1755 3327 omnes
1795 3287 1944 3328 actus

42 3357 340 3408 intellectus
394 3375 426 3408 a
475 3359 751 3409 voluntate
797 3360 1034 3426 pendere
1089 3369 1249 3426 atque
1302 3360 1438 3410 hanc
1494 3370 1768 3425 tamquam
1820 3378 1940 3411 con-
