2182 3682
243 169 345 218 124
643 165 755 194 PARS
790 165 818 194 Ι.
869 164 1186 194 PHILOSOPHIA
1219 163 1425 193 MORALIS
1459 162 1741 193 GENERALIS.

309 302 512 353 Iustitia
550 319 678 353 vero
729 301 1078 352 distributiva
1120 308 1173 351 et
1213 300 1415 366 legalis
1466 300 1535 350 ad
1587 301 1977 350 restitutionem
2031 317 2140 351 non

236 384 507 451 obligant,
567 385 663 434 nisi
719 393 981 450 quatenus
1031 382 1186 433 simul
1239 382 1467 433 laeditur
1505 382 1701 432 iustitia
1741 383 2162 434 commutativa.·

236 467 394 517 Ratio
437 475 531 528 est,
576 467 702 533 quia
753 475 877 532 post
929 465 1219 515 laesionem
1271 482 1379 515 non
1430 465 1573 515 idem
1615 482 1837 514 numero
1878 465 2139 515 motivum

233 558 430 610 manet,
474 549 621 615 quod
663 555 821 598 antea
861 547 1045 598 adfuit.
1128 545 1216 598 Sic
1268 566 1314 598 v.
1361 565 1411 613 g.
1455 548 1498 597 si
1538 548 1656 613 quis
1697 546 1847 597 laesit
1887 547 2139 597 iustitiam

235 632 639 692 distributivam,
677 632 779 681 iam
811 648 918 680 non
947 639 1130 696 potest
1158 629 1300 680 illam
1328 629 1617 680 laesionem
1648 646 1907 696 reparare.
1969 629 2140 679 «Nam

234 713 357 764 licet
396 715 567 780 possit
618 714 876 763 damnum
917 713 1166 763 resarcire
1218 714 1291 774 ei,
1351 713 1440 779 qui
1480 712 1652 762 minus
1693 712 1761 762 de
1800 712 1958 762 bonis
1998 729 2140 762 com-

234 797 480 846 munibus
520 796 743 862 accepit,
789 796 972 846 dando
1014 796 1061 845 ei
1103 796 1170 845 de
1211 795 1366 845 bonis
1395 796 1621 861 propriis
1661 795 1715 844 id
1757 802 1947 856 totum,
1991 794 2139 860 quod

235 878 432 929 defuit:
488 896 583 944 per
637 878 741 928 hoc
793 887 973 929 tamen
1015 895 1123 928 non
1165 879 1378 944 ponitur
1417 878 1497 939 id,
1554 878 1700 944 quod
1741 877 1932 927 iustitia
1975 877 2140 927 distri-

235 961 419 1011 butiva
459 961 714 1020 intendit,
775 962 924 1026 quod
980 960 1073 1010 scl.
1117 959 1252 1010 bona
1313 961 1613 1010 communia
1670 958 1964 1026 aequaliter
2018 976 2138 1009 cum

235 1043 418 1093 debita
472 1043 822 1109 proportione
886 1043 1281 1093 distribuantur.
1330 1085 1337 1092 .
1386 1085 1393 1092 .
1442 1085 1449 1092 .
1535 1041 1590 1092 Si
1645 1060 1771 1093 vero
1828 1041 2141 1091 distributor

234 1143 342 1176 non
384 1127 682 1176 restitueret
723 1126 791 1175 de
832 1126 988 1176 bonis
1030 1126 1270 1192 propriis,
1314 1125 1409 1175 sed
1452 1126 1519 1175 de
1571 1126 1726 1175 bonis
1767 1124 2141 1175 communibus

233 1208 526 1258 auferendo
585 1225 864 1258 excessum
920 1208 1178 1274 portionis
1230 1208 1298 1257 ab
1341 1225 1434 1268 eo,
1492 1208 1581 1273 qui
1622 1224 1782 1274 supra
1822 1223 1917 1256 sua
1956 1206 2143 1256 merita

235 1291 468 1356 accepit,
524 1298 582 1340 ut
634 1290 783 1340 daret
825 1291 886 1346 ei,
943 1291 1033 1355 qui
1086 1297 1370 1356 acceperat
1410 1290 1608 1339 minus:
1667 1298 1792 1339 tunc
1842 1288 2143 1338 laederetur

234 1374 428 1422 iustitia
470 1374 881 1422 commutativa»
946 1373 1089 1438 (quia
1141 1372 1230 1422 scl.
1277 1373 1420 1438 prior
1472 1373 1575 1422 iam
1632 1373 1712 1422 ius
1753 1372 1805 1421 in
1845 1371 1989 1421 illam
2031 1389 2142 1421 rem

233 1456 548 1521 acquisivit).
632 1455 716 1519 (de
756 1455 908 1520 Lago
951 1454 980 1504 l.
1027 1472 1069 1504 c.
1115 1455 1249 1521 disp.
1304 1469 1343 1516 Ι,
1388 1472 1437 1505 n.
1486 1456 1590 1519 53.)

308 1544 394 1593 Ex
435 1544 589 1594 dictis
618 1544 836 1593 infertur
865 1561 987 1593 cum
1015 1543 1310 1593 Aristotele
1340 1543 1482 1608 (Eth.
1515 1543 1543 1593 l.
1577 1554 1619 1607 5,
1653 1561 1696 1594 c,
1730 1544 1802 1607 6),
1835 1543 1887 1593 S.
1931 1542 2139 1592 Thema

235 1628 306 1691 (2,
353 1640 400 1686 2,
444 1645 493 1693 q.
544 1638 626 1690 57,
671 1644 714 1676 a.
759 1627 812 1689 4)
855 1626 1076 1692 aliisque
1105 1627 1240 1675 inter
1256 1635 1516 1690 parenlcs
1544 1635 1594 1676 et
1631 1625 1832 1676 liberos
1871 1642 1976 1692 qua
2004 1624 2143 1675 tales

235 1727 342 1759 non
384 1726 500 1759 esse
540 1710 791 1759 iustitiam
834 1709 1315 1772 (commutativam)
1357 1716 1410 1758 et
1443 1709 1640 1758 iustum
1679 1707 2001 1774 simpliciter,
2045 1707 2141 1757 sed

235 1793 534 1842 secundum
575 1792 720 1858 quid,
766 1792 887 1857 quia
928 1790 1076 1841 liberi
1117 1800 1240 1841 sunt
1281 1792 1430 1856 quasi
1473 1791 1673 1857 aliquid
1715 1799 2027 1857 parentum,
2070 1790 2144 1840 ita

237 1883 294 1924 ut
350 1874 587 1940 perfecta
646 1874 878 1924 alteritas
939 1874 1089 1924 desit.
1171 1873 1300 1923 Dixi
1360 1892 1466 1939 qua
1525 1874 1693 1935 tales,
1756 1873 1785 1923 i.
1830 1891 1874 1924 e.
1919 1873 1961 1923 si
2021 1890 2142 1923 con-

234 1957 530 2007 siderantur
571 1974 648 2017 ea,
692 1974 828 2022 quae
869 1956 967 2006 sibi
1010 1974 1116 2022 qua
1157 1963 1405 2022 parentes
1432 1956 1515 2005 vel
1558 1956 1706 2005 liberi
1748 1956 1975 2017 debent;
2019 1972 2143 2004 nam

234 2040 276 2088 si
316 2058 363 2089 v.
408 2057 457 2105 g.
502 2048 654 2105 pater
694 2048 746 2089 et
788 2038 924 2088 filius
964 2048 1299 2105 spectantur,
1344 2048 1403 2088 ut
1443 2047 1564 2088 sunt
1607 2039 1713 2088 duo
1755 2038 2025 2099 homines,
2069 2038 2143 2088 sic

234 2130 416 2187 potest
472 2122 603 2171 ratio
660 2122 887 2171 iustitiae
943 2123 1078 2171 inter
1135 2139 1228 2171 eos
1284 2122 1613 2171 intercedere
1661 2120 1738 2185 (S.
1791 2121 1974 2170 leom.
2021 2120 2051 2170 l.
2096 2137 2140 2172 e.

234 2205 300 2254 ad
357 2218 413 2266 23
476 2204 540 2254 de
591 2203 742 2269 Lago
796 2203 825 2254 l.
884 2221 926 2254 c.
984 2221 1031 2253 n.
1091 2204 1196 2267 31).
1279 2204 1453 2253 Mater
1506 2204 1759 2254 occidens
1812 2203 1977 2253 filium
2032 2220 2140 2252 non

233 2286 407 2336 solum
448 2287 611 2336 violat
651 2287 923 2353 pietatem,
967 2287 1061 2336 sed
1106 2287 1267 2336 etiam
1308 2287 1574 2336 iustitiam.

241 2444 381 2497 144.
464 2433 698 2484 Virluscs
749 2449 995 2484 annexae
1047 2435 1246 2499 (partes
1299 2433 1640 2499 potentiales)
1692 2435 1920 2484 iustitiae
1983 2433 2138 2500 parti-

232 2515 393 2565 culari
433 2526 557 2566 sunt
597 2516 730 2578 illae,
776 2533 915 2582 quae
955 2515 1182 2566 alterum
1223 2516 1443 2582 quidem
1483 2517 1787 2582 respiciunt,
1830 2516 1926 2566 sed
1967 2533 1998 2566 a
2025 2533 2138 2581 per-

232 2597 370 2648 fecta
411 2600 613 2649 ratione
654 2600 879 2649 iustitiae
927 2599 1180 2649 deficiunt
1221 2607 1532 2664 propterea,
1589 2599 1712 2664 quia
1758 2598 1841 2648 vel
1895 2598 2137 2648 debitum

229 2680 298 2730 ad
341 2680 717 2747 aequalitatem
759 2682 984 2731 reddere
1013 2699 1120 2731 non
1150 2690 1388 2747 possunt,
1431 2680 1514 2730 vel
1545 2682 1666 2746 quia
1695 2681 1942 2743 reddunt,
1987 2680 2135 2747 quod

230 2779 339 2812 non
380 2765 562 2813 stricte
604 2773 662 2813 ut
701 2781 857 2813 suum
901 2763 1050 2813 alteri
1091 2763 1336 2813 debitum
1376 2772 1472 2813 est.
1991 2763 1994 2766 ’

303 2851 397 2901 Ad
442 2853 693 2917 priorem
751 2852 975 2903 classem
1031 2853 1260 2919 pertinet
1315 2853 1541 2918 religio,
1601 2870 1740 2918 quae
1795 2852 2012 2903 inclinat
2066 2851 2136 2902 ad

229 2933 473 2983 debitum
514 2934 714 2984 cultum
754 2935 875 2984 Deo
932 2944 990 2984 ut
1041 2935 1213 3001 primo
1267 2952 1440 2984 rerum
1493 2935 1732 2984 omnium
1784 2935 2042 3001 principio
2083 2943 2166 2999 et¹

227 3032 480 3081 supremo
511 3017 731 3067 domino
762 3018 1101 3068 reddendum
1121 3034 1130 3079 ;
1152 3018 1353 3082 pietas,
1384 3034 1489 3082 qua
1519 3017 1825 3083 parentibus
1853 3026 1906 3067 et
1935 3018 2135 3083 patriae

229 3097 431 3147 cultum
472 3099 714 3149 debitum
755 3100 1071 3150 exhibemus
1112 3109 1169 3149 ut
1209 3099 1468 3165 principio
1511 3100 1850 3149 exsistentiae
1889 3107 2130 3161 nostrae;

229 3179 591 3243 observantia,
623 3198 761 3247 quae
791 3181 990 3232 cultum
1019 3183 1263 3232 debitum
1289 3182 1652 3247 superioribus
1679 3181 1901 3247 aliisque
1927 3181 2133 3231 honore

228 3269 281 3310 et
340 3263 634 3313 reverentia
689 3264 865 3329 dignis
925 3265 1128 3314 ratione
1184 3264 1585 3329 gubernationis
1639 3262 1722 3314 vel
1782 3261 2130 3314 excellentiae

226 3342 461 3395 exhibet.
517 3344 735 3412 Species
763 3346 1133 3396 observantiae
1162 3355 1284 3396 sunt
1313 3345 1468 3396 dulia
1497 3354 1551 3395 et
1591 3346 1938 3407 oboedientia,
1982 3345 2129 3395 cuius
