2182 3682
214 155 313 205 126
611 166 724 195 PARS
758 167 785 196 Ι.
836 167 1152 197 PHILOSOPHIA
1185 168 1394 198 MORALIS
1428 168 1709 200 GENERALIS.

207 301 505 351 constantia
545 302 690 352 idem
732 301 856 352 facit
883 312 1129 370 respectu
1160 303 1548 367 difficultatum,
1593 323 1731 372 quae
1770 306 1840 357 ab
1880 310 2113 361 externis

204 384 601 449 impedimentis
641 386 975 450 proveniunt.

280 472 589 524 Praedictae
646 474 895 534 virtutes,
956 475 998 525 si
1061 484 1335 526 versantur
1399 477 1545 528 circa
1593 478 1847 543 pericula
1903 481 2112 543 mortis,

207 556 474 621 pertinent
514 557 582 606 ad
624 557 990 607 fortitudinem
1040 565 1098 607 ut
1126 567 1323 623 parles
1363 560 1685 625 integrales,
1739 562 1864 628 quia
1902 563 2014 613 sine
2053 564 2113 613 iis

207 637 463 688 fortitudo
505 656 621 690 esse
677 658 785 691 non
845 648 1051 705 potest3
1111 641 1153 690 si
1204 659 1331 691 vero
1387 652 1664 693 versantur
1719 644 1858 694 circa
1911 645 2114 712 aliquas

206 721 452 771 materias
491 724 831 774 secundarias
872 730 925 772 et
953 723 1123 773 minus
1153 723 1409 786 difficiles,
1453 733 1575 776 sunt
1614 727 1840 777 virtutes
1867 745 2114 779 annexae

209 803 528 854 fortitudinis
569 804 643 870 (S.
698 805 884 856 leom.
931 818 977 866 2,
1025 819 1072 867 2,
1117 823 1166 872 q.
1219 809 1334 868 128,
1379 825 1423 859 a.
1476 810 1537 873 Ι).

863 977 890 1032 g
923 992 962 1029 4.
1012 980 1446 1021 TEMPERANTIA.

270 1081 431 1134 (Arist,
466 1083 562 1122 Eth.
598 1084 623 1122 l.
661 1093 698 1134 3,
735 1098 768 1124 c.
811 1095 861 1122 10
884 1099 973 1137 sqq.
1028 1086 1069 1124 S.
1112 1087 1252 1124 lem.
1289 1097 1327 1134 2,
1365 1097 1400 1134 2,
1439 1100 1475 1138 q.
1517 1097 1591 1136 141
1622 1101 1711 1140 sqq.
1767 1089 1943 1135 Lessius,
1977 1089 2044 1129 De

909 1153 1061 1191 iustitia
1095 1160 1135 1192 et
1170 1153 1257 1192 iure
1290 1153 1315 1191 l.
1351 1152 1414 1205 4.)

215 1259 356 1324 146.
446 1261 828 1327 Temperanlia
863 1263 1179 1313 moderatur
1207 1264 1678 1329 concupiscentiam
1711 1265 2115 1317 delectationum

206 1352 375 1393 lacteas
413 1345 694 1394 secimdmn
738 1354 915 1395 rectae
955 1347 1189 1396 salionis
1217 1347 1566 1412 arigcnfiam.
1633 1346 1946 1398 Subiectum
1988 1349 2116 1399 eius—

209 1426 334 1476 dem
375 1434 455 1476 est
495 1443 618 1492 pars
660 1428 1103 1494 concupiscibilis

287 1514 498 1580 Species
570 1519 953 1583 temperantiae
1027 1526 1174 1569 sunt:
1259 1518 1581 1569 absfiizcnlicz
1657 1520 1816 1584 (circa
1889 1521 2108 1586 cibum),

208 1597 474 1648 sobrietas
525 1599 685 1663 (circa
742 1602 956 1666 potum)
1014 1602 1235 1651 castilas
1296 1603 1455 1666 (circa
1506 1602 1841 1669 voluptatem
1897 1605 2114 1670 carnis);

212 1681 450 1742 castitas,
496 1690 760 1748 quatenus
800 1693 1037 1734 versatur
1088 1684 1226 1734 circa
1278 1684 1663 1735 delectationes
1714 1687 2117 1737 circumstantes

212 1763 559 1829 principalem
602 1765 1016 1816 delectationem
1059 1768 1242 1829 carnis,
1287 1777 1508 1818 vocatur
1535 1769 1820 1833 pudicitia.

283 1852 464 1902 Partes
505 1854 805 1919 iiifc‘grales
833 1857 1217 1922 temperantiae
1245 1866 1394 1907 sunt:
1440 1858 1787 1920 verecundia,
1829 1876 1926 1924 per
1955 1876 2114 1926 quam

209 1935 324 2001 quis
365 1936 501 2002 fugit
542 1938 925 2003 turpitudinem
966 1940 1351 2006 temperantiae
1380 1941 1713 1998 contrariam,
1757 1950 1810 1991 et
1847 1942 2114 2004 honestas,

206 2035 301 2084 per
341 2035 499 2085 quam
542 2020 660 2086 quis
701 2029 844 2070 amat
885 2020 1326 2087 pulchritudinem
1372 2024 1768 2089 temperantiae.

279 2108 517 2159 Virtutes
545 2126 792 2160 annexae
820 2112 1203 2178 temperantiae
1231 2122 1376 2163 sunt:
1422 2114 1760 2175 conll'iienlia,
1804 2131 1940 2180 quae
1969 2113 2109 2176 facit,

205 2199 262 2241 ut
319 2191 568 2242 voluntas
627 2211 735 2243 non
794 2194 1063 2256 vincatur,
1136 2194 1259 2244 licet
1318 2195 1483 2245 homo
1545 2197 1927 2246 immoderatas
1994 2214 2115 2247 con-

205 2275 558 2340 cupiscentias
598 2277 856 2342 patiatur3
911 2276 1226 2337 lzzmzz'litas,
1279 2295 1415 2344 quae
1463 2279 1775 2328 moderatur
1814 2279 2116 2345 appetitum

204 2357 452 2423 propriae
494 2357 845 2408 excellentiae
902 2367 955 2409 et
1007 2358 1198 2421 efficit,
1258 2377 1324 2410 ne
1380 2360 1545 2410 homo
1599 2361 1786 2410 tendat
1824 2361 1877 2410 in
1916 2378 2115 2427 magna

205 2455 366 2505 supra
404 2457 462 2489 se
502 2447 713 2506 praeter
753 2450 955 2491 rectam
995 2443 1279 2504 rationem;
1323 2442 1619 2504 illodesz‘ia,
1661 2460 1800 2508 quae
1839 2452 2022 2494 motus
2062 2452 2115 2494 et

207 2529 389 2587 gestus
431 2524 668 2589 corporis
719 2524 1016 2574 secundum
1071 2525 1286 2575 rationis
1335 2526 1721 2591 praescriptum
1776 2525 2110 2589 moderatur3

207 2606 571 2666 viansuelicdo,
613 2623 750 2671 quae
791 2607 1102 2657 moderatur
1142 2608 1439 2673 appetitum
1480 2607 1771 2670 vindictae3
1816 2607 2113 2670 clementia,

208 2703 373 2752 quae,
434 2688 484 2736 in
526 2697 783 2753 quantum
840 2696 985 2739 recta
1039 2690 1171 2739 ratio
1213 2690 1267 2739 id
1308 2690 1597 2755 permittit,
1659 2688 1876 2739 inclinat
1915 2690 1984 2740 ad
2024 2708 2114 2756 pu-

207 2769 462 2819 niendum
502 2771 680 2836 potius
722 2771 851 2820 citra
892 2788 1053 2837 quam
1093 2770 1225 2821 ultra
1255 2772 1501 2821 meritum
1543 2771 1759 2838 culpae;
1801 2771 2114 2822 studiositas

207 2852 517 2902 moderatur
545 2852 839 2903 naturalem
868 2854 1166 2920 appetitum
1195 2854 1562 2919 cognoscendi
1585 2854 1881 2903 secundum
1912 2863 2111 2904 rectam

208 2934 493 2997 rationem;
538 2935 842 3000 ezclrapelia
882 2944 1058 2986 servat
1097 2937 1445 2986 moderamen
1485 2936 1537 2985 in
1581 2936 1712 2985 iocis
1753 2945 1807 2985 et
1845 2936 1997 2986 ludis.

282 3022 554 3074 Interdum
621 3042 819 3074 nomen
885 3027 1183 3076 modestiae
1259 3026 1412 3076 latius
1486 3025 1741 3091 accipitur
1804 3042 1901 3091 pro
1968 3025 2113 3075 omni

208 3105 430 3167 virtute,
494 3123 631 3172 quae
687 3107 1114 3157 moderationem
1176 3117 1428 3174 operatur
1483 3125 1590 3157 non
1646 3108 1697 3156 in
1754 3106 2111 3157 delectatione

209 3194 395 3249 tactus,
440 3189 535 3238 sed
575 3189 627 3238 in
668 3188 843 3254 aliqua
883 3188 984 3238 alia
1013 3189 1387 3250 delectatione,
1430 3190 1481 3239 in
1512 3206 1618 3256 qua
1646 3189 1928 3239 refrenatio
1957 3205 2111 3254 gene-

209 3270 362 3319 ratim
403 3269 711 3320 difficillima
751 3287 859 3320 non
901 3279 994 3321 est.
1077 3271 1201 3321 Hoc
1241 3289 1400 3321 sensu
1455 3272 1556 3321 sub
1596 3288 1654 3321 se
1703 3270 2111 3338 comprehendit

211 3359 268 3401 ut
307 3353 512 3417 species
562 3352 948 3414 humilitatem,
1000 3354 1322 3403 modestiam
1373 3354 1632 3403 strictiore
1683 3371 1868 3416 sensu,
1911 3354 2109 3403 studio-
