2182 3682
215 194 318 247 45‘)
613 196 727 225 PARS
762 196 809 226 11.
863 197 1179 227 PHILOSOPHIA
1212 197 1414 227 MORALIS
1450 197 1700 229 SPECIALIS.

291 224 318 234 —r

214 333 370 382 detur
409 342 655 400 respectu
697 334 941 396 filiorum,
986 334 1073 400 qui
1113 335 1354 385 nondum
1381 342 1503 384 sunt
1531 335 1611 384 sui
1649 335 1787 397 iuriS,
1830 335 1927 385 nisi
1967 341 2126 401 pacta

211 414 296 465 vel
337 414 483 481 leges
528 415 954 467 fundamentales
995 417 1227 468 obstent.

216 560 363 624 613.
444 562 570 613 Alia
622 571 828 625 autem,
885 564 1051 614 multo
1105 565 1317 629 gravior
1357 573 1410 614 et
1451 563 1715 615 difficilior
1754 565 1998 631 quaestio
2038 565 2124 615 hic

210 644 468 694 solvenda
509 647 752 706 occurrit,
796 647 1068 697 nimirum:
1112 664 1237 697 mtm
1267 647 1526 712 princeps
1564 647 1855 713 legitimus,
1899 648 1991 714 qui
2029 663 2126 696 sua

211 735 478 793 potestate
506 727 557 776 in
587 728 842 778 damnum
872 728 1194 795 reipublicae
1223 729 1456 779 abutitur
1483 728 1767 795 (lyranum
1794 729 2122 796 regiminis),

199 817 515 874 potestatem
570 810 816 860 amittere
854 812 1057 877 possis,
1111 820 1162 862 et
1205 812 1496 878 q2t07720d0;
1548 812 1632 862 vel
1672 829 1794 862 num
1836 811 2005 862 eidem
2048 829 2123 861 γἐ-

208 891 400 941 sistere
439 892 610 942 liceat.

287 980 491 1030 Variae
529 982 834 1033 sententiae.
917 982 1236 1034 Scholastici
1279 983 1385 1033 fere
1427 1000 1614 1033 omnes
1655 983 1927 1034 docebant
1967 982 2125 1033 licere

209 1063 308 1113 loti
351 1064 720 1114 conznlunz'lalz'
769 1074 956 1116 contra
1007 1075 1291 1132 tyrannum
1343 1067 1616 1132 insurgere
1667 1083 1900 1133 eumque
1947 1064 2126 1132 expel-

210 1145 345 1206 lere,
388 1147 431 1195 si
471 1163 564 1196 sua
605 1156 874 1213 potestate
914 1149 965 1198 in
1009 1166 1170 1215 grave
1212 1149 1468 1198 damnum
1510 1148 1834 1214 reipublicae
1873 1148 2126 1198 abutatur

211 1226 284 1291 (S.
338 1227 522 1277 leom.
572 1242 629 1289 2,
676 1242 723 1289 2,
767 1247 816 1295 q.
860 1244 947 1291 42,
992 1247 1034 1280 a.
1083 1244 1110 1278 2
1156 1230 1223 1279 ad
1268 1244 1313 1294 3.
1396 1229 1622 1291 Suarez,
1664 1229 1786 1280 Des.
1830 1229 1956 1279 fidei
1996 1228 2026 1279 l.
2072 1244 2120 1292 4,

210 1327 252 1359 c.
297 1324 345 1372 4,
390 1327 437 1359 n.
495 1321 572 1374 15.
654 1311 841 1360 Baslc‘s
881 1311 944 1362 O.
988 1312 1086 1372 Pr.‚
1130 1312 1215 1362 De
1257 1312 1452 1361 iustitia
1494 1320 1546 1362 et
1586 1312 1694 1361 iure
1736 1329 1786 1378 q.
1830 1312 1916 1375 64.
1962 1329 2005 1362 a.
2052 1312 2121 1377 3).

208 1391 558 1441 Recentiores
587 1402 833 1443 auctores
862 1393 1111 1444 catholici
1140 1403 1325 1446 contra
1354 1395 1649 1459 generatim
1678 1403 1877 1460 negant
1917 1393 2122 1460 populo

208 1491 462 1540 umquam
515 1474 672 1525 licere
714 1484 942 1541 tyranno
983 1477 1035 1526 vi
1075 1477 1318 1527 resistere
1359 1494 1593 1543 eumque
1635 1475 1920 1543 expellere.
2003 1476 2122 1526 Pro-

207 1565 402 1606 vocant
430 1557 498 1606 ad
540 1556 732 1607 librum
776 1558 859 1608 De
888 1559 1143 1624 regimine
1181 1559 1343 1625 princ.
1377 1559 1405 1609 l.
1447 1574 1487 1620 Ι,
1533 1576 1575 1609 c.
1609 1559 1658 1619 6,
1703 1558 1905 1609 Concil.
1937 1557 2118 1609 Const.

206 1655 331 1688 sess.
380 1649 436 1702 15
484 1648 536 1688 et
564 1638 769 1705 Syllabi
809 1640 941 1691 thes.
974 1641 1071 1704 63:
1124 1642 1433 1707 «Legitimis
1474 1641 1804 1708 principibus
1834 1641 2121 1691 oboedien-

208 1722 335 1771 tiam
378 1721 690 1783 detrectare,
734 1722 899 1772 immo
941 1732 994 1773 et
1035 1723 1292 1774 rebellare
1333 1723 1504 1774 licet.»

209 1866 355 1931 614.
446 1867 596 1930 Quid
627 1870 960 1920 stamendmn
1002 1871 1268 1922 videnlur.

280 1965 528 2016 Assertio
571 1983 617 2017 I.
701 1968 1037 2033 Tyrannicus
1090 1968 1369 2034 potestatis
1411 1968 1609 2017 abusus
1660 1967 1740 2017 ius
1780 1967 1848 2017 ad
1890 1966 2118 2017 eandem

206 2047 514 2098 habendam
565 2067 660 2115 per
710 2067 767 2100 se
820 2068 926 2100 non
979 2050 1176 2111 aufert,
1232 2051 1327 2100 nisi
1382 2051 1619 2100 destruat
1664 2051 1837 2116 ipsum
1889 2047 2115 2110 titulum,

207 2148 316 2196 quo
357 2131 597 2181 habetur.
642 2162 716 2167 —
755 2132 1002 2182 Primum
1044 2141 1193 2198 patet
1229 2150 1299 2182 ex
1326 2150 1408 2191 eo,
1453 2132 1602 2198 quod
1642 2132 1761 2182 talis
1789 2132 1985 2182 abusus
2024 2148 2121 2198 per

205 2229 263 2262 se
303 2213 710 2279 possibilitatem
752 2214 983 2265 melioris
1024 2232 1148 2264 usus
1177 2232 1284 2265 non
1325 2214 1484 2277 tollit3
1530 2215 1570 2264 si
1599 2231 1728 2280 ergo
1769 2213 1967 2273 titulus,
2011 2230 2117 2280 quo

205 2304 447 2361 potestas
501 2297 758 2362 acquisita
811 2305 915 2357 est,
971 2298 1201 2347 intactus
1254 2305 1518 2358 remanet,
1574 2296 1716 2346 nulla
1756 2297 1888 2346 ratio
1929 2304 2010 2346 est
2049 2294 2119 2345 af-

205 2377 449 2427 firmandi
501 2379 728 2429 abusum
783 2397 877 2445 per
929 2397 985 2429 se
1039 2379 1243 2429 auferre
1295 2387 1635 2446 potestatem.
1719 2378 1864 2429 Talis
1903 2378 2117 2428 amissio

204 2460 321 2526 ipso
376 2460 517 2511 facto
574 2462 771 2511 abusus
827 2462 1143 2512 incurrenda
1198 2462 1249 2511 in
1304 2479 1466 2528 grave
1521 2462 1778 2512 damnum
1831 2476 2118 2511 commune

204 2552 473 2608 vergeret,
528 2560 652 2593 nam
694 2560 889 2610 magna
930 2544 1054 2594 inde
1102 2544 1432 2610 perturbatio
1475 2552 1787 2610 sequeretur
1827 2550 1880 2593 et
1919 2542 2119 2592 subditi

205 2623 356 2674 facile
405 2632 591 2675 contra
643 2643 797 2692 reges
848 2627 1197 2692 insurgerent.
1279 2626 1573 2676 Secundum
1625 2627 1865 2692 sequitur
1916 2642 1986 2675 ex
2032 2642 2115 2685 eo,

206 2707 354 2773 quod
395 2705 576 2757 titulus
617 2717 698 2757 est
738 2709 893 2758 unica
934 2709 1065 2758 ratio
1108 2709 1176 2758 ad
1218 2715 1547 2775 potestatem
1587 2707 1909 2758 habendam.
1970 2707 2117 2757 Eius-

205 2790 354 2838 modi
412 2799 588 2839 autem
654 2790 945 2840 destructio
1010 2791 1143 2840 tituli
1208 2791 1316 2840 fere
1378 2790 1553 2840 solum
1613 2790 1856 2841 accidere
1918 2797 2113 2856 potest,

206 2872 424 2937 quando
453 2872 701 2938 princeps
728 2881 1055 2938 potestatem
1077 2874 1285 2939 accepit
1312 2890 1408 2938 per
1433 2881 1652 2938 pactum
1673 2871 1758 2922 vel
1780 2871 2113 2922 electionem.

278 2960 526 3011 Assertio
568 2976 615 3010 2.
698 2960 754 3012 Si
806 2961 1009 3028 populo
1062 2963 1141 3012 ius
1194 2962 1453 3028 competit
1504 2961 1603 3011 sibi
1656 2977 1838 3026 regem
1885 2959 2115 3020 creandi,

204 3043 283 3091 ius
324 3059 542 3108 quoque
583 3043 747 3092 habet
776 3060 958 3108 regem
985 3060 1081 3094 sua
1122 3050 1391 3110 potestate
1432 3044 1663 3110 graviter
1690 3051 1744 3093 et
1783 3040 2119 3092 habitualiter

204 3124 517 3174 abutentem
558 3124 609 3174 in
651 3142 776 3175 casu
817 3125 1148 3175 necessitatis
1191 3125 1517 3191 deponendi.

279 3212 358 3262 Ita
410 3213 517 3263 fere
570 3230 758 3263 omnes
810 3231 933 3264 cum
985 3222 1202 3264 auctore
1259 3213 1376 3263 libri
1434 3213 1549 3263 «De
1601 3213 1857 3279 regimine
1911 3212 2110 3278 prino«

206 3293 237 3345 l.
289 3308 330 3355 Ι,
376 3311 419 3344 c,
464 3295 512 3345 6.
557 3327 629 3332 —
669 3293 727 3345 Si
767 3296 905 3345 enim
948 3312 1044 3344 rex
1084 3312 1152 3344 ex
1192 3304 1344 3361 parte
1383 3312 1479 3345 sua
1518 3301 1681 3361 pacto
1721 3311 1830 3344 non
1868 3302 1989 3356 stat,
2032 3310 2115 3343 ne-

209 3393 311 3442 que
352 3375 588 3443 populus
630 3394 700 3426 ex
739 3394 835 3427 sua
875 3386 1025 3443 parte
1065 3377 1246 3426 eidum
1286 3385 1426 3426 stare
1465 3383 1691 3427 tenetur.
