2182 3682
510 171 596 200 LIB.
632 171 679 200 ΙΙ.
728 170 826 198 CAP.
862 169 928 198 111.
976 169 1037 196 DE
1072 168 1325 197 SOCIETATE
1359 168 1516 197 CIVILI.
1843 168 1942 220 373

56 308 232 358 locum
272 306 339 355 ad
382 306 571 356 balnea
607 306 928 355 conveniunt
954 304 1134 368 ibique
1175 319 1268 368 per
1307 301 1518 367 longius
1557 310 1767 368 tempus
1794 302 1947 352 simul

57 395 476 448 commorantur,
518 386 601 436 vel
641 386 945 452 singillatim
987 385 1220 434 diversas
1260 392 1437 450 partes
1477 384 1714 432 eiusdem
1756 384 1949 433 domus

55 469 377 530 conducunt,
419 470 469 518 in
507 469 650 518 idem
678 468 1031 526 consentiunt,
1074 466 1169 516 sed
1210 465 1410 515 nullum
1449 465 1675 515 habetur
1715 472 1946 531 pactum,

53 569 118 601 ne
156 550 469 616 implicitum
511 550 741 615 quidem.

130 646 177 682 2.
232 632 356 681 Non
398 649 659 697 negamus
710 631 823 681 fieri
850 639 1038 695 posse,
1091 638 1147 679 ut
1187 629 1474 679 auctoritas
1527 628 1767 694 primitus
1807 628 1949 693 apud

54 713 312 780 populum
355 714 595 774 resideat,
638 713 734 763 sed
763 730 1021 778 negamus
1047 720 1258 776 semper
1284 719 1333 760 et
1358 710 1545 776 ubique
1584 710 1953 760 auctoritatem

55 812 161 845 non
201 795 297 844 nisi
336 795 604 845 mediante
651 794 837 861 populi
877 811 1141 844 consensu
1181 794 1231 843 in
1273 793 1538 859 principes
1578 793 1810 842 transire.
1891 791 1952 841 Id

53 878 192 927 enim
248 877 521 927 doctrinae
575 876 1015 927 scholasticorum
1069 874 1346 925 essentiale
1399 883 1504 935 est,
1562 882 1618 923 ut
1674 874 1852 924 dicant
1902 874 1952 923 in

54 958 197 1008 omni
237 958 526 1024 hypothesi
566 959 828 1024 principes
854 975 1006 1007 suam
1048 966 1370 1024 potestatem
1412 958 1653 1023 primitus
1680 974 1710 1006 a
1749 955 1952 1022 populo

53 1039 250 1090 habere
291 1040 502 1101 debere,
548 1048 603 1089 ut
644 1040 778 1089 iusta
816 1041 896 1089 sit.

131 1135 176 1186 3.
231 1121 422 1171 Thesis
477 1121 640 1171 habet
692 1122 824 1171 duas
880 1130 1070 1187 partes.
1152 1121 1210 1170 In
1263 1122 1432 1187 prima
1483 1137 1743 1186 negamus
1792 1121 1954 1169 socie-

52 1210 218 1254 tatem
259 1203 465 1253 civilem
506 1204 804 1253 necessario
833 1221 1045 1270 semper
1085 1221 1179 1270 per
1219 1214 1433 1269 pactum
1463 1204 1597 1263 oriri,
1641 1203 1691 1252 in
1719 1201 1955 1252 secunda

51 1302 311 1351 negamus
352 1294 676 1351 potestatem
709 1285 982 1351 politicam
1011 1304 1080 1335 ex
1107 1294 1291 1336 natura
1320 1286 1390 1336 rei
1418 1303 1629 1351 semper
1656 1286 1708 1334 in
1749 1283 1953 1350 populo

51 1374 326 1433 tamquam
366 1368 608 1418 subiecto
651 1368 932 1433 originario
975 1368 1218 1419 residere.

54 1514 199 1568 501.
281 1514 446 1552 PARS
477 1514 509 1553 Ι.
576 1515 649 1552 De
679 1516 839 1563 pacto.

129 1603 293 1650 Prob.
384 1602 508 1651 Non
566 1603 848 1652 universim
908 1602 1262 1652 necessarium
1322 1611 1401 1651 est
1461 1611 1678 1668 pactum
1735 1600 1801 1650 ad
1860 1600 1952 1649 ori-

53 1685 232 1749 ginem
292 1684 514 1734 civitatis
573 1684 975 1750 explicandam,
1037 1685 1080 1734 si
1138 1686 1248 1734 sine
1309 1702 1373 1733 eo
1438 1699 1477 1733 1.
1534 1683 1717 1733 haberi
1775 1691 1955 1748 potest

52 1766 326 1815 hominum
366 1766 622 1816 stabiliter
662 1766 1083 1816 cohabitantium
1125 1765 1412 1816 multitudo
1455 1766 1636 1832 quoad
1677 1782 1954 1814 numerum

52 1855 105 1898 et
154 1849 476 1899 territorium
518 1849 891 1912 determinata;
948 1858 1000 1898 et
1040 1850 1083 1899 si
1125 1863 1171 1899 2.
1215 1849 1265 1898 in
1319 1849 1418 1898 hac
1460 1847 1796 1897 multitudine
1837 1848 1955 1897 oriri

51 1939 230 1997 potest
281 1930 540 1998 obligatio
592 1930 747 1981 alicui
799 1932 1182 1982 determinatae
1234 1948 1494 1997 personae
1545 1932 1597 1980 in
1650 1930 1834 1980 ordine
1887 1930 1953 1979 ad

51 2013 253 2063 bonum
283 2031 567 2063 commune
595 2015 831 2079 parendi.
888 2014 1058 2079 qum·
1084 2023 1366 2080 utrumque
1396 2014 1615 2064 obtinet.
1672 2014 1826 2078 Ergo
1860 2056 1865 2062 .
1902 2056 1907 2061 .
1946 2056 1952 2062 .

124 2102 281 2153 Proh.
326 2103 454 2153 mai.
537 2101 714 2168 Quam
772 2103 1000 2168 primum
1055 2104 1195 2152 enim
1247 2102 1507 2152 habemus
1559 2101 1953 2151 multitudinem

51 2184 307 2234 stabiliter
359 2184 641 2235 collectam
693 2185 791 2234 sub
845 2186 1115 2235 communi
1166 2184 1345 2251 aliquo
1394 2186 1595 2251 capite,
1655 2184 1737 2234 cui
1778 2183 1863 2234 illa
1903 2184 1953 2233 in

51 2267 236 2317 ordine
287 2267 355 2316 ad
405 2267 607 2317 bonum
657 2284 940 2317 commune
992 2268 1184 2328 subsit,
1241 2269 1367 2334 quin
1419 2267 1578 2317 alium
1630 2267 1954 2333 superiorem

51 2358 418 2415 recognoscat,
463 2350 724 2399 habemus
765 2349 1027 2400 elementa
1068 2350 1363 2399 essentialia
1405 2350 1640 2399 civitatis.

122 2438 279 2488 Proh.
325 2439 449 2489 min.
520 2438 612 2488 Ad
663 2453 702 2489 Ι.
761 2439 905 2489 Talis
948 2438 1234 2489 multitudo
1276 2439 1459 2489 haberi
1500 2447 1693 2505 potest,
1739 2439 1954 2505 quando

50 2520 139 2570 filii
180 2528 233 2571 et
273 2530 499 2587 nepotes
539 2522 607 2571 ab
649 2522 843 2571 eodem
884 2531 1103 2587 parente
1143 2523 1410 2587 progeniti
1437 2522 1734 2571 successive
1763 2522 1957 2571 domos

51 2619 173 2652 suas
230 2603 379 2653 iuxta
437 2604 661 2653 domum
720 2612 994 2670 paternam
1051 2605 1203 2669 quasi
1258 2604 1494 2654 eiusdem
1557 2603 1793 2654 colonias
1852 2603 1953 2654 col-

52 2683 254 2746 locant,
309 2686 380 2735 ita
428 2693 487 2735 ut
536 2687 835 2751 patriarcha
875 2686 1051 2736 adhuc
1091 2687 1374 2752 superstite
1426 2686 1632 2752 integer
1681 2687 1828 2736 vicus
1868 2686 1954 2736 ha-

51 2766 262 2829 beatur;
306 2767 359 2816 id
388 2769 535 2833 quod
565 2777 707 2819 certe
748 2769 928 2835 primis
961 2769 1292 2835 temporibus
1321 2769 1391 2819 ob
1434 2768 1651 2834 longam
1679 2768 1953 2818 hominum

51 2857 277 2899 aetatem
322 2849 473 2900 facile
503 2850 612 2900 fieri
653 2851 840 2917 potuit.
898 2851 959 2900 Id
1000 2851 1113 2917 ipse
1142 2850 1352 2901 §nares
1379 2851 1628 2901 concedit
1658 2852 1762 2916 (De
1791 2868 1954 2917 opere

51 2947 148 2980 sex
187 2932 390 2982 dierum
432 2931 462 2983 l.
511 2943 564 2996 5,
609 2950 652 2983 c,
699 2945 744 2997 7,
790 2951 837 2982 n.
884 2934 964 2996 3):
1027 2932 1112 2984 «Si
1152 2950 1325 2999 pagus
1365 2933 1536 2982 solum
1579 2941 1816 2983 sumatur
1855 2950 1952 2999 pro

51 3028 240 3063 acervo
283 3015 594 3076 domorum,
651 3024 707 3064 ut
747 3016 821 3065 sic
863 3015 1063 3076 dicam,
1118 3015 1203 3065 ille
1243 3016 1494 3066 namrali
1529 3016 1838 3066 necessisate
1877 3033 1952 3065 se-

51 3094 226 3160 quitur
265 3113 334 3146 ex
374 3096 813 3163 multiplicatione
856 3097 1098 3159 filiorum,
1142 3107 1400 3164 nepotum
1442 3107 1575 3149 etc.»

119 3176 213 3227 Ad
263 3192 309 3228 2.
390 3178 448 3228 In
501 3178 601 3229 hac
654 3179 991 3230 multitudine
1044 3189 1186 3230 certe
1239 3181 1565 3230 necessarius
1617 3189 1695 3230 est
1746 3179 1949 3245 aliquiS,

49 3259 136 3324 qui
175 3259 361 3310 iudicis
388 3278 607 3311 munere
635 3261 900 3328 fungatur,
945 3263 1035 3329 qui
1062 3263 1321 3324 ordinem,
1363 3263 1717 3324 securitatem,
1760 3279 1949 3328 pacem

50 3350 313 3405 procuret,
356 3343 447 3409 qui
486 3344 681 3410 praesit
709 3344 1004 3395 defensioni
1032 3354 1218 3396 contra
1258 3345 1442 3395 hostes
1471 3355 1592 3406 etc.,
1636 3355 1689 3396 et
1730 3345 1948 3411 quidem
