2182 3682
265 182 417 211 CAPUT
451 183 499 212 ΙΙ.
549 183 611 210 DE
644 182 841 211 ACTIBUS
877 182 1096 211 HUMANIS
1133 182 1330 211 PHYSICE
1365 184 1719 214 CONSIDERATIS.
1863 182 1930 235 45

42 318 93 367 in
133 317 375 367 subiecto
417 317 615 382 capaci,
658 335 705 366 v.
750 333 800 381 g.
843 316 1141 381 ignorantia
1168 315 1544 382 Philosophiae
1584 319 1634 368 in
1675 318 1933 384 agricola3

31 399 320 463 privativa
362 398 550 448 eadem
593 398 798 458 dicitur,
841 398 883 447 si
923 398 1135 463 respicit
1174 399 1448 447 scientiam
1489 399 1750 461 debitam3
1795 400 1936 465 posi-

41 480 155 529 tiva
196 487 278 530 est
317 480 567 530 iudicium
609 479 797 529 falsum
839 496 932 528 seu
974 496 1118 528 error
1156 479 1361 529 veritati
1402 481 1720 542 contrarius;

127 575 173 612 2.
216 562 268 611 in
308 561 658 627 ignorantiam
703 561 841 610 iuris
881 568 933 610 et
959 561 1126 624 facti,
1168 570 1326 626 prout
1353 570 1591 611 versatur
1631 563 1767 612 circa
1808 561 1940 628 legis

43 643 128 692 vel
169 642 295 693 facti
335 642 662 709 particularis
703 643 1089 705 exsistentiam3

117 737 163 787 3.
207 726 258 774 in
299 724 600 775 vincibilem
653 733 706 774 et
747 724 1136 785 invincibilem,
1190 733 1350 790 prout
1390 725 1627 774 adhibita
1669 725 1941 790 diligentia

42 805 242 872 deponi
282 815 460 873 potest
501 806 584 856 vel
624 823 795 856 secus.
876 806 1194 856 Invincibilis
1235 814 1316 857 est
1354 805 1439 856 vel
1471 807 1692 872 physice
1730 808 1940 857 invinci-

40 887 174 949 bilis,
217 888 258 938 si
299 888 444 938 nullo
486 889 652 938 modo
693 889 831 938 vinci
872 897 1077 954 potest;
1131 887 1213 938 vel
1258 888 1577 949 moraliter,
1620 889 1663 938 si
1703 888 1941 938 adhibita

41 969 227 1020 morali
269 969 556 1036 diligentia,
600 988 762 1037 quam
802 969 893 1020 scl.
924 971 1017 1019 viri
1044 971 1334 1036 prudentes
1365 971 1415 1020 in
1444 970 1596 1020 simili
1625 971 1941 1020 condicione

39 1052 294 1102 adhibere
333 1052 522 1113 solent,
565 1053 700 1103 vinci
741 1059 988 1118 nequeat.

113 1135 417 1200 Ignorantia
455 1135 726 1185 vineibilis
768 1144 847 1184 est
874 1134 957 1184 vel
985 1134 1271 1200 culpabilis
1298 1135 1381 1185 vel
1423 1135 1798 1200 inmaspabihk:
1840 1134 1942 1185 cul-

40 1216 229 1283 pabilis
269 1225 364 1278 est,
409 1217 626 1283 quando
668 1218 820 1267 adest
849 1216 1108 1283 obligatio
1138 1234 1254 1266 eam
1285 1217 1593 1283 deponendi
1623 1234 1720 1266 nec
1762 1225 1942 1266 tamen

40 1298 348 1365 deponitur3
404 1317 558 1349 secus
609 1308 690 1349 est
742 1298 1091 1365 inculpabilis.
1176 1298 1372 1364 Quoad
1428 1299 1670 1363 effeetus,
1733 1299 1821 1364 qui
1875 1316 1943 1348 ex

41 1381 338 1447 ignorantia
377 1390 697 1447 sequuntur,
753 1398 807 1430 re
858 1399 963 1431 non
1007 1382 1403 1446 distinguuntur
1453 1382 1750 1447 ignorantia
1789 1381 1942 1431 vinci-

42 1462 160 1513 bilis
187 1471 240 1512 et
268 1462 560 1529 culpabilis.
619 1464 757 1512 Nam
799 1464 850 1512 in
880 1472 1085 1513 tantum
1114 1464 1268 1513 nobis
1296 1464 1519 1513 effectus
1548 1481 1617 1513 ex
1644 1463 1944 1528 ignorantia

39 1545 412 1611 provenientes
458 1546 705 1610 imputari
759 1555 1005 1611 possunt,
1065 1546 1114 1594 in
1157 1554 1418 1611 quantum
1474 1546 1663 1595 eadem
1719 1553 1798 1595 est
1839 1544 1941 1594 cul-

41 1626 247 1693 pabilis.

116 1708 423 1774 Ignorantia
474 1707 751 1774 culpabilis
799 1717 980 1775 potest
1033 1726 1148 1759 esse
1199 1709 1283 1758 vel
1325 1709 1519 1758 leviter
1569 1707 1651 1758 vel
1687 1710 1944 1774 grcwitel·

44 1789 343 1855 culpabilis.
413 1790 719 1856 Ignorantia
741 1791 1003 1856 graviter
1030 1791 1317 1857 culpabilis
1343 1791 1538 1857 triplex
1580 1792 1940 1856 distinguitur:

42 1871 92 1935 a)
132 1872 456 1937 simpliciter
504 1872 653 1934 talis,
709 1872 751 1922 si
802 1873 853 1922 in
896 1890 957 1923 ea
1009 1872 1331 1939 depellenda
1383 1874 1556 1939 gravis
1605 1873 1945 1939 neglegentia

42 1954 273 2004 admissa
313 1953 431 2017 fuit3
476 1955 669 2020 quodsi
697 1955 830 2005 haec
858 1955 1200 2021 neglegentia
1230 1955 1383 2005 fuerit
1412 1956 1642 2005 enormis
1669 1973 1760 2005 seu
1788 1955 1945 2006 valde

43 2036 234 2102 turpis,
290 2036 516 2086 habetur
568 2038 623 2100 b)
675 2037 975 2102 ignorantia
1028 2055 1217 2087 crassa
1272 2037 1355 2087 vel
1408 2038 1616 2103 supina.
1697 2039 1945 2104 Denique

44 2118 92 2182 c)
133 2119 431 2184 ignorantia
470 2119 730 2183 affectata
772 2136 833 2169 ea
874 2129 969 2181 est,
1014 2136 1175 2186 quam
1205 2121 1320 2186 quis
1348 2138 1416 2169 ex
1456 2120 1713 2170 industria
1742 2121 1945 2186 quaerit

45 2199 129 2249 vel
170 2209 467 2252 conservat.

117 2282 423 2347 Ignorantia
479 2283 727 2333 affectata
779 2293 859 2333 est
899 2283 1197 2333 voluntaria
1248 2284 1297 2333 in
1340 2301 1422 2345 se,
1482 2285 1780 2350 ignorantia
1819 2302 1945 2334 vero

45 2364 355 2431 simpliciter
404 2364 522 2415 talis
562 2374 615 2415 et
656 2383 830 2416 crassa
871 2375 951 2416 est
991 2366 1286 2416 voluntaria
1328 2366 1378 2415 in
1420 2384 1578 2416 causa
1620 2367 1943 2430 (indirecte);

119 2460 167 2509 4.
211 2446 414 2496 ratione
469 2448 648 2513 Operis
702 2466 815 2498 enm
871 2449 1188 2513 Ignorantia
1228 2448 1404 2513 positi
1454 2448 1505 2497 in
1562 2449 1945 2498 antecedentem

44 2536 97 2577 et
137 2529 587 2580 concmnitantem.
655 2529 1007 2580 Antecedens
1048 2530 1250 2591 dicitur,
1295 2531 1512 2596 quando
1547 2531 1819 2596 praecedit
1861 2531 1946 2580 de-

44 2611 473 2661 terminationem
524 2611 811 2662 voluntatis
863 2621 916 2662 et
957 2621 1037 2662 est
1092 2612 1283 2662 efficax
1325 2613 1483 2673 ratiO,
1543 2629 1636 2662 cur
1674 2613 1814 2662 actio
1856 2630 1947 2679 po-

44 2700 221 2743 natur:
265 2702 323 2743 ut
363 2694 405 2744 si
447 2695 562 2760 quis
601 2694 788 2744 volens
817 2695 1065 2745 occidere
1107 2694 1268 2744 feram
1299 2695 1569 2744 occideret
1597 2695 1844 2745 amicum.
1876 2726 1947 2729 ——

51 2772 425 2826 Conemnitans
465 2785 571 2838 est,
632 2793 768 2843 quae
820 2778 1087 2827 actionem
1135 2777 1355 2843 quidem
1396 2777 1703 2838 comitatur,
1759 2777 1854 2826 sed
1896 2777 1947 2825 in

46 2874 165 2906 eam
206 2858 290 2907 hic
331 2865 385 2908 et
426 2875 565 2908 nunc
617 2876 725 2908 non
777 2858 974 2908 influit:
1028 2866 1085 2908 ut
1125 2859 1167 2908 si
1208 2860 1324 2924 quis
1365 2859 1710 2908 manducaret
1765 2876 1947 2908 carnes

46 2939 286 2989 nesciens
327 2956 442 2990 esse
471 2940 653 2991 feriam
681 2940 826 3002 Vlam,
868 2942 941 2991 ita
967 2947 1147 2990 tamen
1187 2941 1493 3006 dispositUS‚
1537 2948 1607 3001 ut,
1651 2941 1746 2990 etsi
1775 2940 1944 3002 sciret,

46 3037 156 3070 non
195 3021 485 3072 abstineret
527 3039 557 3073 a
598 3023 863 3086 carnibus;

126 3113 168 3167 5.
229 3103 493 3153 interdum
547 3106 845 3169 ignorantia
885 3106 1136 3155 dividitur
1180 3105 1231 3154 in
1285 3103 1673 3154 antecedentem
1730 3111 1782 3153 et
1837 3121 1947 3153 eon-

46 3193 370 3249 sequentem,
413 3203 519 3236 non
561 3195 807 3253 respectu
850 3187 1051 3254 operis,
1106 3187 1199 3237 sed
1242 3194 1485 3252 respectu
1526 3185 1817 3235 voluntatis
1856 3202 1947 3234 seu

47 3265 270 3317 subiecti
310 3269 595 3334 operantis
675 3267 786 3319 Sed
837 3269 943 3319 hoc
981 3286 1140 3318 sensu
1181 3268 1505 3318 antecedens
1545 3267 1612 3316 ab
1664 3266 1949 3317 invincibili

51 3355 104 3396 et
144 3364 480 3415 consequens
520 3367 550 3400 a
590 3349 820 3401 vincibili
861 3350 945 3401 vel
987 3349 1282 3400 voluntaria
1323 3365 1431 3398 non
1473 3349 1662 3398 differt.
