2182 3682
511 173 596 201 LIB.
632 172 678 201 11.
727 172 825 200 CAP.
861 171 926 201 111.
972 172 1034 199 DE
1069 172 1328 201 SOCIETATE
1363 173 1518 202 CIVILI.
1842 173 1940 227 451

129 306 285 356 Proh.
348 314 510 356 antec.
606 305 817 354 Plurimi
875 305 1143 355 societatis
1205 306 1421 355 interest
1479 306 1550 355 ob
1613 309 1948 358 securitatem

57 387 350 454 publicam,
404 395 462 437 ut
500 388 577 436 ius
616 387 848 452 supremi
888 386 1195 452 imperantis
1234 388 1301 436 sit
1340 387 1482 452 apud
1524 405 1709 438 omnes
1749 389 1949 439 indubi-

55 477 239 519 tatum.
320 468 491 534 Atqui
541 468 673 518 haec
724 469 976 518 securitas
1030 467 1462 529 labefactaretur,
1521 470 1563 518 si
1615 470 1773 519 etiam
1827 480 1952 536 post

54 550 275 617 longum
334 559 572 616 tempus,
635 551 716 601 cui
774 550 948 600 variae
1007 551 1327 599 mutationes
1387 551 1749 615 dynastiarum
1807 569 1952 617 prae-

53 633 318 693 cesserint,
363 632 539 682 adhuc
581 633 648 682 de
696 633 804 682 iure
845 632 1121 697 dynastiae
1162 632 1429 697 regnantis
1471 632 1716 682 dubitare
1756 632 1949 684 liceret.

55 715 115 764 Id
169 713 320 764 facile
371 732 554 764 ansam
604 715 885 780 praeberet
939 713 1243 764 hominibus
1294 714 1612 775 ambitiosis,
1671 724 1953 780 praetextu

56 795 270 845 alicuius
320 795 454 845 tituli
494 795 804 862 antiquioris
854 796 932 845 ius
973 796 1041 845 ad
1081 813 1382 861 supremam
1436 805 1758 862 potestatem
1811 815 1954 863 prae-

55 877 324 927 tendendi.
382 875 468 927 Sic
496 896 541 927 v.
575 895 623 943 g.
655 879 705 927 in
735 877 953 943 Europa
981 895 1050 927 ex
1083 886 1325 944 tempore
1354 877 1695 928 revolutionis
1735 878 1955 943 gallicae

55 959 311 1025 plurimae
344 960 664 1009 mutationes
705 959 953 1025 politicae
981 976 1142 1025 saepe
1184 960 1340 1026 plane
1368 961 1591 1010 iniustae
1620 960 1790 1010 factae
1817 970 1951 1012 sunt.

55 1041 168 1091 Iam
208 1042 361 1107 quid,
415 1042 458 1091 si
499 1041 768 1108 quaelibet
820 1041 1013 1091 familia
1054 1042 1244 1092 iniuste
1283 1042 1510 1108 spoliata
1556 1051 1740 1108 posset
1780 1043 1956 1093 adhuc

57 1124 218 1174 hodie
259 1123 394 1174 clam
435 1123 519 1172 vel
560 1133 742 1190 aperte
783 1124 980 1173 ordinis
1020 1125 1247 1190 vigentis
1288 1126 1639 1174 mutationem
1680 1125 1877 1175 moliri?

60 1255 133 1306 51
155 1268 205 1306 1·
284 1265 366 1311 Ad
403 1265 616 1312 rationes
653 1264 924 1311 contrarias
960 1265 1320 1326 respondemus
1356 1266 1540 1312 bonam
1577 1265 1726 1312 fidem
1774 1265 1959 1326 requiri

58 1339 258 1400 quidem
297 1340 359 1386 ad
391 1339 832 1401 praescriptionem
870 1355 1015 1387 sensu
1052 1339 1232 1397 stricto,
1271 1340 1359 1386 sed
1396 1356 1497 1386 non
1535 1341 1597 1386 ad
1634 1340 1766 1387 illam
1806 1340 1960 1401 quasi-

58 1413 499 1475 praescriptionem
546 1413 660 1460 iuris
707 1414 918 1475 publici,
969 1429 1118 1474 quam
1164 1415 1213 1460 in
1262 1414 1385 1461 thesi
1433 1415 1757 1462 defendimus.
1830 1415 1958 1461 Nam

57 1497 272 1549 potestas
308 1488 508 1550 politica
546 1488 800 1534 ordinatur
847 1489 895 1534 in
947 1489 1134 1535 bonum
1184 1504 1474 1547 commune,
1529 1490 1665 1550 quod
1711 1489 1959 1536 interdum

56 1578 158 1610 non
207 1564 432 1610 obstante
479 1564 608 1609 mala
654 1563 751 1610 fide
796 1563 1166 1610 translationem
1216 1563 1468 1624 potestatis
1519 1565 1568 1610 in
1619 1573 1960 1626 usurpatorem

58 1637 254 1699 exigere
305 1646 494 1699 potest,
549 1653 713 1698 neque
762 1637 1023 1698 requiritur
1073 1647 1264 1699 tempus
1319 1638 1721 1700 praescriptionis
1780 1640 1961 1686 mathe-

58 1712 237 1759 matice
286 1712 554 1759 definitum.
631 1713 840 1770 Sufficit,
890 1720 940 1758 ut
990 1712 1258 1772 aliquando
1295 1712 1500 1759 iudicari
1538 1713 1718 1760 debeat
1760 1714 1960 1760 circum-

58 1786 257 1834 stantias
295 1801 440 1848 supra
475 1787 630 1833 dictas
669 1787 731 1834 ad
768 1787 1368 1848 quasi-praescriptionem
1404 1787 1708 1835 necessarias
1741 1789 1803 1836 de
1830 1789 1960 1835 facto

58 1862 248 1908 adesse.

135 1951 314 1989 Dices:
349 1944 407 1989 In
444 1942 683 1989 sententia
711 1943 954 2005 explicata
983 1943 1107 1990 ratio
1133 1943 1336 2004 propria
1361 1944 1661 1991 transferens
1688 1944 1961 1991 dominium

58 2032 161 2064 non
199 2025 271 2064 est
307 2018 410 2064 sola
446 2017 672 2063 diuturna
708 2017 979 2078 possessio,
1030 2018 1118 2064 sed
1153 2019 1313 2079 potius
1362 2018 1628 2066 necessitas
1664 2019 1785 2066 boni
1833 2035 1963 2066 com-

59 2091 232 2138 munis.
304 2092 442 2152 Ergo
476 2107 579 2138 non
616 2091 754 2138 adest
789 2107 905 2139 vera
940 2093 1278 2154 praescriptio.

138 2197 289 2245 Resp.
363 2187 496 2234 Com.
536 2193 693 2234 tetum.
766 2189 1033 2249 Propterea
1070 2188 1215 2235 etiam
1255 2188 1461 2236 dicimus
1497 2189 1669 2236 haberi
1705 2190 1754 2235 in
1792 2199 1960 2237 nostro

60 2277 175 2309 casu
213 2261 351 2323 quasi
385 2261 829 2323 praescriptionem
866 2278 952 2310 seu
977 2263 1231 2324 quoddam
1268 2265 1515 2324 analogon
1546 2263 1960 2325 praescriptionis,

59 2338 148 2383 Est
183 2336 316 2383 enim
351 2352 441 2398 per
477 2352 528 2383 se
565 2337 739 2384 modus
777 2337 979 2398 quidam
1023 2338 1337 2399 acquirendi,
1389 2339 1472 2399 qui
1509 2355 1535 2385 a
1572 2338 1962 2400 praescriptione

60 2410 247 2470 differt,
285 2420 488 2473 propter
524 2412 774 2458 defectum
810 2421 977 2459 tamen
1014 2412 1134 2459 alius
1170 2414 1306 2460 vocis
1342 2413 1439 2459 hoc
1475 2414 1676 2460 nomine
1715 2413 1963 2475 designari

59 2494 234 2547 potest,
274 2485 388 2546 quia
425 2486 674 2547 quandam
712 2486 1081 2535 similitudinem
1117 2503 1227 2534 cum
1264 2488 1655 2550 praescriptione
1693 2489 1855 2536 habet.

357 2636 384 2691 ξ
419 2650 456 2690 3.
507 2641 585 2679 DE
618 2640 973 2680 POTESTATIS
1007 2641 1318 2680 POLITICAE
1342 2641 1675 2682 AMISSIONE.

487 2734 704 2789 (Zzgliara,
740 2737 1014 2789 Philosophia
1047 2752 1148 2778 mor.
1185 2735 1332 2790 [1880]
1367 2752 1406 2777 n.
1444 2736 1536 2790 55).

64 2837 209 2891 612.
290 2839 502 2890 Praeter
529 2849 757 2890 mortem
786 2841 979 2891 modus
1008 2842 1334 2891 amittendae
1361 2858 1642 2908 supremae
1681 2842 1962 2907 potestatis

60 2919 326 2986 legitimus
380 2930 460 2971 est
515 2922 798 2972 abdicatio.
890 2921 1024 2972 Cum
1080 2924 1220 2973 enim
1276 2923 1570 2989 generatim
1624 2923 1963 2988 magistratus

60 3019 279 3053 munere
319 3020 376 3053 se
409 3003 657 3054 abdicare
697 3005 918 3070 possint,
962 3004 1079 3054 talis
1120 3004 1340 3055 facultas
1380 3005 1602 3071 principi
1643 3004 1963 3070 deneganda

61 3101 170 3134 non
221 3094 327 3146 est,
381 3102 502 3135 cum
551 3084 809 3151 speciales
861 3086 1091 3136 rationes
1142 3087 1211 3137 ad
1265 3087 1319 3136 id
1371 3086 1542 3136 afferri
1592 3095 1860 3151 nequeant
1910 3095 1963 3136 et

62 3166 372 3233 exemplum
413 3168 738 3233 optimorum
779 3168 1076 3233 principum
1105 3167 1415 3232 (Coelestini
1443 3168 1510 3228 V,
1555 3165 1730 3216 Caroli
1758 3167 1809 3217 V
1837 3168 1962 3231 etc.)

62 3264 180 3297 eam
230 3257 516 3315 supponat.
596 3249 791 3315 Inquiri
842 3249 928 3298 hic
967 3248 1132 3310 solet,
1187 3267 1314 3300 num
1364 3249 1612 3315 princeps
1652 3248 1813 3298 etiam
1862 3266 1960 3315 pro

62 3328 180 3379 filiis
228 3330 335 3380 suis
385 3330 663 3397 imperium
708 3330 957 3381 abdicare
1009 3332 1192 3397 possit.
1274 3329 1440 3396 Quod
1479 3329 1853 3381 affirmandum
1893 3332 1962 3381 vi-

1605 3417 1704 3467 29²³
