2182 3682
470 199 557 229 LIB.
593 199 620 228 Ι.
670 199 769 227 CAI'.
805 199 864 228 IV.
913 199 973 226 DE
1008 198 1119 227 IURE
1156 198 1503 228 l‘ROI'RIETA'l'IS.
1829 189 1932 252 267

45 348 230 384 causas
269 332 477 382 ultimas
518 334 756 398 pervenit
796 333 863 382 ad
906 332 1266 396 cognitionem
1309 348 1498 381 causae
1539 334 1764 398 primae,
1819 335 1847 382 i.
1893 351 1936 383 e.

43 415 145 464 Dei
185 415 449 474 creatoris,
492 414 694 475 infiniti,
737 413 1092 474 immutabilis,
1138 414 1228 479 qui
1256 421 1336 462 est
1372 411 1583 462 ultimus
1625 414 1739 463 finis
1768 432 1940 464 rerum

45 496 298 556 omnium,
342 504 394 545 et
433 496 505 545 ita
544 496 643 545 sibi
685 495 878 544 format
917 496 1064 544 ideas
1105 494 1393 559 religiosaS‚
1437 494 1666 544 morales
1694 504 1793 545 etc.
1838 498 1925 545 uni

43 576 300 636 versales,
356 578 703 638 necessarias,
760 593 897 642 quae
938 594 1034 642 pro
1075 576 1323 625 omnibus
1364 575 1669 625 hominibus
1709 578 1942 626 omnium

43 667 346 724 temporum
374 668 427 708 et
466 658 706 708 locorum
735 657 925 708 valent.
983 657 1202 707 Falsum
1231 667 1311 707 est
1339 675 1468 723 ergo
1503 666 1674 707 totum
1704 659 1944 707 ordinem

41 740 280 789 idearum
321 740 599 790 ultimatim
627 741 779 789 unice
819 740 1055 805 pendere
1084 739 1151 788 ab
1193 739 1379 788 ordine
1408 740 1775 790 oeconomico.
1833 740 1944 789 Iam

44 822 159 887 quis
200 839 307 871 non
347 822 493 872 videt
533 821 627 871 has
668 822 813 871 ideas
855 821 1127 887 religiosas
1169 830 1220 870 et
1262 820 1489 870 morales
1523 822 1810 871 maximam
1839 823 1944 871 vim

43 903 239 952 habere
292 904 471 969 quoad
521 902 882 953 evolutionem
935 904 1144 968 generis
1197 902 1444 953 humani?
1517 904 1576 970 β)
1620 902 1947 954 Contradicit

42 984 304 1036 historiae.
364 983 452 1035 Sic
492 1003 539 1034 v.
572 1003 622 1050 g.
668 984 850 1050 religio
881 984 1163 1034 christiana
1204 985 1477 1034 renovavit
1519 985 1707 1034 faciem
1749 994 1942 1047 terrae;

43 1084 202 1116 nemo
243 1076 421 1117 autem
462 1068 558 1116 nisi
599 1084 723 1117 osor
762 1068 994 1116 veritatis
1036 1068 1173 1115 serio
1216 1084 1447 1116 asserere
1499 1075 1678 1132 potest
1719 1067 1946 1117 christia-

43 1149 271 1198 nismum
325 1166 441 1198 esse
497 1148 722 1198 fructum
777 1149 1106 1198 condicionis
1160 1149 1568 1209 oeconomicae‚
1627 1149 1797 1214 qualis
1855 1149 1950 1200 suit

43 1239 286 1296 tempore
327 1230 533 1280 Christi.
617 1229 782 1280 Simili
822 1231 988 1281 modo
1031 1231 1420 1291 liumanismus,
1468 1231 1770 1281 reformatio
1812 1248 1947 1297 quae

44 1323 262 1364 vocatur
303 1322 402 1363 etc.
448 1313 666 1362 maximi
707 1312 915 1362 fuerunt
956 1314 1213 1362 momenti
1255 1330 1352 1378 pro
1395 1313 1700 1363 evolutione
1742 1314 1950 1379 generis

47 1395 278 1445 humani.
350 1396 395 1462 γ)
439 1394 601 1459 Quod
643 1395 919 1461 speciatim
960 1395 1305 1444 assertionem
1347 1396 1548 1456 attinet,
1593 1394 1950 1445 evolutionem

46 1477 350 1527 historicam
390 1494 602 1542 semper
643 1477 752 1525 fieri
793 1494 888 1542 per
928 1494 1137 1542 pugnas
1178 1476 1448 1538 classium,
1494 1478 1679 1527 eadem
1724 1476 1947 1527 multum

45 1567 354 1625 exaggerat.
437 1559 636 1624 Negari
675 1576 782 1608 non
833 1566 1012 1624 potest
1053 1559 1210 1608 etiam
1259 1559 1520 1609 eiusmodi
1573 1577 1781 1626 pugnas
1822 1559 1947 1609 clas-

45 1642 180 1690 sium
220 1640 493 1690 influxisse
533 1642 584 1689 in
626 1640 983 1690 evolutionem
1028 1640 1368 1706 populorum,
1412 1642 1507 1690 sed
1549 1643 1601 1690 id
1641 1659 1854 1707 semper
1896 1650 1948 1691 et

47 1724 244 1789 ubique
286 1722 483 1772 factum
527 1740 642 1772 esse
683 1731 735 1772 et
777 1722 886 1772 fieri
928 1723 1125 1772 debere
1168 1722 1354 1772 falsum
1397 1733 1492 1783 est,
1537 1732 1594 1773 ut
1622 1741 1691 1772 ex
1731 1723 1948 1774 historia

48 1813 273 1855 constat.
349 1804 702 1870 Frequentius
744 1822 904 1870 quam
945 1822 1159 1871 pugnae
1201 1804 1446 1855 classium
1487 1806 1722 1855 eiusdem
1764 1806 1950 1872 populi

51 1904 263 1953 pugnae
314 1887 447 1936 inter
485 1887 654 1936 varias
706 1888 946 1937 nationes
987 1896 1040 1936 et
1092 1886 1374 1952 religiones
1415 1888 1656 1937 ordinem
1697 1887 1948 1938 socialem

52 1968 283 2019 funditus
311 1977 660 2019 mutaverunt.
718 1969 777 2018 In
819 1978 932 2018 tota
972 1969 1190 2018 historia
1231 1969 1554 2035 populorum
1582 1969 1763 2031 Asiae,
1807 1988 1950 2036 prae-

50 2052 230 2100 sertim
271 2052 638 2117 antiquorum,
694 2052 782 2100 vix
823 2068 1075 2117 umquam
1127 2051 1184 2101 fit
1226 2053 1426 2101 mentio
1469 2052 1686 2102 alicuius
1738 2069 1951 2118 pugnae

51 2134 185 2183 inter
224 2133 420 2184 classes
461 2133 698 2182 eiusdem
742 2133 938 2199 populi.

57 2291 202 2355 338.
283 2293 338 2358 b)
381 2293 500 2343 Hac
541 2294 745 2343 theoria
773 2294 1022 2344 historica
1051 2295 1203 2344 simul
1235 2312 1355 2344 cum
1398 2295 1602 2345 theoria
1629 2295 1820 2345 valoris
1852 2296 1955 2344 iam

54 2382 274 2425 utuntur
331 2375 568 2425 Marxius
630 2376 848 2441 eiusque
912 2376 1157 2442 discipuli
1220 2377 1288 2426 ad
1353 2378 1830 2427 demonstrandum
1889 2395 1957 2427 ex

55 2457 239 2506 ordine
280 2457 538 2507 hodierno
569 2458 915 2523 capitalistico
944 2459 1240 2508 necessario
1282 2459 1534 2525 paulatim
1563 2460 1957 2525 progerminare

57 2547 110 2588 et
149 2539 325 2589 enasci
367 2539 608 2589 ordinem
649 2539 918 2600 socialem,
965 2557 1128 2606 quem
1171 2542 1388 2607 cupiunt
1428 2541 1742 2592 socialistae.
1817 2541 1958 2591 Tota

57 2618 289 2670 evolutio
332 2622 682 2671 oeconomica
734 2621 1025 2671 hodiernae
1065 2623 1336 2673 societatis
1390 2624 1560 2672 tendit
1600 2624 1649 2672 in
1703 2624 1957 2673 maiorem

57 2719 268 2767 semper
309 2703 791 2754 centralisationem
843 2705 1238 2770 productionis,
1283 2722 1386 2760 ‚seu
1428 2706 1713 2770 productio
1755 2706 1806 2754 in
1848 2706 1960 2755 dies

58 2785 228 2849 magis
269 2785 545 2850 magisque
587 2785 646 2835 fit
685 2785 1028 2847 socialistica‚
1082 2787 1111 2836 i.
1157 2804 1200 2836 e.
1244 2804 1456 2853 semper
1502 2787 1678 2853 plures
1719 2788 1960 2837 ordinate

59 2866 128 2915 ad
169 2866 396 2916 eandem
444 2867 856 2932 productionem
898 2885 1210 2918 concurrere
1252 2869 1466 2919 debent.
1549 2869 1781 2919 Minores
1822 2870 1961 2918 enim

61 2947 291 2997 fabricae
332 2957 386 2998 et
427 2949 629 2998 minora
669 2950 888 3015 negotia
926 2951 978 2999 in
1020 2967 1282 3000 concursu
1321 2968 1438 3000 cum
1483 2951 1780 3012 maioribus,
1825 2968 1963 3016 quae

62 3028 379 3095 plerumque
445 3030 750 3080 melioribus
817 3032 1225 3082 condicionibus
1289 3033 1357 3096 (v.
1421 3050 1470 3098 g.
1539 3032 1846 3082 melioribus
1912 3041 1964 3082 et

63 3111 350 3161 maioribus
398 3112 680 3173 machinis,
737 3114 934 3163 maiore
974 3113 1024 3162 vi
1076 3114 1333 3179 pecuniae
1374 3115 1498 3178 etc.)
1541 3115 1804 3180 gaudent,
1858 3115 1962 3164 vin-

65 3200 269 3254 cuntur,
312 3194 385 3244 ita
423 3202 481 3244 ut
520 3195 776 3259 paulatim
817 3196 1120 3261 dispareant
1161 3204 1213 3244 et
1253 3195 1408 3245 simul
1454 3213 1575 3245 cum
1616 3197 1741 3261 ipsis
1770 3195 1965 3246 classes

65 3274 244 3340 populi
275 3275 496 3326 mediae.
554 3274 695 3340 Quia
722 3278 859 3326 enim
891 3278 1034 3326 bona
1063 3277 1378 3342 productiva
1403 3284 1524 3326 sunt
1548 3278 1599 3326 in
1628 3278 1964 3342 possessione

68 3356 294 3421 privata,
348 3356 501 3406 simul
549 3374 671 3407 cum
726 3358 825 3408 hac
868 3358 1293 3408 centralisatione
1347 3358 1712 3423 productionis
1754 3358 1964 3409 divitiae
