2182 3682
236 178 322 208 LIB.
357 178 384 207 Ῑ.
430 178 530 207 CAP.
566 177 631 206 111.
679 176 740 205 DE
772 176 970 206 OFFICIIS
1005 175 1233 204 HOMINUM
1270 176 1447 204 MUTUIS
1483 176 1624 204 INTER
1660 176 1722 205 SE.
1813 175 1913 228 253

112 322 213 363 Obi.
243 333 285 371 3-
355 314 536 360 Saltem
583 312 633 358 in
683 321 806 360 statu
842 312 1049 358 naturali
1097 326 1181 358 seu
1218 320 1353 358 extra
1390 313 1584 359 civilem
1620 313 1920 369 societatem,

31 389 113 437 ubi
149 390 374 435 homines
411 395 572 434 essent
609 387 680 433 sui
716 385 859 441 iuris,
913 394 1115 447 possent
1152 386 1365 432 duellum
1403 385 1541 433 inire.
1612 387 1741 432 Nam
1777 386 1827 432 in
1864 401 1924 433 eo

33 471 155 512 statu
191 470 354 510 essent
389 460 747 522 aequiparandi
784 459 1104 521 principibus.

110 553 260 601 Resp.
316 541 457 602 Nego
516 547 678 589 asseri.
765 542 895 587 Dist.
951 547 1044 587 rat.
1100 542 1276 588 adda..-
1334 542 1512 588 Essent
1572 541 1929 602 aequiparandi

32 617 335 681 principibus
370 618 468 663 hoc
504 631 663 674 senSU,
703 616 839 677 quod
875 615 1128 662 nerninem
1153 616 1396 662 haberent
1431 614 1751 676 superiorem,
1790 630 1923 670 cem„

36 708 96 741 eo
132 708 291 750 sensu,
333 691 468 752 quod
505 707 621 737 cura
657 689 779 737 boni
816 691 1091 737 communis
1127 690 1242 750 ipsis
1269 698 1397 737 esset
1423 689 1684 736 commissa
1722 698 1769 735 et
1806 689 1928 735 frue-

31 776 198 815 rentur
234 765 570 813 iurisdictione
618 765 669 811 in
713 764 860 822 alios,
911 779 1036 824 nego.
1111 764 1246 811 Hinc
1294 772 1497 826 possent
1545 763 1745 824 quidem
1783 762 1829 808 in
1871 778 1930 809 eo

35 850 158 889 statu
194 856 244 888 se
282 840 553 888 defendere
591 847 766 886 contra
802 839 922 886 alios
959 840 1036 886 vel
1075 838 1237 897 etiam,
1277 840 1315 885 si
1352 838 1471 886 laesi
1508 845 1685 894 essent,
1725 836 1932 884 iustitiae

37 918 198 964 laesae
235 915 601 978 reparationem
649 923 968 975 extorquere,
1021 914 1108 960 sed
1155 929 1472 974 nequaquam
1527 912 1744 959 duellum
1794 911 1933 958 inire.

37 992 266 1039 Duellum
306 991 438 1037 enim
475 990 525 1036 in
562 1004 709 1036 causa
745 988 935 1050 privata
972 989 1235 1035 intrinsece
1273 987 1494 1034 illicitum
1534 996 1619 1034 est.

778 1121 1106 1161 ARTICULUS
1139 1121 1189 1160 V.

36 1212 127 1258 DE
166 1212 448 1259 OFFICHS
486 1212 748 1259 MUTUIS
787 1211 996 1258 CIRCA
1041 1211 1487 1257 LIBERTATEM
1533 1209 1936 1256 EXTERNAM.

509 1319 536 1374 ξ
576 1333 609 1361 Ι.
658 1321 738 1360 DE
772 1321 1102 1360 LIBERTATE
1136 1320 1470 1360 UNIVERSIM.

111 1419 294 1468 Homo
346 1416 651 1467 naturaliter
698 1416 864 1467 libero
917 1417 1132 1466 arbitrio
1185 1417 1471 1465 instructus
1523 1423 1602 1464 est
1642 1430 1815 1479 eoque
1867 1430 1943 1462 se-

38 1501 270 1551 cundum
314 1500 412 1549 Dei
454 1499 787 1549 voluntatem
839 1500 912 1548 uti
960 1499 1138 1548 debet.
1219 1498 1349 1547 Ideo
1403 1498 1449 1546 ei
1489 1496 1666 1562 aliqua
1717 1495 1943 1561 sphaera

37 1583 191 1632 huius
231 1582 485 1632 libertatis
538 1583 695 1631 etiam
737 1582 787 1630 in
829 1581 1126 1631 actionibus
1176 1580 1408 1629 externis
1450 1578 1782 1628 exercendae
1833 1578 1942 1626 iure

39 1673 312 1730 competat
370 1681 587 1714 necesse
643 1672 737 1714 est.
799 1694 871 1698 —
929 1663 1015 1712 Ex
1070 1662 1234 1712 altera
1288 1670 1438 1728 parte
1498 1678 1667 1726 aeque
1723 1659 1940 1709 evidens

40 1756 120 1797 est
160 1747 297 1797 hanc
339 1745 635 1796 libertatem
688 1746 796 1795 sive
838 1747 1096 1795 internam
1149 1746 1257 1794 sive
1306 1752 1582 1793 externam
1634 1759 1741 1791 non
1781 1758 1940 1807 posse

46 1846 160 1879 esse
199 1827 526 1899 illimitatam.
589 1828 837 1895 Nascitur
876 1828 1015 1877 enim
1056 1827 1221 1876 homo
1262 1826 1533 1875 subiectus
1574 1824 1679 1891 legi
1720 1824 1942 1883 divinae,

45 1920 318 1978 praeterea
358 1910 661 1981 naturaliter
695 1919 774 1960 est
815 1928 908 1960 ens
948 1909 1158 1970 sociale,
1203 1909 1523 1958 destinatum
1566 1908 1633 1957 ad
1668 1907 1945 1957 conviven-

47 1994 176 2043 dum
210 2010 332 2043 cum
372 1992 498 2054 aliis,
543 1982 729 2059 etqua
769 1991 873 2042 tale
914 2009 1021 2042 non
1056 2000 1235 2058 potest
1275 1991 1473 2041 habere
1513 1991 1592 2039 ius
1632 1988 1951 2039 illimitatum

47 2076 115 2125 ad
156 2074 451 2125 libertatem
489 2075 599 2125 sive
640 2076 900 2143 internam
936 2076 1044 2124 sive
1087 2083 1381 2124 externam.
1445 2072 1733 2138 Praecipua
1773 2079 1951 2120 autem

48 2158 289 2227 quaestio
329 2158 380 2207 in
421 2157 520 2207 hac
563 2175 616 2206 re
658 2165 764 2217 est,
809 2174 1090 2223 quousque
1132 2174 1188 2206 se
1230 2156 1488 2206 extendat
1530 2154 1742 2204 libertas
1783 2154 1953 2202 unius-

51 2240 306 2306 cuiusque
347 2240 589 2290 hominis.

775 2344 1043 2391 THESIS
1082 2344 1225 2391 LVI.

54 2450 200 2502 319-
284 2447 486 2495 Omnis
523 2449 698 2496 homo
736 2448 857 2495 iure
895 2455 1129 2495 naturae
1166 2447 1243 2494 ita
1278 2446 1334 2494 in
1373 2446 1687 2494 actionibus
1724 2444 1841 2492 suis
1867 2458 1953 2491 ex-

50 2522 227 2569 ternis
264 2523 332 2569 ab
370 2522 490 2569 aliis
528 2529 614 2570 est
649 2522 1055 2583 independenS‚
1095 2529 1157 2569 ut
1193 2536 1365 2569 nemo
1392 2521 1496 2568 nisi
1522 2526 1800 2581 potestate
1825 2518 1953 2579 legi-

50 2596 189 2644 tima
224 2596 533 2644 instructus
570 2597 690 2645 eius
727 2597 1008 2645 actionem
1058 2597 1302 2659 aliquam
1355 2596 1570 2657 exigere
1618 2595 1708 2642 vel
1755 2594 1809 2641 vi
1848 2593 1950 2640 im-

53 2671 246 2732 pedire
282 2671 479 2732 possit.

129 2775 293 2822 Prob.
335 2789 375 2822 1.
449 2774 536 2824 Ius
576 2775 627 2824 in
668 2774 804 2824 thesi
844 2783 1104 2824 assertum
1144 2773 1450 2823 hominibus
1490 2780 1731 2839 spectata
1771 2778 1956 2820 natura

54 2854 285 2906 humana
324 2848 541 2922 prorsus
593 2851 948 2907 necessarium
989 2864 1095 2917 est,
1150 2864 1208 2905 ut
1249 2856 1456 2922 possint
1498 2855 1738 2904 ordinate
1791 2861 1844 2902 et
1882 2869 1956 2900 se-

56 2953 193 2999 cure,
237 2947 396 3004 prout
424 2938 581 2989 decet
621 2939 760 2989 entia
800 2937 1087 3000 rationalia,
1132 2936 1433 2988 libertatem
1473 2937 1606 2986 intra
1645 2935 1956 2985 societatem

57 3036 319 3070 exercere.
400 3019 457 3071 Si
496 3021 635 3070 enirn
677 3021 782 3071 hoc
821 3021 931 3070 iure
972 3029 1238 3081 carerent,
1294 3019 1515 3086 quilibet
1556 3027 1738 3084 posset
1779 3032 1958 3082 quem-

57 3099 185 3151 libet
223 3103 275 3152 in
314 3102 420 3152 suis
460 3103 758 3153 actionibus
797 3103 1055 3169 impedire
1094 3102 1178 3152 vel
1220 3102 1544 3168 perturbare.

134 3185 298 3232 Prob.
336 3200 380 3233 2.
412 3183 635 3235 'Omnes
662 3185 905 3235 homines
937 3185 1236 3235 secundum
1274 3190 1516 3233 naturam
1545 3190 1667 3231 sunt
1694 3178 1956 3246 aequales,

59 3263 205 3331 Ergo
245 3283 404 3316 nemo
433 3275 613 3333 potest
643 3266 757 3318 sola
796 3274 983 3318 natura
1012 3267 1175 3317 fretus
1208 3266 1307 3316 sibi
1341 3264 1712 3315 auctoritatem
1745 3263 1796 3312 in
1830 3261 1960 3311 alios

60 3346 341 3409 vindicare,
382 3349 479 3399 sed
520 3349 684 3399 debet
723 3350 950 3399 eandem
991 3366 1059 3398 ex
1101 3349 1250 3398 factis
1292 3346 1554 3397 concretis
1594 3345 1835 3410 probare.
