2182 3682
173 157 281 219 478
578 163 694 193 PARS
727 163 776 193 II.
826 162 1142 193 PHILOSOPHIA
1175 161 1378 191 MORALIS
1413 160 1665 190 SPECIALIS.

175 310 255 351 est
305 315 537 367 persona
588 297 828 360 moraliS‚
882 299 1278 365 independenS,
1333 297 1567 363 ideoque
1618 295 1783 347 habet
1832 296 1913 347 ius
1964 314 2088 348 cum

175 383 286 433 aliis
327 381 626 433 civitatibus
667 380 1044 442 contrahendi,
1089 381 1284 431 eodem
1325 379 1491 429 modo
1531 379 1667 429 sicut
1705 378 1950 430 homines
1989 380 2086 446 pri-

174 466 287 516 vati
326 465 461 515 inter
499 481 557 515 se
598 464 913 515 contrahere
952 472 1195 530 possunt.

232 549 378 605 vIuris
430 562 609 605 autem
661 554 815 603 huius
868 553 1181 602 exercitium
1231 551 1462 618 pertinet
1514 551 1582 601 ad
1623 568 1773 613 eum,
1828 552 2090 601 cui‘cura

176 636 499 704 reipublicae
541 637 826 686 commissa
867 643 919 685 et
960 635 1050 701 qui
1089 651 1338 701 suprema
1387 640 1657 700 potestate
1696 634 1748 683 in
1789 633 1979 684 eadem
2019 634 2090 683 in-

175 728 406 770 structus
447 728 540 769 est.
622 719 798 768 Nemo
841 717 982 767 enim
1033 718 1349 767 societatem
1397 716 1561 782 ligare
1613 724 1793 782 potest
1839 715 1937 765 nisi
1975 716 2091 782 ipsa

175 803 404 852 societas
444 800 526 851 vel
568 802 680 851 eius
721 801 974 867 superior.
1055 799 1244 866 Itaque
1285 807 1616 860 contractus,
1662 798 1751 865 qui
1791 815 1888 865 pro
1928 798 2090 849 socie-

178 893 287 934 tate
327 883 502 950 aliqua
542 884 700 933 initur
741 901 770 932 a
806 882 1046 949 personis
1087 899 1193 932 non
1234 881 1557 932 habentibus
1596 881 1967 932 auctoritatem
2007 879 2092 931 vel

178 968 520 1028 mandatum,
565 976 675 1016 tam
717 967 808 1016 diu
848 983 957 1015 non
999 964 1204 1031 obligat
1245 964 1416 1031 ipsam
1455 965 1796 1026 societatem,
1847 964 2022 1013 donec
2063 980 2094 1013 a

178 1049 416 1116 legitima
468 1049 785 1099 auctoritate
839 1049 1172 1114 approbatus
1220 1047 1386 1098 fuerit.
1468 1047 1749 1097 Eiusmodi
1789 1053 2093 1097 contractus

178 1132 377 1199 publici
418 1133 660 1182 nondum
700 1131 985 1197 approbati
1025 1130 1335 1196 sponsiones
1373 1130 1553 1179 vocari
1591 1129 1781 1180 solent.

256 1235 303 1272 2.
360 1220 556 1287 Quoad
610 1221 857 1271 valorem
899 1229 952 1270 et
993 1220 1281 1270 liceiz‘az‘em
1335 1220 1614 1270 foederum
1666 1220 1857 1269 eadem
1897 1218 2091 1281 valent,

180 1321 318 1370 quae
361 1305 430 1353 de
471 1304 836 1354 contractibus
877 1303 1171 1368 generatim
1216 1303 1358 1352 dicta
1397 1311 1518 1352 sunt
1560 1302 1626 1367 (n.
1658 1315 1768 1365 404
1795 1302 1935 1369 sqq).
1996 1302 2094 1352 Ita-

181 1404 287 1453 que
329 1386 546 1436 foedera
587 1386 655 1436 de
696 1403 750 1435 re
790 1385 994 1447 illicita,
1051 1384 1132 1435 vel
1174 1402 1313 1451 quae
1353 1385 1450 1434 iuri
1502 1384 1725 1435 aliorum
1773 1392 2092 1451 repugnant,

180 1487 228 1519 v.
273 1486 323 1534 g.
369 1469 437 1518 de
489 1468 663 1534 aliqua
716 1475 878 1533 gente
930 1468 1122 1517 iniuste
1172 1468 1538 1534 subiuganda,
1594 1468 1662 1517 de
1714 1466 2003 1517 rebellione
2042 1466 2095 1516 in

181 1551 281 1601 alia
333 1551 590 1601 societate
642 1550 876 1600 fovenda
928 1559 1057 1611 etc.,
1112 1567 1208 1616 per
1259 1567 1315 1600 se
1367 1557 1491 1600 sunt
1545 1549 1790 1600 invalida.
1879 1547 2095 1599 Falsum

182 1634 362 1698 itaque
403 1639 511 1692 est,
556 1634 704 1698 quod
745 1632 1041 1682 Bluntschli
1082 1633 1291 1693 asserit,
1337 1632 1567 1694 foedera,
1613 1649 1751 1698 quae
1791 1631 2098 1682 foederibus

184 1716 571 1782 antiquioribus
627 1733 748 1766 cum
805 1715 903 1765 alia
960 1724 1121 1781 gente
1176 1715 1315 1764 initis
1372 1723 1700 1781 repugnant,
1760 1714 1829 1764 de
1879 1732 1937 1764 se
1987 1731 2095 1764 non

186 1815 302 1848 esse
343 1798 600 1859 invalida,
651 1798 745 1847 nisi
787 1814 918 1863 gens
959 1797 1101 1847 laesa
1141 1815 1327 1846 eorum
1368 1797 1699 1847 exsecutioni
1738 1814 1795 1846 se
1836 1804 2093 1863 opponat.

186 1880 241 1930 A
281 1880 450 1930 forma
492 1881 758 1946 regiminis
785 1879 1028 1930 validitas
1069 1878 1152 1929 vel
1194 1879 1393 1930 liceitas
1435 1879 1714 1930 foederum
1754 1896 1850 1946 per
1888 1896 1946 1929 se
1986 1896 2095 1929 non

188 1964 474 2029 dependet

266 2066 313 2117 3.
370 2051 848 2117 Quemadmodum
901 2051 1160 2118 obligatio
1215 2058 1591 2101 contractuum
1643 2051 1968 2117 generatim,
2025 2051 2098 2100 ita

188 2135 347 2185 etiam
402 2135 485 2185 vis
536 2135 817 2201 obligandi
854 2134 1147 2199 foederum
1189 2133 1528 2199 publicorum
1582 2150 1651 2182 ex
1702 2132 1823 2199 lege
1874 2132 2098 2183 naturali

188 2218 469 2274 ultimatim
511 2217 805 2284 repetenda
846 2226 940 2267 est.
1018 2216 1208 2266 Falsae
1248 2216 1429 2282 itaque
1469 2215 1553 2265 vel
1595 2216 1799 2266 otiosae
1839 2223 1960 2266 sunt
2000 2215 2097 2264 dis-

187 2301 519 2368 putationes,
576 2317 708 2366 quas
761 2300 1012 2349 doctores
1065 2299 1186 2348 iuris
1238 2297 1655 2348 internationalis
1705 2298 1868 2348 hodie
1909 2305 2099 2347 texunt

190 2385 327 2434 circa
368 2383 762 2449 quaestionem,
818 2382 1093 2448 quodnam
1133 2382 1199 2431 sit
1230 2381 1650 2446 fimdamenlmaz
1692 2380 1979 2430 iuridicum
2020 2379 2098 2430 ob-

190 2466 472 2531 ligationis
509 2465 817 2530 foedermn.
901 2464 1126 2514 Reiecto
1168 2465 1278 2513 iure
1319 2463 1541 2514 naturali
1588 2471 1700 2513 tum
1739 2480 1838 2529 pro
1879 2461 2100 2529 singulis

190 2547 494 2598 hominibus
533 2556 648 2596 tum
690 2565 786 2613 pro
826 2547 1171 2597 societatibus
1206 2546 1445 2596 civilibus
1473 2545 1667 2607 valido,
1711 2544 1915 2595 nullum
1944 2545 2100 2595 datur

190 2630 420 2681 solidum
461 2629 868 2679 fundamentum
909 2629 1184 2679 foederum
1219 2629 1570 2695 publicorum,
1614 2628 1847 2694 ideoque
1879 2626 2101 2694 quilibet

192 2720 373 2779 potest
423 2712 610 2762 iisdem
652 2720 816 2773 stare,
873 2712 1127 2778 quamdiu
1167 2712 1220 2762 id
1261 2712 1361 2761 sibi
1412 2710 1669 2777 expedire
1707 2711 1881 2760 visum
1929 2709 2096 2771 fuerit,

192 2796 246 2845 id
287 2795 434 2862 quod
474 2794 574 2844 Ed.
620 2794 688 2844 de
729 2794 1029 2844 Hartmann
1070 2794 1260 2860 aliique
1303 2793 1554 2860 explicite
1596 2792 1917 2843 concedunt.

198 2932 343 2998 651.
421 2948 472 2997 4.
517 2934 767 2984 Foedera
809 2933 1001 2983 valida
1041 2942 1177 2993 smel,
1224 2934 1326 2984 elsi
1362 2951 1431 2983 ex
1470 2941 1608 2983 melu
1641 2932 1818 2998 gravi
1853 2932 1986 2982 iuste
2026 2931 2100 2981 in-

195 3034 341 3066 cusso
393 3017 529 3066 inita
582 3017 785 3067 fuerint.
868 3015 1011 3081 Quid
1063 3025 1242 3066 autem
1295 3016 1624 3066 censendum
1676 3015 1744 3064 de
1796 3013 2101 3064 foederibus

195 3107 333 3149 metu
374 3099 566 3149 iniusto
607 3099 861 3150 extortis?
919 3098 1276 3164 Respondent
1315 3107 1561 3148 auctores
1602 3097 1709 3148 fere
1751 3096 2101 3147 communiter

196 3182 357 3231 etiam
396 3181 476 3231 his
519 3181 823 3231 foederibus
863 3180 1114 3231 standum
1155 3197 1270 3231 esse
1324 3181 1566 3245 (leemas,
1621 3178 1926 3245 Theologia
1964 3194 2097 3228 mor.

197 3281 247 3329 p.
294 3277 341 3327 3,
385 3270 533 3314 tract.
576 3278 626 3325 4,
672 3281 714 3314 e.
764 3274 809 3327 5,
854 3281 903 3329 q.
947 3263 1016 3326 4).
1092 3262 1378 3313 Rationem
1419 3263 1658 3323 afferunt,
1703 3261 1842 3327 quia,
1884 3261 1928 3310 si
1966 3260 2099 3310 haec

143 3355 151 3363 “
199 3345 417 3395 foedera
444 3363 552 3395 non
579 3353 925 3406 servarentur,
957 3361 1066 3411 pax
1093 3345 1227 3394 inter
1253 3353 1442 3410 gentes
1470 3344 1757 3394 consistere
1783 3360 1891 3393 non
1917 3348 2101 3409 posset
