2182 3682
582 156 734 186 CAPUT
767 154 868 184 VIII.
918 154 981 183 DE
1014 153 1126 182 IURE
1159 153 1207 181 IN
1244 152 1444 181 GENERE.
1856 152 1957 203 213

67 296 252 348 officiis
291 295 428 345 circa
468 309 689 358 coerS,
739 299 792 341 et
831 291 966 340 inter
1005 288 1138 338 haec
1180 286 1380 347 officia,
1425 303 1560 352 quae
1601 287 1668 335 ad
1708 287 1871 336 vitam
1911 293 1963 334 et

65 379 203 430 vitae
241 384 438 427 statum
478 374 765 441 pertinent,
808 373 894 433 iis,
947 387 1084 437 quae
1124 368 1294 419 solam
1336 368 1776 418 commoditatem
1819 384 1963 433 spec-

66 467 196 520 tant,
242 457 583 525 praecedunt.
671 469 716 519 3.
760 452 1147 504 Attendendae
1186 459 1309 501 sunt
1338 459 1625 515 personae,
1666 466 1793 515 erga
1832 465 1964 515 quas

67 541 221 592 nobis
272 539 449 589 officia
498 546 633 588 sunt.
716 535 908 587 Officia
960 551 1088 600 erga
1127 533 1304 583 Deum
1351 549 1445 598 per
1494 548 1551 581 se
1603 530 1788 580 officiis
1839 547 1963 596 erga

68 622 336 681 homines,
385 619 560 670 officia
600 619 729 668 item
768 634 896 683 erga
935 632 1189 683 personas
1229 614 1385 664 nobis
1425 614 1595 678 magis
1636 613 1961 673 coniunctas,

67 713 122 754 ut
151 722 195 754 v.
227 720 277 769 g.
309 710 571 769 parentes,
616 699 802 750 officiis
831 716 958 764 erga
985 697 1117 748 alios
1145 696 1491 764 praeferenda
1518 703 1641 745 sunt
1670 693 1743 759 (S.
1779 693 1963 745 Tlmm.

68 800 115 848 2,
160 799 208 846 2,
250 802 301 851 q.
347 785 453 848 26).

801 869 1131 909 ARTICULUS
1163 869 1235 907 VI.

663 975 756 1020 DE
794 972 1129 1020 SUBIECTO
1167 971 1364 1018 IURIS.

200 1076 266 1131 (de
299 1079 430 1131 Lugo,
463 1078 530 1117 De
562 1078 647 1116 iure
681 1084 721 1116 et
753 1076 906 1115 iustitia
939 1075 1045 1127 disp.
1083 1086 1119 1126 3,
1156 1081 1255 1114 sect.
1296 1085 1328 1112 1.
1384 1073 1626 1125 Moralphil.
1661 1072 1679 1109 Ι
1715 1067 1835 1122 557.)

70 1192 216 1245 259.
284 1181 343 1231 In
383 1181 493 1230 iure
535 1180 870 1230 distinximus
911 1178 980 1243 (n.
1014 1178 1140 1242 229)
1182 1177 1499 1237 subiectum,
1545 1174 1964 1234 fundamentum,

68 1264 374 1324 terminum,
429 1263 717 1312 materiam.
788 1259 1024 1311 Titulum
1074 1260 1196 1309 iuris
1236 1260 1339 1309 iam
1391 1275 1575 1325 supra,
1631 1265 1852 1323 agentes
1901 1256 1968 1305 de

68 1346 288 1396 notione
335 1346 484 1405 iuris,
539 1344 860 1394 sufficienter
911 1342 1308 1408 explicavimus.
1390 1341 1475 1390 De
1516 1340 1740 1390 termino
1793 1347 1969 1388 autem

68 1428 174 1478 fere
225 1428 416 1477 eadem
456 1426 632 1476 valent
672 1442 734 1476 ac
776 1426 843 1475 de
883 1425 1126 1475 subiecto
1179 1425 1324 1486 iuris3
1381 1431 1434 1473 et
1474 1423 1596 1488 quia
1636 1422 1703 1472 de
1755 1421 1968 1471 obiecto

66 1511 188 1561 iuris
227 1510 279 1560 in
320 1510 382 1560 Π.
425 1518 575 1575 parte
616 1509 883 1573 agendum
925 1514 1031 1567 est,
1076 1514 1262 1567 restat,
1307 1514 1362 1555 ut
1402 1506 1452 1555 in
1494 1505 1597 1555 hoc
1639 1502 1859 1554 articulo
1902 1503 1970 1552 de

69 1592 311 1642 subiecto
354 1592 607 1641 dicamus,

75 1730 222 1784 260.
283 1732 369 1782 Ex
410 1733 628 1782 notione
670 1731 791 1781 iuris
832 1739 885 1782 et
925 1730 1144 1781 dominii
1184 1729 1422 1796 sequitur
1462 1728 1579 1778 Dea
1623 1726 1680 1777 Ο.
1717 1726 1797 1776 fis.
1842 1743 1971 1776 com-

62 1822 246 1881 petere
285 1814 578 1864 donlim‘zcm
610 1814 1062 1880 pezfeclz'ssz'mum
1103 1814 1153 1862 in
1196 1829 1383 1862 omnes
1424 1819 1714 1869 creaturas,
1773 1818 1825 1858 et
1865 1809 1972 1875 qui-

73 1896 197 1947 dem
225 1896 520 1946 dominium
561 1905 672 1946 tum
702 1896 1037 1962 proprietatis
1065 1904 1179 1945 tum
1219 1893 1589 1944 iurisdictionis
1622 1892 1706 1956 (cf.
1740 1891 1972 1952 Lessizcs,

70 1979 154 2028 De
196 1978 351 2028 divin.
384 1978 601 2045 perfect.
647 1977 676 2028 l.
717 1991 794 2040 10,
840 1996 883 2029 c.
920 1979 983 2043 5).
1054 1976 1258 2028 Omnes
1298 1976 1389 2027 scl.
1426 1984 1695 2025 creaturae
1736 1974 1973 2023 intimam

69 2059 211 2110 illam
262 2060 463 2111 habent
515 2061 870 2111 conexionem
923 2078 1045 2111 cum
1098 2061 1246 2121 Deo,
1302 2058 1718 2125 dependentiam
1769 2057 1836 2106 ab
1890 2073 1969 2115 eo,

71 2143 461 2211 ordinationem
507 2143 558 2192 in
599 2143 845 2193 eundem.
926 2143 1018 2193 Ex
1057 2143 1170 2208 ipso
1212 2142 1351 2191 enim
1392 2149 1451 2191 ut
1490 2158 1520 2190 a
1560 2156 1720 2189 causa
1760 2146 1972 2188 creante

70 2232 192 2275 sunt
231 2225 435 2285 omnia,
479 2234 586 2290 per
625 2225 796 2290 ipsum
848 2234 1121 2292 tamquam
1162 2242 1256 2291 per
1302 2240 1517 2274 causam
1568 2229 1972 2272 conservantem

72 2315 125 2357 et
165 2315 570 2358 concurrentem
620 2315 744 2357 sunt
785 2308 987 2368 omnia,
1043 2307 1222 2358 omnia
1262 2306 1492 2372 denique
1544 2313 1664 2354 sunt
1705 2305 1759 2354 in
1800 2304 1971 2369 ipsum

69 2398 344 2456 tamquam
384 2389 434 2439 in
469 2388 710 2439 ultimum
741 2389 915 2451 finem,
959 2390 1029 2440 ita
1070 2398 1126 2439 ut
1158 2398 1304 2439 totae
1345 2389 1395 2438 in
1435 2388 1546 2437 eius
1574 2386 1799 2453 gloriam
1839 2385 1972 2435 ordi-

71 2480 275 2522 nentur.
357 2472 518 2521 Porro
559 2471 691 2521 haec
744 2471 927 2522 relatio
969 2472 1360 2538 dependentiae
1412 2478 1465 2520 et
1511 2469 1853 2520 subiectionis
1904 2485 1973 2516 ex

71 2560 221 2620 parte
261 2560 533 2604 creaturae
573 2553 804 2619 ideoque
845 2554 1004 2604 etiam
1044 2555 1146 2604 Dei
1188 2553 1483 2604 dominium
1532 2561 1611 2602 est
1651 2550 1968 2611 absolutum,

71 2635 375 2697 essentiale,
430 2634 786 2697 inalienabile,
843 2636 1160 2697 universale,
1216 2636 1284 2686 ad
1334 2636 1510 2686 omnia
1561 2652 1618 2685 se
1659 2633 1968 2693 extendens,

70 2735 205 2784 quae
246 2727 485 2769 creatura
524 2727 604 2769 est
644 2727 696 2768 et
736 2718 913 2769 habet.
994 2718 1298 2769 Praeterea:

765 2880 1034 2929 THESIS
1070 2882 1270 2928 XLIII.

74 2980 218 3033 261.
304 2992 490 3039 Omne
529 2998 583 3039 et
619 2993 807 3040 solum
847 3007 948 3040 ens
986 2992 1255 3040 rationale
1292 2992 1613 3040 subiectum
1661 2991 1797 3039 iuris
1846 3004 1970 3038 esse

71 3071 272 3124 potest.

149 3161 313 3202 PARS
344 3164 376 3201 Ι.
445 3163 597 3203 Omne
635 3176 727 3203 ens
758 3165 997 3204 rationale
1031 3165 1301 3204 subiectum
1335 3166 1452 3204 iuris
1488 3177 1607 3203 esse
1637 3166 1815 3214 potest.

147 3240 437 3292 Hominem
487 3244 702 3294 rationis
754 3262 848 3295 usu
904 3246 1206 3311 praeditum
1257 3245 1559 3295 subiectum
1614 3245 1798 3294 iurium
1855 3261 1970 3293 esse

73 3323 216 3399 apud
257 3341 443 3375 omnes
482 3326 533 3374 in
575 3325 820 3377 confesso
862 3335 957 3378 est.
1024 3326 1133 3378 Sed
1175 3328 1413 3394 quaestio
1456 3335 1535 3377 est
1576 3327 1643 3377 de
1684 3326 1971 3378 infantibus
