2182 3682
465 163 554 191 LIb'.
590 163 638 194 11.
684 162 783 192 CAl’.
818 162 845 190 1.
892 162 954 190 DE
987 162 1244 190 SOCIETATE
1278 162 1557 192 UNIVERSIM.
1850 166 1955 217 329

134 300 190 362 b)
229 299 472 358 stabilis,
523 300 646 364 quia
696 298 994 348 transitoria
1047 297 1348 347 coniunctio
1401 297 1467 346 ad
1520 297 1678 348 finem
1720 315 1952 349 momen-

64 389 277 431 taneum
337 387 428 430 aut
485 381 642 431 unico
704 380 810 429 fere
870 387 1064 429 conatu
1123 377 1512 428 absolvendum
1571 397 1677 428 non
1735 387 1957 431 vocatur

61 462 272 528 proprie
311 462 555 512 societas.

62 576 208 642 428.
291 593 336 629 2.
390 579 476 628 Ex
527 578 607 627 his
656 585 803 643 patet
843 575 1167 626 elementum
1208 576 1476 626 societatis
1516 577 1803 627 materiale
1842 595 1957 629 esse

61 659 470 721 multitudinem,
514 659 834 709 elementum
863 676 990 708 vero
1017 658 1270 722 formale
1308 659 1478 724 ipsam
1512 659 1762 708 unionem
1792 676 1957 710 mora-

62 741 180 792 lem.
262 742 414 793 Haec
455 741 580 791 unio
623 739 835 790 moralis
877 739 1073 805 duplici
1113 740 1371 810 principio
1412 740 1663 791 efficitur:

135 823 184 887 a)
219 825 338 890 fine
389 823 677 884 communi,
731 823 821 888 qui
871 822 1184 872 societatem
1235 822 1508 888 specificat
1555 830 1609 872 et
1649 823 1718 872 de
1757 841 1814 873 se
1854 824 1957 873 iam

59 905 313 955 unitatem
354 904 689 955 voluntatum
741 913 794 954 et
845 902 1324 968 intellegentiarum
1370 904 1701 970 aliquatenus
1749 904 1959 956 efficere

59 985 215 1037 valet.
311 986 571 1036 Attamen
623 987 691 1036 ad
747 986 999 1035 unionem
1055 994 1392 1035 constantem
1447 995 1500 1035 et
1555 987 1852 1037 ordinatam
1907 988 1958 1037 in

61 1068 432 1135 cooperand0‚
485 1074 729 1134 spectata
779 1067 1056 1117 hominum
1109 1067 1350 1117 libertate
1399 1077 1452 1117 et
1492 1068 1792 1118 diversitate
1832 1070 1958 1119 iudi-

59 1151 260 1201 ciorum
313 1158 366 1200 et
407 1151 617 1211 virium,
674 1150 740 1199 de
791 1166 848 1199 se
900 1148 1043 1199 solus
1095 1149 1210 1199 finis
1262 1151 1559 1199 communis
1601 1167 1708 1200 non
1748 1151 1957 1213 sufficit,

57 1233 154 1282 sed
196 1233 472 1298 requiritur
511 1233 724 1298 insuper

132 1315 188 1378 b)
230 1315 459 1381 aliquod
492 1315 800 1364 elementum
841 1314 892 1363 in
935 1314 1119 1364 ordine
1162 1313 1321 1375 reali,
1363 1315 1508 1380 quod
1550 1315 1796 1380 primario
1839 1332 1958 1365 con-

61 1397 196 1446 sistit
236 1396 286 1445 in
330 1405 511 1446 mutua
551 1396 879 1461 obligatione
919 1404 1165 1462 respectu
1205 1396 1443 1446 eiusdem
1484 1396 1614 1447 finis.
1683 1397 1961 1448 Praeterea

58 1478 333 1544 requiritur
383 1479 599 1545 aliquod
651 1478 992 1544 principium,
1047 1479 1196 1544 quod
1238 1485 1543 1528 constanter
1583 1487 1636 1528 et
1676 1479 1961 1530 efficaciter

59 1559 278 1610 liberam
306 1559 637 1611 voluntatem
667 1560 716 1609 in
747 1560 907 1609 finem
931 1577 1271 1610 communem
1296 1561 1502 1626 dirigat,
1534 1560 1624 1611 scl.
1650 1562 1960 1624 auctoritas,

59 1659 196 1709 quae
236 1651 318 1692 est
357 1642 681 1692 elementum
721 1643 990 1692 societatis
1029 1643 1383 1692 necessarium
1424 1651 1476 1692 et
1515 1642 1717 1692 definiri
1758 1651 1957 1709 potest:

58 1725 142 1774 ius
182 1725 463 1790 obligandi
500 1724 740 1774 membra
780 1724 1066 1785 societatis)
1107 1733 1164 1774 nt
1201 1725 1280 1773 ad
1313 1724 1499 1775 bonnm
1541 1742 1810 1775 commune
1850 1726 1962 1776 suis

59 1807 260 1857 actibus
298 1815 656 1872 cooperentur.

133 1889 192 1938 In
252 1890 396 1939 omni
454 1890 709 1939 societate
765 1889 1077 1949 auctoritas,
1138 1897 1326 1955 utpote
1382 1889 1696 1955 principium
1752 1890 1961 1940 unionis

59 1970 283 2032 socialis,
327 1988 433 2021 non
474 1979 655 2037 potest
695 1988 811 2020 esse
852 1971 947 2020 nisi
986 1988 1110 2033 nna,
1153 1972 1452 2037 eademque
1492 1971 1763 2022 inhaerere
1798 1973 1961 2023 debet

63 2053 188 2103 reali
214 2052 365 2103 alicui
394 2054 654 2114 subiecto,
686 2062 738 2102 et
766 2053 983 2119 quidem
1012 2054 1121 2103 iure
1151 2053 1441 2104 exclusivo.
1511 2053 1634 2104 Hoc
1661 2055 1961 2105 subiectum

60 2144 283 2185 vocatur
333 2136 586 2202 superior.
668 2136 739 2186 Vi
790 2136 999 2185 unionis
1049 2136 1259 2186 socialis
1298 2137 1526 2186 societas
1566 2137 1962 2187 similitudinem

61 2234 187 2283 prae
226 2235 283 2267 se
324 2217 423 2268 fert
461 2218 679 2268 alicuius
715 2234 975 2284 personae
1014 2235 1107 2268 seu
1137 2220 1412 2268 constituit
1439 2237 1634 2269 novam
1662 2237 1960 2286 personam,

60 2316 167 2349 non
209 2300 425 2366 quidem
469 2301 769 2366 physicam,
813 2301 908 2350 sed
950 2300 1224 2362 moralem,
1268 2318 1407 2368 quae
1448 2301 1611 2352 habet
1652 2320 1806 2352 suum
1846 2320 1962 2353 esse

61 2390 114 2431 et
152 2399 302 2432 suam
343 2383 669 2433 activitatem
710 2383 809 2432 sibi
850 2383 1133 2449 propriam.

64 2518 211 2570 429.
292 2507 467 2558 Selml.
551 2506 749 2573 Quaeri
802 2507 905 2558 hoc
958 2507 1079 2558 loco
1131 2508 1296 2570 solet,
1350 2517 1525 2560 utrum
1573 2510 1860 2561 auctoritas
1899 2511 1964 2561 sit

46 2590 246 2654 ferma
289 2589 686 2656 (substantialis)
726 2591 1010 2652 societatis,
1054 2607 1120 2640 an
1158 2591 1332 2641 solum
1372 2593 1671 2659 proprietas
1699 2611 1766 2643 ex
1796 2610 1965 2643 essen-

61 2671 133 2721 tia
175 2672 444 2722 societatis
487 2674 786 2723 necessario
826 2690 1176 2739 consequens.
1244 2674 1505 2725 Praenota
1540 2674 1676 2725 hanc
1705 2677 1965 2742 quaestio-

64 2771 186 2804 nem
236 2771 345 2804 non
399 2755 600 2804 institui
652 2755 719 2804 de
773 2755 942 2805 forma
993 2756 1363 2822 metaphysica
1408 2758 1704 2819 societatis,
1758 2758 1854 2808 sed
1896 2758 1963 2807 de

65 2835 234 2886 forma
274 2837 426 2903 quasi
465 2837 703 2903 physica.
778 2838 917 2887 Nam
960 2837 1129 2888 forma
1169 2839 1538 2905 metaphysica
1577 2841 1847 2890 societatis
1887 2849 1967 2890 est

64 2919 188 2968 unio
229 2918 441 2969 moralis
482 2937 578 2985 per
629 2919 806 2970 officia
858 2929 910 2970 et
961 2921 1072 2970 iura
1123 2930 1369 2987 respectu
1422 2923 1659 2972 eiusdem
1712 2922 1853 2982 finis,
1908 2931 1965 2972 ut

65 3008 213 3066 patet
253 3017 322 3050 eX
362 3001 672 3051 definitione
713 3002 919 3052 tradita.
989 3003 1454 3069 Respondendum
1493 3005 1701 3054 videtur
1741 3004 1965 3054 auctori—

64 3089 225 3132 tatem
265 3101 367 3132 non
395 3101 507 3133 esse
524 3084 779 3148 formam
807 3085 1093 3146 societatis,
1132 3085 1232 3135 sed
1241 3086 1636 3151 proprietatem
1665 3086 1966 3136 necessario

66 3181 135 3213 ex
173 3164 405 3214 eiusdem
446 3166 674 3215 essentia
716 3175 1121 3232 consequentem.

141 3247 306 3294 Prob.
372 3246 618 3298 Essentia
658 3248 730 3297 rei
765 3265 871 3298 non
912 3257 1093 3315 potest
1134 3250 1344 3315 concipi
1383 3248 1634 3315 perfecta,
1677 3257 1966 3315 antequam

67 3327 203 3377 adsit
244 3327 414 3378 forma
454 3329 710 3381 eiusdem.
792 3330 962 3396 Atqui
998 3329 1188 3380 saltem
1227 3332 1428 3381 ratione
1469 3331 1626 3397 prius,
1677 3348 1838 3397 quam
1878 3332 1964 3381 ad-
