2182 3682
213 177 320 230 254
610 175 724 204 PARS
758 175 806 205 ΙΙ.
857 173 1177 203 PHILOSOPHIA
1210 172 1412 202 MORALIS
1447 172 1696 202 SPECIALIS.

212 323 360 374 320.
439 311 616 363 Sclwl.
662 327 710 363 I.
774 311 925 362 Haec
954 310 1169 361 libertas
1208 327 1302 360 seu
1341 309 1759 376 independentia
1798 308 1866 359 ab
1894 307 2115 359 aliorum

209 395 424 446 arbitrio
459 403 539 445 est
565 412 662 461 per
687 411 744 444 se
773 394 1063 461 loquendo,
1103 401 1162 442 ut
1189 393 1350 454 aiunt,
1390 391 1446 442 in
1468 383 1822 457 possessione,
1859 391 2116 458 quamdiu

210 478 262 527 hi
302 484 628 544 potestatem
667 477 767 526 sibi
807 477 860 526 in
900 493 1019 525 eam
1060 492 1374 525 concessam
1414 491 1522 524 non
1562 466 1921 540 probaverint.
1989 473 2118 523 Dixi

199 569 308 626 per
345 578 401 610 se
440 559 712 625 loquendo.
782 559 920 608 Nam
963 557 1128 608 semel
1170 557 1398 624 probata
1438 555 1675 623 legitima
1715 555 1950 623 generali
1990 556 2118 606 eius·
2151 616 2160 620 *⁷

211 642 359 692 modi
400 649 668 709 potestate
708 641 840 691 haec
886 641 1001 706 ipsa
1054 640 1175 690 dein
1217 640 1395 706 quoad
1447 638 1685 706 singulos
1734 646 1885 690 actus
1935 646 2017 689 est
2065 638 2118 688 in

211 725 565 791 possessione.
1719 726 1722 727 ⁷
1885 712 1890 713 ⁷
2101 733 2153 742 “‘

285 820 462 872 Schol.
501 835 548 870 2.
612 819 732 869 Hac
773 818 1017 869 libertate
1058 828 1279 869 externa
1319 836 1426 869 non
1467 819 1717 868 obstante
1750 826 1931 885 potest
1969 819 2121 869 inter-

212 904 340 954 dum
381 903 571 953 intuitu
613 903 880 952 bonorum
921 901 1118 951 altioris
1156 901 1354 951 ordinis
1381 902 1491 951 sive
1530 900 1744 950 moralis
1775 901 1885 951 sive
1912 900 2121 951 socialis

211 987 371 1036 etiarn
412 986 671 1052 privatUS‚
727 985 936 1051 quoties
976 983 1148 1034 nullus
1187 984 1429 1050 superior
1467 992 1682 1050 praesto
1724 992 1829 1045 est,
1885 984 1996 1033 iure
2034 1000 2120 1033 na-

211 1077 357 1120 turae
410 1076 734 1135 potestatem
791 1067 1015 1128 habere,
1075 1066 1206 1116 alios
1256 1067 1307 1116 vi
1358 1067 1426 1116 ab
1479 1066 1750 1117 atrocibus
1800 1065 2142 1132 quibusdam'

211 1151 517 1202 criminibus
571 1149 874 1200 retrahendi
926 1150 1168 1214 (suicidio
1209 1167 1256 1200 v.
1302 1149 1391 1215 g).
1473 1148 1533 1198 In
1585 1148 1677 1198 tali
1728 1165 1852 1199 casu
1903 1148 2122 1215 singulis

212 1234 463 1284 membris
503 1233 771 1283 societatis
811 1233 888 1282 ius
930 1241 983 1282 et
1011 1231 1248 1282 officium
1287 1231 1546 1281 incumbit
1573 1231 1777 1281 bonurn
1816 1231 2122 1282 universalis
2181 1221 2182 1236 ³

132 1353 137 1356 -
210 1316 480 1367 societatis
520 1315 879 1379 (honestatem
921 1313 1214 1380 publicam)
1256 1314 1453 1364 tuendi.

626 1476 654 1532 g
689 1490 726 1519 2.
777 1480 855 1518 DE
889 1479 1221 1518 LIBERTATE
1256 1455 1705 1519 CON'SCIENTIAE.

275 1582 502 1637 (Alsendz'f'e,
536 1583 687 1623 Ethica
723 1580 871 1636 [1881]
910 1594 992 1634 213
1018 1597 1106 1636 sqq.
1172 1597 1255 1622 vem
1289 1584 1361 1622 der
1391 1585 1466 1631 Aa,
1503 1582 1652 1622 Ethica
1687 1579 1836 1634 [1887]
1874 1592 1956 1632 214
1981 1596 2070 1635 sqq.

512 1652 800 1703 Jeazgs'acquot,
834 1652 896 1689 La
929 1651 1080 1690 liberte
1114 1651 1166 1690 de
1201 1651 1464 1690 conscience.
1511 1650 1626 1690 Paris
1665 1647 1812 1702 1891.)

218 1775 363 1826 321.
443 1762 481 1813 I.
524 1763 798 1814 Nationes
866 1763 1113 1813 Libertas
1165 1763 1524 1813 conscientiae
1575 1761 1874 1828 significare
1913 1768 2120 1828 potest:

297 1867 337 1902 1.
376 1852 764 1903 immunitatem
792 1851 1081 1902 voluntatis
1109 1869 1139 1902 a
1167 1851 1406 1918 qualibet
1435 1851 1744 1902 necessitate
1769 1859 1882 1901 tum
1909 1850 2124 1901 interna

215 1944 329 1985 tum
370 1942 611 1997 externa,
654 1951 760 2001 qua
802 1935 918 2001 quis
958 1935 1280 2001 impediatur
1319 1935 1468 2001 sequi
1509 1934 1777 1984 dictamen
1818 1932 2034 1984 rationis
2073 1933 2124 1982 in

217 2018 425 2068 actibus
464 2018 693 2068 internis
706 2038 724 2081 ‚-

294 2114 340 2151 2.
384 2101 463 2150 ius
502 2099 860 2166 exemptionis
902 2100 969 2150 ab
1000 2100 1144 2149 omni
1184 2099 1448 2151 coactione
1487 2107 1732 2160 externa,
1772 2115 1880 2165 qua
1907 2098 2024 2165 quis
2055 2097 2122 2147 ad

215 2183 482 2248 agendum
525 2192 710 2233 contra
751 2183 1019 2232 dictamen
1061 2190 1265 2232 certum
1307 2182 1663 2232 conscientiae
1703 2181 1975 2247 adigatur;

294 2280 339 2329 3.
384 2265 462 2315 ius
501 2266 845 2315 immunitatis
886 2265 953 2314 ab
988 2265 1134 2314 omni
1175 2264 1438 2315 obstaculo
1468 2263 1654 2330 legali,
1697 2263 1980 2330 quominus
2007 2262 2125 2329 quis

215 2348 484 2398 dictamen
525 2348 882 2398 conscientiae
923 2348 974 2397 in
1015 2364 1110 2396 sua
1150 2347 1258 2396 vita
1286 2347 1523 2412 privata
1564 2354 1842 2412 sequatur;

287 2444 336 2492 4.
380 2430 459 2479 ius
499 2431 760 2495 sequendi
801 2430 1090 2479 dictamina
1139 2445 1266 2479 suae
1307 2429 1665 2479 conscientiae
1715 2428 1876 2478 etiam
1926 2427 1978 2477 in
2017 2426 2124 2477 vita

204 2512 425 2578 publiea
468 2530 562 2562 seu
601 2511 785 2562 sociali
825 2529 920 2578 per
958 2511 1123 2562 verba
1163 2520 1215 2561 et
1254 2512 1476 2577 scripta;

295 2605 337 2658 5.
381 2611 542 2661 saepe
570 2594 785 2644 libertas
826 2594 1183 2644 conscientiae
1212 2594 1435 2643 denotat
1461 2594 1542 2642 ius
1583 2592 1843 2658 opinandi
1880 2591 1937 2642 in
1970 2591 2125 2642 rebus

216 2677 494 2742 relzgz‘osis
533 2685 584 2726 et
621 2676 944 2738 moralibus,
997 2676 1125 2742 quid
1175 2676 1365 2742 cuique
1406 2675 1640 2736 libuerit,
1696 2674 1994 2724 dummodo
2046 2690 2123 2722 or-

215 2760 395 2809 dinem
435 2758 689 2809 socialem
729 2776 836 2808 non
876 2758 1054 2808 violet.

288 2857 350 2907 II.
404 2854 553 2918 Quid
585 2857 650 2906 de
688 2856 921 2921 singulis
961 2855 1232 2906 libertatis
1269 2855 1535 2920 speciebus
1577 2853 1888 2904 censendum
1904 2854 1931 2904 ἓ

299 2960 339 2996 1.
383 2945 715 2995 Libertatem
756 2945 1112 2995 conscientiae
1141 2944 1313 3010 primo
1342 2943 1463 2993 loco
1505 2951 1868 2993 enumeratam
1908 2940 2124 2991 cuilibet

217 3028 514 3078 necessario
568 3036 875 3093 competere
916 3045 985 3076 ex
1026 3044 1090 3076 eo
1132 3034 1305 3092 patet,
1361 3026 1511 3092 quod
1552 3025 1717 3076 homo
1759 3024 2002 3074 libertate
2053 3023 2122 3072 in-

219 3110 545 3160 differentiae
586 3110 788 3176 gaudet
828 3117 880 3158 et
927 3110 978 3158 in
1020 3108 1225 3158 actibus
1264 3108 1481 3158 internis
1534 3108 1601 3157 ab
1641 3106 1754 3157 aliis
1794 3123 1860 3156 ne
1900 3105 2123 3172 physice

219 3192 438 3258 quidem
476 3192 721 3258 impediri
760 3200 955 3258 potest.

296 3288 343 3323 2.
386 3274 632 3324 Libertas
673 3273 1026 3324 conscientiae
1066 3272 1245 3321 stricte
1287 3272 1428 3321 dicta
1470 3272 1726 3335 (secundo
1767 3271 1889 3320 loco
1930 3268 2122 3335 posita)

220 3373 316 3422 per
354 3374 410 3406 se
450 3356 570 3406 iure
608 3364 839 3406 naturae
878 3353 1539 3420 inalienabiliter'cuique
1580 3353 1844 3404 convenit.
