2182 3682
508 181 595 210 LIB.
630 181 678 209 11.
726 181 824 209 CAP.
860 181 926 209 111.
974 182 1033 208 DE
1070 180 1325 209 SOCIETATE
1362 181 1519 211 CIVILI.
1840 172 1938 234 365

125 318 288 365 Prob.
327 331 370 365 2.
445 314 708 382 Suprema
749 323 986 381 potestas
1028 314 1243 380 politica
1282 315 1446 365 habet
1485 317 1620 377 iura,
1671 334 1809 382 quae
1849 318 1945 367 sin-

49 397 289 465 gulorum
332 398 522 447 civium
561 397 868 447 facultatem
900 397 1169 446 excedunt
1209 414 1307 446 nec
1337 396 1561 445 conferri
1601 407 1825 462 possunt
1853 400 1947 448 nisi

48 497 77 530 a
107 479 242 540 Deo,
285 497 331 529 v.
363 495 413 544 g.
456 480 535 528 ius
577 478 755 544 gladii,
799 480 878 528 ius
919 477 1058 539 belli,
1102 479 1181 527 ius
1218 478 1471 543 puniendi
1513 487 1611 528 etc.
1674 479 1827 543 Ergo
1869 491 1948 529 est

47 561 352 611 immediate
392 577 423 611 a
463 560 600 610 Deo.

124 651 290 698 Prob.
329 665 373 711 3.
449 649 711 698 Homines
751 649 823 698 ita
876 648 1174 697 necessario
1226 647 1480 713 potestati
1532 647 1780 712 politicae
1835 649 1951 698 sub-

47 732 297 793 iciuntur,
356 740 414 781 ut
465 748 572 780 non
629 730 835 796 possint
890 728 1043 779 simul
1096 731 1145 778 in
1198 746 1359 778 unum
1416 727 1627 779 collecti
1675 730 1850 778 vivere
1902 739 1953 779 et

47 813 184 863 hanc
238 813 624 863 subiectionem
685 812 783 861 sub
841 819 1110 876 potestate
1167 811 1383 876 politica
1437 811 1710 876 impedire.
1805 811 1950 877 Ergo

47 902 286 960 potestas
322 895 455 944 haec
494 912 600 944 non
640 894 708 944 ab
749 893 1054 942 hominibus
1089 894 1389 953 instituitur,
1432 910 1479 943 v.
1512 909 1561 957 g.
1594 910 1688 958 per
1716 900 1949 958 pactum,

46 977 142 1026 sed
198 977 502 1026 immediate
557 993 652 1041 per
706 974 882 1040 legem
937 973 1227 1024 naturalem
1285 992 1377 1024 seu
1432 974 1610 1023 Deum
1667 974 1948 1024 confertur.

47 1058 238 1124 Neque
278 1066 501 1124 possunt
540 1057 783 1107 homines
824 1058 993 1122 ipsam
1035 1064 1359 1122 potestatem
1389 1055 1662 1122 politicam
1692 1057 1952 1119 minuere;

46 1140 210 1190 habet
250 1141 389 1190 enim
429 1157 641 1206 semper
682 1156 744 1189 ea
783 1140 894 1188 iura
936 1140 1138 1199 omnia,
1195 1155 1332 1204 quae
1373 1138 1441 1187 ad
1483 1138 1644 1187 finem
1685 1139 1955 1188 societatis

47 1222 394 1288 requiruntur.
475 1222 702 1272 Possunt
756 1221 973 1287 quidem
1014 1238 1132 1270 eam
1185 1221 1319 1269 inter
1358 1220 1501 1269 varia
1549 1220 1790 1270 subiecta
1831 1220 1952 1269 divi-

47 1305 187 1365 dere,
231 1305 326 1354 sed
368 1305 418 1353 in
459 1321 515 1354 se
557 1314 736 1354 manet
777 1320 988 1369 semper
1027 1303 1231 1352 eadem.

49 1435 196 1500 488.
282 1435 480 1487 Coroll.
563 1438 871 1488 Humanam
923 1438 1236 1487 societatem
1290 1454 1384 1503 per
1424 1437 1820 1503 impositionem
1864 1437 1955 1486 ob-

47 1518 360 1584 ligationum
411 1520 462 1569 in
518 1520 678 1570 finem
735 1520 978 1569 ordinare
1035 1537 1129 1585 per
1180 1537 1237 1568 se
1290 1528 1342 1568 et
1395 1520 1632 1585 primitus
1683 1518 1779 1567 soli
1832 1517 1953 1567 Deo

47 1609 322 1666 tamquam
363 1602 545 1651 mundi
586 1601 874 1652 ordinatori
916 1601 1177 1651 convenit.
1243 1599 1590 1667 Quapropter
1632 1600 1952 1666 quicumque

46 1699 295 1749 suprema
337 1691 605 1748 potestate
646 1684 926 1750 insignitus
967 1692 1061 1744 est,
1104 1683 1203 1733 sub
1234 1683 1354 1733 Deo
1396 1683 1445 1732 in
1485 1691 1689 1749 partem
1720 1682 1952 1747 aliquam

49 1765 202 1815 huius
253 1765 413 1815 divini
461 1767 691 1815 muneris
731 1773 966 1815 vocatur.
1047 1766 1143 1814 Est
1184 1782 1313 1830 ergo
1363 1765 1575 1831 proprie
1616 1773 1669 1814 et
1709 1765 1954 1814 essentia-

49 1846 163 1897 liter
203 1849 451 1900 minister
488 1866 590 1898 72072
619 1848 829 1914 populi,
868 1847 968 1897 secl
1001 1847 1135 1909 Dei,
1179 1864 1505 1913 quamquam
1549 1856 1601 1896 et
1642 1846 1825 1912 populi
1867 1847 1953 1895 mi-

49 1930 209 1980 nister
261 1930 363 1981 dici
416 1930 608 1996 possit,
664 1938 928 1996 quatenus
981 1946 1172 1978 munus
1224 1930 1359 1994 gerit
1400 1946 1429 1978 a
1472 1929 1591 1978 Deo
1643 1930 1691 1977 in
1733 1929 1957 1993 gratiam

50 2011 235 2078 populi
276 2013 593 2063 ordinatum.
676 2012 733 2061 In
777 2012 876 2062 hac
918 2012 1032 2077 ipsa
1084 2011 1330 2077 publicae
1380 2011 1659 2076 potestatis
1701 2011 1961 2076 dignitate

51 2095 334 2161 praecipue
388 2094 637 2145 fundatur
688 2095 799 2144 eius
840 2094 1155 2143 attributum
1215 2094 1567 2143 «maiestatis»
1614 2102 1667 2143 et
1715 2092 1956 2142 «inviola-

50 2175 294 2226 bilitatis»
342 2177 475 2225 intra
515 2177 680 2225 iustos
722 2175 914 2225 limites
954 2175 1295 2225 intellectum.

51 2335 78 2390 ξ
102 2349 141 2389 3.
186 2339 266 2378 DE
300 2338 489 2377 CAUSA
522 2338 787 2377 PROXIMA
817 2337 1057 2377 VINCULi
1086 2337 1331 2376 IURIDICI
1363 2336 1702 2376 soCIETATIS
1734 2336 1954 2374 CIVILIS.

54 2439 200 2503 489.
280 2441 393 2491 Etsi
445 2442 548 2491 iam
601 2448 811 2491 constet
862 2441 1173 2490 societatem
1232 2439 1438 2490 civilem
1495 2438 1787 2504 generatim
1841 2455 1956 2487 esse

51 2524 402 2573 necessariam
443 2531 496 2574 et
537 2524 906 2573 auctoritatem
955 2522 1162 2572 civilem
1214 2522 1510 2572 secundum
1551 2539 1607 2571 se
1648 2521 1956 2570 immediate

51 2622 82 2654 a
120 2605 241 2654 Deo
294 2605 646 2667 descendere,
701 2605 879 2655 adhuc
934 2605 1299 2671 quaerendum
1339 2613 1608 2670 superest,
1665 2620 1759 2669 per
1799 2619 1954 2668 quae-

52 2703 173 2736 nam
217 2686 354 2737 facta
393 2687 637 2737 homines
677 2688 728 2736 in
770 2705 932 2736 unum
971 2704 1166 2753 corpus
1206 2686 1483 2752 politicum
1526 2685 1845 2744 coalescant,
1889 2702 1956 2733 ex

53 2786 158 2835 quo
196 2778 434 2835 potestas
469 2769 602 2820 haec
639 2768 855 2836 politica
892 2769 1109 2819 resultet
1151 2786 1243 2835 per
1273 2769 1374 2818 Dei
1402 2768 1750 2818 voluntatem.
1808 2767 1957 2815 Deus

52 2852 192 2900 enim
234 2853 326 2901 dat
366 2853 735 2902 auctoritatem
780 2870 886 2901 non
929 2869 1024 2918 per
1065 2851 1469 2911 revelationem,
1525 2851 1619 2899 sed
1662 2859 1718 2899 ut
1759 2848 1954 2914 aliquid

52 2935 350 2984 necessario
404 2951 674 2984 conexum
726 2952 846 2984 cum
890 2952 970 2995 re,
1027 2951 1186 2999 quarn
1235 2933 1348 2999 ipse
1401 2933 1624 2982 instituit
1664 2949 1728 2981 eo
1771 2931 1953 2991 modo,

53 3023 110 3064 ut
137 3033 182 3065 v.
215 3033 265 3082 g.
308 3017 486 3082 posito
523 3024 801 3066 contractu
840 3015 1212 3066 matrimoniali
1249 3016 1412 3065 oritur
1447 3016 1497 3063 in
1526 3014 1637 3063 viro
1675 3011 1955 3078 potestatis

53 3097 308 3161 primatus
347 3099 400 3148 in
440 3116 678 3148 uxorem.

128 3178 279 3230 Circa
319 3182 649 3246 propositam
692 3181 1062 3246 quaestionem
1103 3179 1276 3230 variae
1317 3186 1439 3229 sunt
1478 3177 1786 3227 sententiae.

126 3261 587 3313 Examinabimus:
623 3278 662 3313 Ι.
689 3263 949 3313 theoriam
970 3263 1300 3312 successivae
1322 3258 1734 3326 aggregationiS,
1768 3271 1814 3307 2.
1845 3273 1957 3306 sen-

54 3344 271 3393 tentiam
315 3345 455 3410 pacti
496 3344 704 3395 socialis
734 3344 1070 3404 Pufendorfii,
1117 3357 1162 3407 3.
1207 3343 1522 3393 sententiam
1566 3339 1706 3406 pacti
1747 3336 1955 3388 socialis
