2182 3682
209 182 308 231 166
608 192 721 220 PARS
756 191 800 221 Ι..
838 192 1152 220 PHILOSOPHIA
1186 191 1390 221 MORALIS
1426 192 1704 221 GENERALIS.

201 328 349 390 titur;
395 345 553 394 porro
596 328 820 378 dubium
861 337 1042 395 potest
1075 345 1190 378 esse
1218 327 1302 378 vel
1330 328 1627 393 positivum
1655 327 1739 379 vel
1779 328 2110 394 negativum,

201 418 361 475 prout
401 410 593 460 adsunt
633 427 823 477 graves
862 411 1094 461 rationes
1135 410 1417 460 dubitandi
1455 410 1540 460 vel
1580 410 1724 461 leves
1764 419 1970 460 tantum
2018 420 2110 462 aut

203 491 401 551 nullae;
445 492 585 542 iuris
625 492 708 542 vel
734 493 902 558 facti,
943 499 1105 558 prout
1141 500 1379 542 versatur
1407 493 1545 542 circa
1584 492 1717 559 legis
1745 493 2111 543 exsistentiam

202 581 294 622 aut
334 574 472 624 circa
514 574 714 625 factum
755 574 971 640 aliquod
1013 573 1346 640 particulare.
1405 573 1541 624 Cum
1583 574 1908 625 conscientia
1948 575 2113 626 dubia

202 673 310 705 non
351 656 418 705 sit
458 656 724 706 dictamen
767 656 1151 717 conscientiae,
1207 656 1301 705 sed
1354 656 1577 722 privatio
1619 657 1883 718 eiusdem,
1937 656 2112 707 solum

205 738 472 788 reductive
513 739 741 804 pertinet
767 738 836 788 ad
866 738 1263 799 conscientiam,
1307 739 1442 788 sicut
1469 739 1763 804 generatim
1792 739 2113 805 privationes

202 820 272 870 ad
331 820 384 869 id
445 821 791 882 reducuntur,
856 820 1004 870 cuius
1063 820 1288 885 privatio
1344 829 1481 871 sunt.
1577 820 1671 870 Ad
1733 821 2111 871 conscientiam

204 902 423 951 dubiam
464 903 697 952 revocari
745 911 925 968 potest
966 903 1291 952 conscientia
1321 902 1625 967 pelplczra,
1679 919 1802 952 cum
1844 903 1959 968 quis
1999 911 2114 953 tum

203 1000 362 1049 agere
401 993 511 1033 tum
554 1002 661 1034 non
703 1002 862 1050 agere
903 994 1188 1050 peccatum
1229 992 1381 1050 putat
1409 994 1462 1034 et
1502 985 1625 1035 ideo
1666 986 1802 1034 inter
1828 993 2114 1051 utrumque

203 1067 393 1116 anxius
420 1066 614 1117 haeret.
656 1099 727 1104 ——-
770 1066 945 1133 Saepe
974 1084 1169 1116 nomen
1200 1067 1558 1117 conscientiae
1587 1067 1782 1117 dubiae
1810 1067 2116 1118 extenditur
2181 1115 2182 1134 ἶ

203 1148 270 1197 ad
314 1165 530 1198 omnem
572 1149 952 1199 conscientiam
995 1166 1102 1199 non
1144 1158 1359 1199 certam.
2181 1140 2182 1146 ἵ

280 1252 324 1302 3.
381 1237 610 1288 Ratione
666 1239 813 1288 modi
866 1238 1166 1288 lcabz'fttalis
1216 1238 1496 1288 iudicandi
1548 1239 1599 1288 in
1655 1239 1815 1289 rebus
1869 1240 2115 1305 practicis

204 1321 530 1370 conscientia
569 1331 674 1371 est:
730 1321 779 1384 a)
820 1321 1162 1386 scrupulosa,
1216 1321 1260 1370 si
1300 1321 1415 1386 quis
1456 1338 1525 1370 ex
1577 1320 1782 1371 levibus
1823 1321 2116 1371 rationibus

204 1403 608 1468 apprehendere
649 1402 785 1452 solet
827 1402 1056 1468 culpam,
1102 1403 1193 1451 ubi
1234 1402 1391 1468 culpa
1432 1420 1538 1452 non
1581 1412 1661 1453 est
1676 1420 1686 1466 ;
1731 1404 1787 1469 b)
1827 1411 2029 1465 tenera,
2071 1404 2115 1453 si

203 1485 320 1550 quis
359 1494 607 1535 accurate
636 1486 793 1534 etiam
824 1486 1073 1534 minimos
1102 1484 1344 1535 defectus
1371 1485 1649 1535 advertere
1676 1485 1841 1548 solet;
1887 1487 1935 1550 c)
1977 1484 2113 1535 laxa

203 1567 461 1633 denique,
516 1568 558 1617 si
600 1568 716 1633 quis
758 1567 870 1616 sine
911 1566 1192 1617 sufficienti
1234 1568 1436 1617 ratione
1477 1568 1528 1617 in
1582 1567 1818 1618 favorem
1859 1567 2115 1618 libertatis

202 1666 313 1699 rem
354 1649 546 1699 licitam
593 1667 708 1699 esse
749 1650 980 1700 iudicare
1023 1650 1312 1700 consuevit.

279 1753 452 1804 Schol.
511 1752 709 1819 Quaeri
748 1763 944 1820 potest,
989 1754 1057 1803 ad
1099 1770 1388 1820 quemnam
1422 1753 1664 1803 habitum
1693 1754 1962 1804 dictamen
1992 1772 2113 1805 con-

201 1837 452 1886 scientiae
493 1836 997 1902 ultimo-practicum
1038 1836 1316 1902 pertineat.
1397 1836 1553 1901 Resp.
1610 1836 1734 1886 Non
1776 1837 2004 1903 pertinet
2044 1838 2114 1887 ad

201 1936 364 1968 unum
415 1919 672 1969 habitum.
756 1918 808 1969 Si
853 1928 930 1968 est
971 1927 1116 1968 serta
1159 1928 1211 1967 et
1252 1927 1428 1978 recta,
1481 1919 1710 1984 pertinet
1749 1919 1819 1969 ad
1871 1919 2114 1970 habitum

191 2002 550 2066 j>1¹ztcz⁷e72t2'ac⁷;
591 2018 745 2051 secus
773 2002 841 2050 ad
879 2000 1111 2067 aliquam
1141 2001 1449 2067 opinionem
1477 1999 1560 2050 vel
1602 1999 1766 2050 fidem
1807 2001 2112 2052 humanam.

948 2178 1277 2218 ARTICULUs
1311 2179 1365 2216 Π.

370 2283 463 2328 DE
503 2283 978 2330 OBLIGA'I'IONE
1017 2282 1539 2329 CONSCIENTIAM
1578 2281 1945 2341 SEQUENDI.

888 2415 1158 2463 THESIS
1194 2416 1422 2462 XXXII.

213 2509 352 2573 198.
434 2521 522 2566 Ad
561 2522 800 2568 honeste
840 2521 1124 2581 agendum
1163 2519 1465 2581 requiritur
1502 2525 1556 2566 et
1591 2518 1798 2566 sufficit
1824 2517 2112 2567 conscien-

203 2593 312 2641 tiae
351 2594 633 2642 dictamen
673 2594 1216 2655 ultimo-practicum
1256 2593 1543 2641 moraliter
1581 2600 1817 2641 certum.

280 2707 368 2760 St.
429 2708 505 2777 Q.
606 2727 646 2763 Ι.
701 2711 1001 2778 Loquimur
1061 2713 1128 2762 de
1191 2712 1478 2762 dictamine
1539 2712 1896 2762 conscientiae
1954 2730 2113 2763 sensu

204 2794 386 2843 stricto
440 2803 720 2860 acceptae,
778 2795 923 2860 quod
977 2794 1137 2844 etiarn
1190 2794 1458 2844 dictamen
1511 2794 1868 2845 conscientiae
1906 2795 2113 2845 ultimo-

194 2876 496 2940 praclicum
538 2884 760 2927 vocatur
811 2886 864 2927 et
915 2877 1085 2943 probe
1127 2876 1567 2943 distinguendum
1608 2886 1688 2927 est
1727 2894 1757 2926 a
1797 2877 1993 2927 iudicio
2037 2895 2112 2927 re-

206 2966 340 3007 mose
368 2959 641 3023 practico.
697 2960 844 3025 quod
899 2959 1059 3009 etiam
1110 2959 1498 3025 speculativum
1549 2960 1601 3008 in
1655 2976 1852 3025 genere
1903 2977 2112 3009 morum

207 3040 411 3090 dicitur.
492 3041 776 3090 Dictamen
819 3042 955 3090 enim
1001 3042 1358 3091 conscientiae
1398 3042 1592 3091 versari
1632 3050 1811 3107 potest
1851 3041 1943 3091 vel
1978 3042 2114 3092 circa

205 3123 473 3172 actionem
513 3124 811 3173 secundum
851 3141 908 3173 se
949 3133 1002 3173 et
1041 3125 1093 3173 in
1134 3124 1414 3173 universali
1455 3123 1544 3173 vel
1582 3124 1719 3174 circa
1757 3125 2025 3173 actionem
2055 3132 2112 3173 ut

207 3203 295 3254 laic
335 3213 386 3254 et
421 3222 556 3254 mmc
594 3222 625 3255 a
665 3205 815 3255 nobis
855 3205 1230 3256 exercendam.
1311 3206 1398 3255 De
1438 3205 1542 3255 hoc
1583 3205 1771 3255 ultimo
1812 3207 2033 3271 agimus,

285 3306 330 3343 2.
381 3291 764 3343 Certitudinem
816 3292 1172 3359 intellegimus
1224 3293 1480 3343 moralem
1533 3295 1692 3344 etiam
1743 3293 2112 3360 imperfectam

208 3391 301 3423 seu
354 3374 457 3424 late
499 3376 724 3436 dictam,
780 3376 862 3425 cui
902 3374 1148 3425 absolute
1201 3375 1420 3441 quidem
1475 3393 1620 3426 error
1670 3393 1778 3426 non
1830 3383 2109 3441 repugnat,
