2182 3682
216 164 314 227 178
615 172 728 202 PARS
763 172 792 202 1.
843 171 1158 201 PHILOSOPHIA
1192 171 1395 201 MORALIS
1430 171 1709 202 GENERALIS.

205 308 442 368 habilior,
490 324 762 370 numquam
809 318 974 357 tamen
1022 310 1100 357 lex
1148 307 1246 355 dici
1293 307 1498 369 poterit,
1549 307 1636 355 sed
1684 308 1985 370 appellanda
2027 308 2119 356 erit

205 399 343 431 mera
379 383 569 446 opinio,
609 391 778 446 utpote
815 400 875 432 ex
912 383 1100 431 fallibili
1136 383 1322 430 motivo
1361 383 1598 441 deducta,
1639 397 1766 444 quae
1802 383 1901 430 vim
1936 398 2119 445 nequa-

206 475 355 520 quam
391 459 541 506 habet
574 467 627 506 ut
649 460 732 511 lex,
752 459 1053 520 obligandi.»
1097 454 1407 519 (Dissertatio
1433 458 1566 519 apud
1590 458 1780 505 Arerzdt
1801 459 1830 505 ].
1859 474 1899 506 c.
1927 474 1974 519 p.
2004 472 2113 519 372.

207 534 283 581 Ne
332 533 440 595 quis
485 535 616 580 hanc
663 533 1057 581 dissertationem
1103 533 1247 580 facile
1294 532 1493 594 neglegi
1528 547 1673 593 posse
1709 540 1860 595 putet,
1899 532 2117 580 animad-

205 617 344 656 verto
392 624 501 656 eam
548 608 694 656 fuisse
742 609 869 655 inter
912 622 1066 670 opera
1103 608 1148 655 S.
1188 607 1578 669 Congregationi
1625 608 1689 655 ad
1736 608 2115 670 approbandum
2156 598 2159 599 ⁷

204 683 481 745 proposita,
533 699 644 730 cum
691 692 918 744 ageretur
965 683 1026 730 de
1065 683 1110 729 S.
1151 683 1411 744 Alphonso
1456 683 1520 729 ad
1557 681 1846 743 dignitatern
1883 684 2116 731 Doctoris

205 758 445 806 ecclesiae
482 754 777 820 evehendo.)

967 986 1194 1033 CAPUT
1230 985 1341 1032 VH.

435 1094 551 1152 DE
599 1093 1324 1152 PROPRIETATIBUS
1377 1093 1882 1152 BONITATEM

278 1198 391 1256 ET
439 1198 861 1256 MALITIAM
911 1197 1193 1256 ACTUS
1247 1196 2037 1273 CONSEQUENTIBUS.

960 1348 1289 1389 ARTICULUS
1323 1350 1355 1388 1.

924 1449 1016 1494 DE
1056 1447 1390 1495 PECCATO.

695 1577 723 1632 ξ
763 1592 795 1619 1.
846 1581 925 1619 DE
961 1580 1227 1620 PECCATO
1264 1580 1624 1619 GENERATIM.

325 1682 389 1736 (S.
432 1686 570 1724 Thom.
612 1695 646 1733 1,
684 1695 721 1734 2,
758 1699 795 1737 q.
835 1694 901 1734 71,
937 1699 971 1724 a.
1009 1685 1046 1723 6.
1113 1686 1288 1733 Lessias,
1328 1685 1394 1723 De
1429 1685 1552 1723 divin.
1589 1684 1832 1736 perfectiori.
1868 1683 1893 1722 l.
1935 1693 1998 1733 13,

1079 1766 1113 1792 c.
1151 1751 1243 1804 26.)

206 1874 352 1926 209.
432 1863 719 1913 Peccatum
748 1872 829 1913 est
856 1862 938 1913 vel
962 1862 1238 1932 hagiam-le
1265 1863 1348 1912 vel
1367 1863 1591 1913 actuale.
1646 1860 2110 1928 Peccat'urn‘lngz'-

203 1945 348 1995 male
368 1954 455 2015 rest
481 1954 651 1995 status
679 1963 747 1995 ex
777 1933 1224 2011 actualffiJeccato
1256 1944 1486 2005 relictus,
1530 1962 1560 1994 a
1588 1962 1696 2011 quo
1725 1944 1907 2006 homo,
1952 1944 2111 1994 etiam

203 2018 492 2094 postquam
544 2037 695 2078 actus
746 2028 953 2094 peccati
1006 2029 1235 2090 transiit,
1291 2036 1544 2094 peccator
1590 2028 1906 2076 nominatur.
1987 2025 2113 2075 Non

203 2111 443 2160 consistit
493 2111 544 2160 in
596 2109 775 2176 aliquo
817 2110 1029 2172 habim,
1086 2111 1182 2160 sed
1224 2111 1275 2160 in
1317 2111 1503 2160 ordine
1544 2107 2116 2173 naturaliffnihiluesset

203 2193 300 2243 nisi
351 2193 714 2243 denominatio
768 2210 837 2242 ex
884 2192 1077 2242 actuali
1131 2202 1358 2263 peccato
1411 2191 1698 2258 praeterito
1751 2208 1868 2257 non
1907 2198 2113 2256 retrac-

201 2284 315 2343 tato
355 2274 438 2325 vel
491 2276 727 2326 remisso,
809 2275 913 2325 Hic
966 2275 1122 2325 nobis
1163 2275 1230 2324 de
1272 2284 1498 2341 peccato
1540 2273 1733 2324 actuali
1772 2273 2110 2339 potissimum

203 2357 475 2423 agendum
516 2366 610 2408 est.

208 2514 352 2555 210.
433 2505 718 2555 Peccatum
761 2503 972 2554 actuale
1013 2503 1262 2554 definitur
1309 2502 1705 2569 «lransgressz‘o
1746 2501 1921 2552 libera
1974 2501 2113 2567 legis

203 2586 422 2636 divinae
431 2607 450 2632 »
466 2629 472 2636 .

276 2676 484 2726 Dicitur
532 2691 572 2726 1.
615 2676 979 2742 transgressio
1019 2675 1174 2741 legis,
1217 2675 1246 2725 i.
1289 2693 1332 2725 e.
1375 2675 1515 2725 actio
1544 2673 1627 2725 vel
1668 2674 1899 2746 omissi-o*
1925 2681 2111 2724 contra

203 2760 589 2825 praescriptum
630 2758 787 2825 legis3
1792 2744 1849 2747 Μ

281 2861 326 2898 2.
371 2848 577 2909 libera,
629 2849 657 2898 i.
703 2866 744 2898 e.
791 2865 929 2915 quae
981 2857 1040 2898 ut
1091 2847 1208 2897 talis
1261 2864 1330 2896 ex
1377 2846 1683 2912 cognitione
1724 2854 1777 2895 et
1817 2844 1981 2895 libera
2020 2860 2109 2893 vo-

204 2929 406 2980 luntate
447 2930 714 2996 procedit;
2014 2919 2023 2921 ⁸

283 3033 329 3082 3.
376 3019 516 3085 legis
556 3018 790 3069 dz'wbzae.
860 3019 982 3069 Hoc
1024 3036 1132 3068 non
1171 3017 1436 3087 significat
1476 3015 1952 3082 transgressionem
1979 3013 2112 3079 legis

206 3101 477 3151 humanae
528 3119 636 3151 non
688 3118 804 3151 esse
855 3110 1165 3167 peccatum,
1220 3100 1316 3150 sed
1367 3098 1540 3150 solum
1593 3095 2113 3169 rationemxjpeccati

207 3182 495 3233 formaliter
534 3183 741 3233 desumi
774 3200 844 3233 ex
885 3183 1227 3249 oppositione
1267 3190 1418 3232 actus
1457 3181 1526 3230 ad
1567 3179 1746 3246 legem
1786 3169 2018 3250 divinam
2059 3170 2112 3226 et

205 3265 682 3331 transgressionem
729 3264 863 3331 legis
903 3265 1168 3314 humanae
1208 3264 1331 3313 ideo
1373 3279 1489 3313 esse
1531 3271 1841 3328 peccatum,
1895 3259 2110 3333 quiarin

207 3363 269 3396 ea
308 3346 592 3397 involvitur
632 3334 983 3413 transgressio
1024 3345 1158 3412 legis
1199 3345 1420 3395 divinae.
