2182 3682
239 153 344 203 290
638 149 750 178 PARS
786 149 833 179 ΙΙ.
884 149 1203 179 PHILOSOPHIA
1237 148 1440 178 MORALIS
1477 149 1724 179 SPECIALIS.

234 287 404 353 possit
443 287 685 337 ordinate
713 295 765 337 et
794 286 1015 353 pacifice
1056 287 1307 347 exerceri,
1351 286 1517 337 debet
1557 287 1772 337 cuilibet
1799 287 1998 338 licitum
2025 305 2142 339 esse

233 370 333 419 sibi
373 369 577 435 privata
618 369 857 419 dominia
894 368 1152 420 stabiliter
1193 369 1479 434 acquirere.
1559 369 1714 435 Ergo
1758 411 1767 420 .
1814 412 1822 420 .

307 467 464 518 Proh.
509 468 639 518 mai.
719 468 830 518 Res
871 468 1012 518 enim
1051 467 1379 518 irrationales
1418 476 1540 518 sunt
1590 477 1810 535 propter
1848 468 2137 531 hominem,

233 556 290 599 ut
349 551 520 616 possit
575 567 631 600 se
695 567 1036 611 conservare,
1102 550 1390 617 perficere,
1455 550 1615 600 finem
1679 568 1835 601 suum
1898 550 2140 601 ultimum

234 632 504 698 consequi.
2173 632 2180 633 ἶ

306 729 464 779 Proh.
509 729 635 779 min.
705 730 754 793 a)
796 730 883 779 Ex
922 731 1030 779 iure
1072 730 1256 780 utendi
1298 729 1455 780 rebus
1495 729 1661 779 homo
1702 729 1892 780 saltem
1932 730 2012 781 ius
2051 730 2141 781 ha-

232 812 360 861 bere
401 812 565 861 debet
605 811 929 862 excludendi
978 821 1185 862 ceteros
1227 812 1294 862 ab
1336 829 1431 862 usu
1474 829 1675 874 rerum,
1731 812 1927 879 quibus
1967 812 2055 863 laic
2093 821 2146 863 et

231 911 365 943 nunc
403 894 612 960 indiget
649 903 702 944 et
731 911 864 960 quas
892 894 1034 944 hunc
1063 895 1114 944 in
1144 894 1304 945 finem
1334 895 1618 961 occupavit
1657 903 1749 944 aut
1787 895 2136 961 praeparavit.

232 973 364 1040 Quis
415 977 553 1026 enim
608 976 809 1026 diceret
859 976 1130 1027 hominem
1185 995 1293 1027 non
1346 994 1506 1043 posse
1559 976 1849 1027 excludere
1899 976 2031 1028 alios
2071 979 2140 1028 ab

231 1075 327 1108 usu
368 1059 592 1108 vestium
634 1058 718 1109 vel
771 1059 901 1121 cibi,
957 1077 1094 1126 quos
1134 1060 1233 1110 sibi
1286 1077 1384 1126 pro
1426 1076 1532 1109 uno
1581 1060 1818 1110 alterove
1871 1060 1957 1110 die
1996 1077 2133 1126 prae-

232 1139 467 1206 paravit?
545 1139 598 1191 Si
641 1141 745 1192 hoc
796 1142 875 1191 ius
931 1159 1041 1191 non
1093 1142 1431 1203 admittatur,
1489 1141 1665 1192 nullus
1718 1141 1852 1191 ordo
1905 1150 1959 1191 et
1998 1141 2142 1192 nulla

229 1223 459 1273 societas
486 1222 701 1273 homine
742 1224 904 1289 digna
945 1224 1040 1274 erit
1069 1223 1349 1290 possibilis.
1407 1224 1517 1274 Iam
1547 1224 1589 1274 si
1617 1241 1715 1290 pro
1744 1223 1922 1290 aliquo
1950 1223 2138 1274 saltem

231 1314 475 1371 tempore
516 1304 620 1355 hoc
660 1306 739 1355 ius
780 1306 824 1355 ei
866 1307 1141 1372 competit,
1187 1324 1280 1356 cur
1319 1323 1426 1356 non
1469 1323 1566 1372 pro
1597 1314 1710 1356 tota
1749 1307 1869 1367 vita,
1913 1314 1967 1356 et
2005 1307 2048 1356 si
2087 1307 2139 1356 in

229 1405 335 1436 uno
381 1404 554 1436 rerum
596 1405 809 1453 genere,
855 1405 947 1438 cur
987 1406 1092 1438 non
1134 1389 1186 1438 in
1227 1388 1370 1438 aliis?

304 1480 360 1551 b)
415 1483 599 1533 Homo
642 1501 747 1534 non
790 1484 962 1535 solum
1021 1485 1419 1551 praesentibu5‚
1473 1485 1568 1535 sed
1612 1486 1771 1535 etiam
1802 1485 2022 1551 futuris
2060 1503 2144 1536 ne-

230 1566 563 1615 cessitatibus
615 1567 923 1633 prospicere
977 1568 1154 1618 debet.
1237 1568 1413 1618 Nemo
1456 1569 1595 1617 enim
1637 1567 1733 1617 nisi
1772 1568 2142 1634 imprudentis-

228 1648 391 1698 simus
431 1648 531 1698 sibi
579 1656 821 1715 tempore
863 1657 1170 1716 opportuno
1212 1667 1319 1700 non
1361 1650 1664 1716 providebit
1705 1650 2001 1709 necessaria
2039 1668 2138 1717 pro

229 1738 471 1796 tempore
511 1730 699 1780 hiemis
739 1731 822 1781 vel
864 1750 961 1797 pro
1004 1742 1246 1799 tempore
1288 1733 1555 1798 penuriae,
1600 1732 1787 1794 morbi,
1834 1734 2135 1795 senectutis,

227 1812 474 1862 similium
517 1829 750 1864 casuum.
818 1811 953 1878 Quis
994 1824 1171 1864 autem
1215 1814 1348 1865 haec
1389 1814 1487 1864 sibi
1529 1831 1839 1881 comparare
1880 1815 2136 1876 studeret,

226 1895 269 1944 si
311 1893 443 1944 alios
486 1912 594 1944 non
635 1903 820 1961 posset
866 1897 934 1946 ab
984 1914 1168 1947 eorum
1212 1914 1307 1946 usu
1351 1894 1670 1947 excludere?
1747 1897 2038 1960 Praeterea,
2083 1905 2140 1948 ut

228 1978 495 2038 ordinate,
558 1977 813 2039 honeste,
873 1980 1162 2029 commode
1212 1980 1380 2039 vivat,
1436 1979 1599 2029 debet
1655 1978 1845 2029 saltem
1897 1980 2137 2042 domum,

227 2060 390 2109 immo
435 2059 593 2109 etiam
636 2077 825 2126 agrum
866 2061 966 2111 sibi
1008 2062 1283 2127 acquirere
1324 2079 1499 2128 posse,
1543 2062 1614 2111 ita
1651 2070 1708 2111 ut
1749 2062 1945 2112 nemini
1985 2061 2140 2113 liceat

227 2142 402 2207 ipsum
444 2142 569 2192 inde
611 2142 895 2208 expellere.

301 2240 350 2302 c)
392 2238 544 2288 Haec
586 2239 764 2289 omnia
805 2239 974 2289 inulto
1016 2241 1187 2306 magis
1228 2241 1526 2291 necessaria
1565 2249 1703 2301 sunt,
1748 2240 1788 2290 si
1831 2249 2139 2307 spectamus

226 2328 480 2370 naturam
531 2321 787 2371 socialem
830 2322 1093 2382 hominis,
1146 2323 1195 2372 vi
1238 2323 1385 2373 cuius
1435 2321 1752 2389 plerumque
1791 2323 2029 2389 integrae
2071 2324 2139 2375 fa-

226 2402 414 2463 miliae,
451 2403 761 2468 praesertim
792 2405 1095 2454 educationi
1139 2413 1251 2454 tum
1293 2403 1556 2471 corporali
1590 2413 1703 2454 tum
1731 2405 1986 2471 spirituali
2013 2405 2136 2457 libe-

226 2502 418 2545 rorum,
464 2486 772 2551 prospicere
814 2486 992 2537 debet.
1061 2486 1339 2537 Praeterea
1380 2496 1626 2553 parentes
1663 2495 1910 2537 tenentur
1938 2504 2134 2550 curare,

226 2575 283 2615 ut
325 2566 414 2616 filii
455 2567 612 2616 etiam
665 2576 790 2633 post
830 2578 1060 2618 mortem
1103 2578 1384 2634 parentum
1434 2570 1639 2635 possint
1677 2587 1774 2619 suo
1815 2571 1975 2619 statui
2015 2588 2137 2621 con-

224 2649 498 2698 venienter
537 2650 740 2712 vivere3
786 2651 851 2699 ad
895 2650 999 2701 hoc
1041 2660 1216 2701 autem
1261 2650 1574 2717 plerumque
1616 2651 1909 2717 requiritur,
1952 2660 2009 2702 ut
2049 2671 2134 2720 pa-

225 2737 401 2780 rentes
441 2730 558 2780 filiis
609 2731 797 2781 saltem
841 2733 1118 2783 moderate
1159 2733 1514 2783 thesaurizent
1556 2733 1631 2797 (S.
1683 2733 1897 2794 leom„
1945 2733 2154 2801 Suppl„

225 2812 292 2861 ad
334 2830 383 2878 p.
432 2826 479 2876 3,
524 2830 573 2878 q.
619 2813 705 2877 67,
750 2830 794 2864 a.
848 2815 909 2879 Ι).

299 2909 354 2973 d)
397 2909 580 2958 Homo
623 2926 728 2959 non
772 2909 945 2959 solum
989 2911 1356 2977 corporalibus
1396 2912 1803 2962 necessitatibus
1829 2911 2133 2962 satisfacere

225 2990 403 3052 debet,
447 2991 542 3040 sed
585 2991 742 3040 etiam
785 3009 882 3057 pro
923 3010 1021 3042 suo
1063 2993 1277 3060 ingenio
1320 3003 1372 3044 et
1414 2994 1710 3060 capacitate
1749 2994 1947 3044 varias
1986 3003 2134 3044 artes

224 3089 475 3122 exercere
524 3081 637 3122 tum
690 3073 1027 3124 mechanicas
1080 3083 1192 3124 tum
1233 3075 1503 3137 liberales,
1558 3092 1694 3141 quae
1735 3076 1804 3126 ad
1843 3075 2130 3126 humanam

223 3154 487 3204 culturam
540 3155 831 3220 pertinent,
886 3156 1013 3205 item
1069 3156 1244 3206 colere
1295 3158 1490 3207 varias
1539 3158 1791 3208 scientias
1836 3166 1936 3209 etc.
2018 3158 2129 3208 Iam

223 3252 349 3285 vero
389 3236 523 3286 haec
575 3236 749 3286 studia
799 3253 961 3302 saepe
1002 3238 1276 3303 requirunt
1328 3238 1634 3305 multiplicia
1676 3239 1940 3300 subsidia,
1995 3256 2130 3306 quae

224 3317 313 3366 diu
342 3326 464 3367 ante
497 3319 800 3384 praeparari
841 3327 893 3368 et
922 3319 1244 3370 accumulari
1273 3321 1489 3382 debent,
1535 3322 1842 3387 praesertim
1871 3322 1914 3370 si
1941 3329 2130 3387 agatur
