2182 3682
229 190 326 252 158
627 198 740 228 PARS
776 198 804 228 Ι.
856 196 1170 227 PHILOSOPHIA
1204 195 1408 225 MORALIS
1443 195 1723 225 GENERALIS.

218 335 383 386 habet
421 351 728 400 supremum
771 334 1069 384 dominium
1098 340 1473 383 creaturarum.
1544 331 1643 396 (Cf.
1678 330 1729 382 S.
1772 331 1960 382 lem.
1998 345 2040 393 Ι,
2073 344 2120 394 2,

218 435 267 484 q.
321 431 435 478 IOO,
479 433 524 467 a.
571 418 600 467 8
643 416 712 467 ad
756 418 826 482 3.)

290 515 503 565 Deinde
554 515 851 584 notandum
908 522 987 563 est
1047 513 1175 563 brev
1180 529 1264 562 em
1307 511 1614 573 formulam,
1674 529 1781 578 qua
1837 518 2124 577 praecepta

216 597 470 647 naturalia
511 597 769 647 enuntiari
808 595 997 657 solent,
1041 586 1203 661 saepe
1245 612 1351 669 non
1381 578 1636 659 exhibere
1663 593 1882 672 plenum
1911 610 2123 644 sensum
2156 660 2157 664 Ἰ

214 679 525 730 eorundem.
608 678 695 730 Sic
736 697 783 730 v
829 695 878 744 g.
923 676 1038 728 sola
1079 666 1269 728 verba:
1321 677 1601 743 «deposita
1641 672 1764 726 sunt
1793 669 2124 737 reddenda»,
2159 668 2169 669 ⁷⁷

213 780 320 812 non
362 762 620 812 exhibent
660 761 880 828 plenum
909 778 1124 811 sensum
1166 760 1439 826 praecepti
1480 759 1747 810 naturalis
1818 758 1942 809 Hoc
1983 758 2125 809 enim

211 843 386 894 solum
446 844 703 910 praecipit
762 843 1039 894 reddenda
1100 860 1216 892 esse
1273 842 1545 908 deposita,
1609 842 1828 909 quando
1885 841 2018 891 iuste
2075 848 2127 890 et
2181 889 2182 892 ,

216 927 599 977 rationabiliter
628 933 898 993 petuntur.
969 925 1402 976 Irrationabiliter
1430 942 1561 991 ergo
1590 924 1794 992 petenti
1823 924 2128 990 depositum
2181 910 2182 915 ¹

213 1009 553 1059 reddendum
610 1027 718 1059 non
772 1018 882 1071 est,
940 1026 1114 1075 neque
1166 1008 1252 1058 hic
1306 1025 1458 1058 casus
1513 1006 1989 1074 comprehenditur
2027 1005 2127 1056 sub

213 1091 334 1157 lege
389 1092 625 1158 ideoque
678 1110 856 1158 neque
910 1092 1125 1158 proprie
1178 1100 1258 1141 est
1313 1091 1536 1141 mutatio
1579 1089 1712 1155 legis
1752 1088 1834 1140 vel
1878 1088 2128 1155 exceptio

210 1191 242 1224 a
282 1173 416 1240 lege.

223 1306 359 1371 184-
442 1324 542 1364 Obi.
577 1336 610 1364 ι.
666 1319 826 1378 Leges
864 1317 1098 1379 physicae
1136 1315 1311 1363 mutari
1348 1324 1566 1378 possunt.
1637 1315 1775 1376 Erga
1811 1314 1958 1363 etiam
1995 1329 2132 1376 prae-

215 1400 360 1453 cepta
396 1392 517 1453 legis
553 1393 801 1439 naturalis.

296 1490 446 1539 Resp.
521 1481 654 1529 Cane.
694 1487 837 1528 antec.
877 1488 921 1527 et
953 1497 1068 1542 nega
1111 1496 1228 1529 cans.
1268 1487 1312 1527 et
1343 1481 1618 1542 paritatem.
1690 1481 1851 1541 Leges
1898 1477 2132 1540 physicae

218 1565 441 1618 sumptae
488 1572 632 1603 sensu
679 1556 883 1619 proprio
933 1573 1023 1618 pro
1073 1556 1431 1603 conclusionibus
1477 1555 1735 1617 scientificis
1776 1554 2010 1616 physicae
2056 1554 2134 1600 vel

219 1631 429 1678 chimiae
473 1640 584 1679 sunt
629 1631 982 1690 immutabiles,
1026 1631 1141 1693 quia
1189 1646 1292 1678 non
1337 1631 1558 1678 absolute
1603 1631 1879 1678 inferuntur
1914 1629 2002 1677 sed
2039 1644 2134 1675 can-

218 1708 469 1763 diedemate,
519 1707 602 1754 scl.
642 1707 680 1753 si
721 1722 894 1754 omnes
944 1706 1265 1754 condiciones
1312 1706 1577 1767 requisitae
1625 1705 1799 1752 adsint.
1874 1705 1923 1751 Si
1972 1712 2134 1751 autem

218 1782 352 1842 leges
401 1783 636 1843 physicae
686 1790 938 1829 sumuntur
986 1797 1077 1844 pro
1127 1783 1359 1828 constanti
1394 1787 1438 1827 el
1471 1780 1710 1841 uniformi
1741 1780 1972 1843 operandi
2003 1780 2135 1826 mado

218 1871 381 1903 rerum
419 1856 750 1918 physicarum,
790 1857 858 1904 sic
892 1857 1069 1903 mutari
1093 1865 1312 1918 possunt,
1352 1856 1466 1918 quia
1491 1858 1627 1904 Deus
1655 1864 1814 1918 potest
1839 1871 2134 1903 concursum

219 1931 470 1993 denegare
507 1933 583 1980 vel
622 1932 980 1993 impedimenta
1018 1946 1300 1993 apponere,
1340 1946 1403 1978 ne
1442 1932 1644 1979 effectus
1681 1931 1848 1978 solitus
1886 1939 2131 1991 sequatur,

219 2006 371 2053 immo
409 2016 570 2069 potest
606 2008 751 2054 rebus
788 2006 1002 2068 physicis
1039 2007 1103 2053 ad
1141 2021 1505 2068 quemcumque
1533 2007 1764 2054 effectum
1789 2005 1936 2054 etiam
1963 2021 2131 2053 earum

219 2090 421 2129 naturae
469 2097 560 2144 per
607 2097 657 2130 se
696 2082 997 2129 contrarium
1034 2081 1126 2140 uti,
1176 2099 1219 2129 v.
1258 2097 1303 2142 g.
1342 2081 1457 2143 igne
1495 2082 1559 2128 ad
1595 2081 2004 2142 refrigerandum.
2076 2082 2134 2127 In

218 2158 352 2204 nullo
405 2172 465 2204 ex
510 2157 584 2205 his
632 2158 809 2204 casibus
856 2158 1013 2203 oritur
1050 2158 1248 2219 proprie
1295 2157 1416 2203 dicta
1462 2159 1781 2219 repugnantia
1828 2172 1927 2203 cum
1973 2171 2136 2202 earum

217 2238 420 2288 natura,
472 2241 618 2294 prout
664 2232 789 2280 haec
837 2233 1003 2280 subest
1038 2232 1236 2279 divinae
1274 2231 1513 2279 voluntati
1551 2228 1615 2293 (S.
1662 2232 1854 2287 Pham„
1905 2231 1960 2279 C.
2001 2239 2132 2292 gent.

216 2308 245 2354 1.
278 2324 322 2368 3,
362 2324 403 2354 c.
436 2303 561 2369 100),
613 2317 661 2355 et
708 2324 797 2369 per
835 2323 1148 2368 consequens
1187 2323 1298 2354 cum
1335 2306 1576 2369 sapientia
1612 2308 1690 2354 vel
1727 2307 1982 2355 sanctitate
2019 2306 2130 2353 Dei.

216 2384 279 2429 Et
314 2382 437 2430 ratio
476 2392 570 2441 est,
623 2383 738 2444 quia
782 2391 1036 2430 creaturae
1074 2382 1380 2430 irrationales
1417 2392 1528 2430 sunt
1563 2398 1694 2429 mera
1729 2382 1908 2439 media,
1956 2381 2132 2443 quibus

216 2467 420 2519 propter
467 2473 517 2505 se
555 2459 684 2520 ipsas
720 2458 843 2504 nihil
880 2459 1111 2515 debetur,
1163 2457 1250 2505 sed
1291 2457 1466 2519 quibus
1506 2460 1640 2505 Deus
1675 2457 1743 2504 uti
1779 2464 1966 2519 potest,
2016 2471 2133 2517 quo-

216 2533 586 2594 modocumque
635 2533 680 2580 ei
727 2533 962 2595 placitum
1011 2533 1167 2580 fuerit.
1242 2534 1308 2579 At
1345 2548 1462 2580 vero
1510 2541 1561 2579 ut
1600 2533 1751 2579 homo
1788 2531 1942 2579 libere
1979 2539 2135 2593 ponat

217 2616 380 2654 actum
423 2608 691 2656 intrinsece
729 2609 937 2666 malum,
988 2623 1185 2670 semper
1221 2617 1269 2655 et
1305 2608 1486 2669 ubique
1525 2607 1713 2655 homini
1750 2606 2134 2654 disconveniens

217 2692 265 2730 et
301 2682 403 2730 eius
439 2691 642 2730 naturae
679 2699 963 2745 repugnans
1000 2691 1096 2741 est,
1148 2682 1213 2729 ita
1261 2691 1311 2729 ut
1347 2684 1482 2730 Deus
1530 2683 1636 2744 ipse
1685 2683 1815 2729 hanc
1856 2696 2133 2744 repugnan-

214 2757 334 2804 tiam
393 2766 440 2805 et
498 2758 928 2806 deordinationem
990 2759 1163 2805 tollere
1226 2767 1456 2818 nequeat.
1552 2757 1747 2818 Quodsi
1815 2756 2132 2803 nihilominus

219 2834 354 2880 Deus
390 2848 480 2894 per
516 2832 939 2895 dispensationem
975 2834 1053 2879 vel
1090 2833 1414 2880 mutationem
1451 2832 1571 2894 legis
1605 2833 1745 2879 daret
1769 2830 1959 2879 homini
1985 2831 2134 2878 licen-

217 2907 336 2955 tiam
384 2907 605 2969 ponendi
653 2909 801 2955 talem
848 2917 1036 2966 actum,
1093 2915 1265 2955 contra
1316 2923 1451 2954 suam
1500 2907 1810 2954 sanctitatem
1860 2914 1908 2954 et
1943 2904 2135 2968 sapien-

219 2983 337 3029 tiam
374 2991 557 3044 ageret.

301 3085 403 3126 Obi.
438 3098 481 3125 2.
549 3080 624 3124 Ex
671 3078 801 3126 facto
838 3079 969 3126 valet
1014 3079 1166 3126 illatio
1206 3078 1269 3126 ad
1310 3093 1468 3141 posse.
1541 3078 1693 3139 Atqui
1726 3079 1861 3125 Deus
1897 3077 1961 3125 de
1999 3077 2131 3124 facto

220 3152 522 3215 dispensavit
559 3148 619 3215 (v.
647 3169 691 3215 g.
732 3154 1020 3200 Abrahamo
1058 3153 1327 3215 praecepit,
1365 3161 1416 3200 ut
1453 3152 1706 3200 occideret
1741 3147 1926 3214 filium).
1977 3152 2129 3212 Erga.

300 3253 450 3302 Resp.
503 3244 637 3292 Cane.
665 3245 772 3291 mai.
826 3244 958 3291 Dist.
986 3245 1095 3291 min.
1115 3261 1128 3289 .·
1164 3242 1482 3305 Dispensavit
1506 3242 1776 3305 improprie
1803 3250 1850 3290 et
1874 3240 2129 3300 indirecte,

224 3326 463 3379 quatenus
504 3319 707 3365 mutavit
742 3318 1026 3377 materiam,
1075 3317 1142 3365 ita
1176 3325 1228 3364 ut
1265 3319 1352 3365 sub
1389 3318 1498 3378 lege
1535 3316 1633 3364 iam
1669 3333 1772 3365 non
1809 3316 2132 3378 comprehen-

226 3393 435 3450 deretur,
474 3409 609 3450 canc„
647 3393 834 3441 directe
871 3401 919 3440 et
953 3392 1169 3455 proprie,
1209 3408 1335 3452 nega.
