2182 3682
209 176 316 236 428
608 183 722 213 PARS
756 183 804 212 ΙΙ.
856 181 1172 211 PHILOSOPHIA
1205 181 1408 211 MORALIS
1443 181 1693 210 SPECIALIS.

206 337 365 386 posse
417 320 789 370 auctoritatem
845 318 1118 385 politicam
1161 317 1401 384 obligare
1453 326 1728 384 parenteS‚
1785 325 1843 368 ut
1893 317 2120 368 infantes

207 411 352 452 certo
405 410 649 468 tempore
690 402 904 451 mittant
944 401 993 449 in
1036 399 1241 467 aliquas
1281 399 1494 450 scholas
1546 399 1789 466 publicas
1830 400 1879 464 (i.
1925 418 1968 451 e.
2013 418 2124 450 om-

208 485 362 535 nibus
403 485 684 551 patentes),
729 501 835 533 non
877 500 1004 533 vero
1046 500 1306 549 negamus
1347 500 1464 532 eam
1507 500 1666 549 posse
1703 483 1755 532 in
1797 483 2119 549 quibusdam

208 568 615 617 condicionibus
656 566 896 632 obligare
936 573 1212 632 parentes,
1255 574 1311 615 ut
1350 565 1639 616 infantibus
1679 573 1847 615 artem
1887 564 2116 631 legendi,

204 650 486 711 scribendi,
532 648 883 715 computandi
923 657 1226 715 procurent.

209 774 355 840 583.
439 777 605 824 Prob.
684 775 938 825 Parentes
979 775 1162 841 quoad
1204 774 1579 825 educationem
1623 783 1745 824 sunt
1792 775 1874 824 «in
1914 791 2120 841 posses-

203 859 406 919 sione»,
449 859 479 908 i.
512 875 554 908 e.
601 875 708 924 qua
749 857 1068 907 educatores
1107 856 1206 907 soli
1247 857 1315 907 ab
1357 857 1471 923 ipsa
1511 863 1699 907 natura
1740 856 2003 923 designati
2042 858 2122 907 ius

205 940 408 990 habent
458 941 508 990 in
561 939 666 990 hoc
720 939 898 990 officio
950 939 1226 1006 implendo
1280 957 1310 989 a
1350 939 1560 989 nemine
1607 939 1976 1006 dependendi,
2033 940 2122 1005 qui

204 1022 397 1072 iustam
450 1030 776 1088 potestatem
827 1021 879 1072 in
921 1039 1014 1071 eos
1055 1039 1161 1071 non
1215 1022 1535 1088 probaverit.
1616 1021 1946 1072 Auctoritati
1986 1020 2122 1072 civili

204 1105 364 1170 igitur
419 1104 680 1154 incumbit
737 1122 872 1154 onus
927 1105 1007 1154 ius
1062 1121 1217 1153 suum
1274 1103 1554 1170 probandi.
1646 1103 1820 1169 Atqui
1867 1103 1920 1153 id
1976 1102 2122 1154 nullo

207 1187 375 1236 modo
418 1187 648 1252 probare
689 1195 885 1252 potest.
967 1186 1122 1251 Ergo
1163 1203 1271 1235 non
1313 1185 1492 1235 habet.

280 1268 439 1318 Prob.
485 1269 613 1318 min.
696 1267 833 1318 Cum
874 1269 1176 1318 auctoritati
1219 1267 1352 1318 civili
1404 1267 1610 1317 nullum
1648 1268 1730 1317 ius
1770 1267 2031 1318 directum
2072 1267 2123 1316 in

207 1351 584 1401 educationem
626 1359 917 1417 competat,
963 1352 1101 1400 duae
1144 1357 1349 1400 tantum
1394 1350 1626 1399 rationes
1666 1349 1838 1400 afferri
1879 1357 2120 1416 possunt,

206 1434 277 1484 ob
307 1451 439 1500 quas
469 1434 605 1494 forte
631 1433 806 1483 eidem
834 1434 914 1483 ius
936 1434 1004 1482 ad
1035 1433 1371 1483 coactionem
1393 1431 1695 1482 scholarem
1723 1432 2120 1483 attribuendum

208 1516 369 1567 foret:
413 1516 506 1565 vel
543 1515 709 1565 tutela
749 1516 871 1565 iuris
911 1515 1190 1565 infantium
1232 1515 1301 1564 ad
1343 1514 1705 1580 recipiendam
1745 1532 1775 1564 a
1816 1515 2124 1581 parentibus

205 1599 610 1648 instructionem
657 1597 958 1648 scholarem
1000 1605 1190 1664 utpote
1231 1598 1332 1647 sibi
1382 1598 1763 1659 necessariam,
1817 1597 1909 1646 vel
1946 1614 2123 1647 neces-

207 1682 333 1732 sitas
374 1681 529 1731 huius
571 1681 862 1731 coactionis
904 1680 972 1730 ad
1014 1681 1217 1730 bonum
1261 1697 1562 1740 commune,
1606 1688 1870 1745 quatenus
1897 1680 2009 1729 sine
2037 1697 2121 1729 co-

208 1764 418 1814 actione
469 1763 694 1814 scholari
745 1763 992 1813 educatio
1033 1762 1116 1812 vel
1171 1762 1332 1813 civilis
1372 1761 1456 1812 vel
1509 1761 1724 1812 moralis
1775 1770 1828 1811 et
1875 1761 2121 1828 religiosa

208 1845 486 1896 infantium
544 1847 595 1895 in
656 1863 816 1912 grave
878 1846 1134 1895 damnum
1194 1844 1518 1911 reipublicae
1577 1843 1974 1910 neglegeretur‚
2035 1844 2120 1894 vel

209 1928 399 1979 saltem
435 1928 661 1978 infantes
690 1946 719 1978 a
760 1929 1115 1994 prosperitate
1152 1927 1369 1994 publica
1396 1928 1507 1976 sine
1534 1927 1865 1976 institutione
1892 1926 2122 1977 scholari

208 2011 365 2077 plane
425 2011 850 2061 excluderentur.
952 2010 1123 2076 Atqui
1179 2010 1279 2059 hae
1341 2010 1479 2059 duae
1540 2009 1772 2059 rationes
1831 2027 1939 2060 non
1998 2017 2122 2059 sunt

209 2094 470 2144 efficaces

217 2213 364 2280 584.
446 2216 568 2265 Non
601 2216 827 2281 prima,-
870 2232 992 2264 nam

283 2300 333 2363 a)
374 2298 605 2349 Difficile
647 2299 745 2348 erit
785 2298 1014 2364 probare
1056 2297 1304 2347 omnibus
1347 2295 1565 2345 omnino
1607 2294 1910 2356 infantibus,
1961 2295 2121 2345 etiam

207 2381 422 2430 infimae
463 2380 644 2431 classis
678 2380 877 2447 populi,
922 2380 1309 2429 institutionem
1337 2377 1638 2428 scholarem
1667 2395 1774 2428 non
1803 2377 1975 2427 solum
2006 2394 2122 2427 esse

208 2463 407 2524 utilem,
451 2464 547 2513 sed
589 2464 767 2513 stricte
808 2462 1188 2512 necessariam.
1273 2461 1381 2511 Sed

283 2546 339 2610 b)
381 2546 496 2595 Etsi
537 2546 867 2596 concedatur
907 2544 1067 2594 talem
1110 2544 1485 2594 necessitatem
1525 2543 1730 2604 adesse,
1777 2542 1900 2592 inde
1940 2550 2120 2592 tamen

209 2629 288 2678 ius
317 2628 643 2678 auctoritatis
673 2627 836 2677 civilis
864 2628 932 2676 ad
964 2627 1300 2677 coactionem
1330 2626 1571 2675 nondum
1592 2633 1918 2691 sequeretur.
1981 2624 2122 2674 Nam

286 2712 337 2775 α)
395 2709 726 2777 probabilius
785 2710 934 2759 liberi
990 2727 1098 2759 non
1158 2708 1360 2758 habent
1418 2709 1496 2757 ius
1554 2708 1734 2757 stricte
1794 2707 1995 2756 dictum
2052 2706 2120 2756 ad

210 2794 581 2843 educationem
624 2810 654 2842 a
701 2792 1010 2858 parentibus
1065 2791 1461 2857 accipiendam,
1519 2807 1639 2839 cum
1689 2790 1825 2839 inter
1874 2795 2122 2855 parentes

210 2885 262 2926 et
313 2875 508 2926 liberos
561 2892 665 2941 qua
716 2874 849 2924 tales
902 2892 1008 2924 non
1061 2874 1357 2923 intercedat
1409 2872 1667 2937 obligatio
1717 2871 1945 2921 iustitiae
1986 2872 2119 2937 rigo-

212 2976 362 3008 rosae
405 2958 474 3022 (n.
527 2958 674 3021 143);

283 3042 342 3108 β)
383 3041 479 3090 sed
523 3039 645 3090 licet
685 3039 790 3089 hoc
831 3039 911 3088 ius
953 3039 1207 3088 exsistere
1251 3037 1650 3098 concederetur,
1696 3036 1765 3086 ad
1805 3035 1933 3086 illud
1975 3042 2122 3085 tuen-

213 3124 343 3172 dum
394 3122 688 3183 sufficeret,
743 3130 799 3171 ut
851 3121 1136 3171 auctoritas
1188 3119 1350 3170 civilis
1403 3119 1647 3169 definiret
1697 3118 1934 3168 infimam
1981 3135 2121 3167 men-

212 3223 386 3255 suram
449 3205 809 3254 instructionis
869 3203 1119 3252 omnibus
1178 3202 1507 3252 necessariae
1567 3202 1726 3266 (quae
1786 3208 1928 3250 certe
1987 3198 2122 3249 ultra

214 3296 382 3337 artem
434 3287 676 3353 legendi,
731 3286 1024 3346 scribendi,
1081 3284 1433 3350 computandi
1484 3300 1542 3332 se
1593 3300 1701 3332 non
1753 3274 2014 3346 extendit)
2069 3289 2122 3330 et

215 3369 413 3419 liberos
469 3377 614 3419 certa
668 3376 842 3418 aetate
898 3368 967 3417 ad
1022 3367 1364 3416 subeundum
1422 3381 1650 3415 examen
1704 3363 1978 3431 publicum
2032 3363 2121 3412 ad-
