<?xml version="1.0" encoding="UTF-8"?>
<!DOCTYPE html PUBLIC "-//W3C//DTD XHTML 1.0 Transitional//EN"
    "http://www.w3.org/TR/xhtml1/DTD/xhtml1-transitional.dtd">
<html xmlns="http://www.w3.org/1999/xhtml" xml:lang="en" lang="en">
 <head>
  <title>
</title>
<meta http-equiv="Content-Type" content="text/html;charset=utf-8" />
  <meta name='ocr-system' content='tesseract 3.04.00' />
  <meta name='ocr-capabilities' content='ocr_page ocr_carea ocr_par ocr_line ocrx_word'/>
</head>
<body>
  <div class='ocr_page' id='page_1' title='image "./philosophiamoral00cath_0191.png"; bbox 0 0 2182 3682; ppageno 0'>
   <div class='ocr_carea' id='block_1_1' title="bbox 0 207 2 291">
    <p class='ocr_par' dir='ltr' id='par_1_1' title="bbox 0 207 2 291">
     <span class='ocr_line' id='line_1_1' title="bbox 0 207 2 291; baseline 0 0"><span class='ocrx_word' id='word_1_1' title='bbox 0 207 2 291; x_wconf 73' lang='lat' dir='ltr'>l</span> 
     </span>
    </p>
   </div>
   <div class='ocr_carea' id='block_1_2' title="bbox 639 168 1948 231">
    <p class='ocr_par' dir='ltr' id='par_1_2' title="bbox 639 168 1948 231">
     <span class='ocr_line' id='line_1_2' title="bbox 639 168 1948 231; baseline 0.002 -27"><span class='ocrx_word' id='word_1_2' title='bbox 639 176 792 205; x_wconf 70' lang='lat' dir='ltr'>CAPUT</span> <span class='ocrx_word' id='word_1_3' title='bbox 825 176 885 204; x_wconf 72' lang='lat' dir='ltr'>VI.</span> <span class='ocrx_word' id='word_1_4' title='bbox 937 177 998 204; x_wconf 74' lang='lat' dir='ltr'>DE</span> <span class='ocrx_word' id='word_1_5' title='bbox 1033 175 1364 205; x_wconf 77' lang='lat' dir='ltr'>CONSCIENTIA.</span> <span class='ocrx_word' id='word_1_6' title='bbox 1850 168 1948 231; x_wconf 80' lang='lat'>167</span> 
     </span>
    </p>
   </div>
   <div class='ocr_carea' id='block_1_3' title="bbox 55 309 1951 621">
    <p class='ocr_par' dir='ltr' id='par_1_3' title="bbox 55 309 1951 621">
     <span class='ocr_line' id='line_1_3' title="bbox 59 309 1951 379; baseline -0.002 -17"><span class='ocrx_word' id='word_1_7' title='bbox 59 313 299 379; x_wconf 90' lang='lat' dir='ltr'>quamvis</span> <span class='ocrx_word' id='word_1_8' title='bbox 339 329 455 361; x_wconf 87' lang='lat' dir='ltr'>raro</span> <span class='ocrx_word' id='word_1_9' title='bbox 495 310 702 360; x_wconf 89' lang='lat' dir='ltr'>accidat</span> <span class='ocrx_word' id='word_1_10' title='bbox 743 309 820 374; x_wconf 78' lang='lat' dir='ltr'>(S.</span> <span class='ocrx_word' id='word_1_11' title='bbox 873 309 1057 359; x_wconf 74' lang='lat' dir='ltr'>Tlmm.</span> <span class='ocrx_word' id='word_1_12' title='bbox 1104 323 1150 369; x_wconf 88' lang='lat'>2,</span> <span class='ocrx_word' id='word_1_13' title='bbox 1196 323 1243 369; x_wconf 82' lang='lat'>2,</span> <span class='ocrx_word' id='word_1_14' title='bbox 1288 328 1337 375; x_wconf 91' lang='lat' dir='ltr'>q.</span> <span class='ocrx_word' id='word_1_15' title='bbox 1382 323 1479 374; x_wconf 82' lang='lat'>47,</span> <span class='ocrx_word' id='word_1_16' title='bbox 1523 329 1566 361; x_wconf 93' lang='lat' dir='ltr'>a.</span> <span class='ocrx_word' id='word_1_17' title='bbox 1612 328 1644 376; x_wconf 83' lang='lat'>9</span> <span class='ocrx_word' id='word_1_18' title='bbox 1685 314 1753 362; x_wconf 87' lang='lat' dir='ltr'>ad</span> <span class='ocrx_word' id='word_1_19' title='bbox 1796 327 1855 373; x_wconf 81' lang='lat'>2,</span> <span class='ocrx_word' id='word_1_20' title='bbox 1899 322 1951 363; x_wconf 83' lang='lat' dir='ltr'>et</span> 
     </span>
     <span class='ocr_line' id='line_1_4' title="bbox 58 390 1950 460; baseline 0 -16"><span class='ocrx_word' id='word_1_21' title='bbox 58 411 108 460; x_wconf 89' lang='lat' dir='ltr'>q.</span> <span class='ocrx_word' id='word_1_22' title='bbox 154 405 249 457; x_wconf 87' lang='lat'>70,</span> <span class='ocrx_word' id='word_1_23' title='bbox 302 409 347 443; x_wconf 90' lang='lat' dir='ltr'>a.</span> <span class='ocrx_word' id='word_1_24' title='bbox 404 393 471 455; x_wconf 84' lang='lat'>2).</span> <span class='ocrx_word' id='word_1_25' title='bbox 553 391 831 441; x_wconf 88' lang='lat' dir='ltr'>Certitudo</span> <span class='ocrx_word' id='word_1_26' title='bbox 884 390 1096 440; x_wconf 90' lang='lat' dir='ltr'>moralis</span> <span class='ocrx_word' id='word_1_27' title='bbox 1145 391 1324 440; x_wconf 89' lang='lat' dir='ltr'>stricte</span> <span class='ocrx_word' id='word_1_28' title='bbox 1377 392 1519 441; x_wconf 90' lang='lat' dir='ltr'>dicta</span> <span class='ocrx_word' id='word_1_29' title='bbox 1570 393 1810 444; x_wconf 77' lang='lat' dir='ltr'>excludit</span> <span class='ocrx_word' id='word_1_30' title='bbox 1860 412 1950 460; x_wconf 86' lang='lat' dir='ltr'>op-</span> 
     </span>
     <span class='ocr_line' id='line_1_5' title="bbox 59 471 1951 545; baseline 0.001 -21"><span class='ocrx_word' id='word_1_31' title='bbox 59 475 213 541; x_wconf 86' lang='lat' dir='ltr'>positi</span> <span class='ocrx_word' id='word_1_32' title='bbox 271 473 702 540; x_wconf 90' lang='lat' dir='ltr'>possibilitatem,</span> <span class='ocrx_word' id='word_1_33' title='bbox 765 472 1026 522; x_wconf 77' lang='lat' dir='ltr'>certitudo</span> <span class='ocrx_word' id='word_1_34' title='bbox 1086 472 1299 545; x_wconf 85' lang='lat' dir='ltr'>moralis</span> <span class='ocrx_word' id='word_1_35' title='bbox 1357 471 1461 523; x_wconf 89' lang='lat' dir='ltr'>late</span> <span class='ocrx_word' id='word_1_36' title='bbox 1518 474 1659 524; x_wconf 91' lang='lat' dir='ltr'>dicta</span> <span class='ocrx_word' id='word_1_37' title='bbox 1714 475 1951 526; x_wconf 76' lang='lat' dir='ltr'>excludit</span> 
     </span>
     <span class='ocr_line' id='line_1_6' title="bbox 55 553 1312 621; baseline 0 -16"><span class='ocrx_word' id='word_1_38' title='bbox 55 555 228 606; x_wconf 88' lang='lat' dir='ltr'>solum</span> <span class='ocrx_word' id='word_1_39' title='bbox 269 555 501 621; x_wconf 89' lang='lat' dir='ltr'>oppositi</span> <span class='ocrx_word' id='word_1_40' title='bbox 541 555 823 620; x_wconf 79' lang='lat' dir='ltr'>positivam</span> <span class='ocrx_word' id='word_1_41' title='bbox 863 553 1312 620; x_wconf 78' lang='lat' dir='ltr'>probabilitatem.</span> 
     </span>
    </p>
   </div>
   <div class='ocr_carea' id='block_1_4' title="bbox 51 693 1953 1332">
    <p class='ocr_par' dir='ltr' id='par_1_4' title="bbox 51 693 1953 1332">
     <span class='ocr_line' id='line_1_7' title="bbox 66 693 1952 759; baseline 0.001 -15"><span class='ocrx_word' id='word_1_42' title='bbox 66 705 204 757; x_wconf 86' lang='lat'>199.</span> <span class='ocrx_word' id='word_1_43' title='bbox 286 696 450 741; x_wconf 88' lang='lat' dir='ltr'>Prob.</span> <span class='ocrx_word' id='word_1_44' title='bbox 517 693 722 743; x_wconf 73' lang='lat' dir='ltr'>Parsl.</span> <span class='ocrx_word' id='word_1_45' title='bbox 782 694 1086 759; x_wconf 88' lang='lat' dir='ltr'>Requiritur</span> <span class='ocrx_word' id='word_1_46' title='bbox 1115 693 1469 743; x_wconf 89' lang='lat' dir='ltr'>conscientiae</span> <span class='ocrx_word' id='word_1_47' title='bbox 1498 694 1764 744; x_wconf 91' lang='lat' dir='ltr'>dictamen</span> <span class='ocrx_word' id='word_1_48' title='bbox 1787 713 1952 745; x_wconf 88' lang='lat' dir='ltr'>mora-</span> 
     </span>
     <span class='ocr_line' id='line_1_8' title="bbox 56 774 1952 841; baseline 0.001 -16"><span class='ocrx_word' id='word_1_49' title='bbox 56 775 426 826; x_wconf 89' lang='lat' dir='ltr'>liter-certum.</span> <span class='ocrx_word' id='word_1_50' title='bbox 508 774 744 840; x_wconf 72' lang='lat' dir='ltr'>Quilibet</span> <span class='ocrx_word' id='word_1_51' title='bbox 799 776 962 824; x_wconf 87' lang='lat' dir='ltr'>debet</span> <span class='ocrx_word' id='word_1_52' title='bbox 1012 776 1176 824; x_wconf 89' lang='lat' dir='ltr'>vitare</span> <span class='ocrx_word' id='word_1_53' title='bbox 1228 775 1453 836; x_wconf 89' lang='lat' dir='ltr'>malum,</span> <span class='ocrx_word' id='word_1_54' title='bbox 1509 785 1765 841; x_wconf 90' lang='lat' dir='ltr'>quantum</span> <span class='ocrx_word' id='word_1_55' title='bbox 1804 778 1855 826; x_wconf 91' lang='lat' dir='ltr'>in</span> <span class='ocrx_word' id='word_1_56' title='bbox 1896 795 1952 827; x_wconf 93' lang='lat' dir='ltr'>se</span> 
     </span>
     <span class='ocr_line' id='line_1_9' title="bbox 55 856 1952 923; baseline 0.001 -16"><span class='ocrx_word' id='word_1_57' title='bbox 55 866 133 907; x_wconf 87' lang='lat' dir='ltr'>est</span> <span class='ocrx_word' id='word_1_58' title='bbox 173 865 225 907; x_wconf 93' lang='lat' dir='ltr'>et</span> <span class='ocrx_word' id='word_1_59' title='bbox 266 856 531 906; x_wconf 82' lang='lat' dir='ltr'>moraliter</span> <span class='ocrx_word' id='word_1_60' title='bbox 571 856 845 922; x_wconf 88' lang='lat' dir='ltr'>loquendo</span> <span class='ocrx_word' id='word_1_61' title='bbox 890 856 999 906; x_wconf 86' lang='lat' dir='ltr'>fieri</span> <span class='ocrx_word' id='word_1_62' title='bbox 1039 866 1232 922; x_wconf 89' lang='lat' dir='ltr'>potest.</span> <span class='ocrx_word' id='word_1_63' title='bbox 1298 857 1467 922; x_wconf 72' lang='lat' dir='ltr'>Atqui</span> <span class='ocrx_word' id='word_1_64' title='bbox 1504 858 1594 923; x_wconf 92' lang='lat' dir='ltr'>qui</span> <span class='ocrx_word' id='word_1_65' title='bbox 1634 858 1844 908; x_wconf 89' lang='lat' dir='ltr'>dubitat</span> <span class='ocrx_word' id='word_1_66' title='bbox 1884 877 1952 909; x_wconf 75' lang='lat' dir='ltr'>ex</span> 
     </span>
     <span class='ocr_line' id='line_1_10' title="bbox 54 937 1952 1009; baseline 0.001 -21"><span class='ocrx_word' id='word_1_67' title='bbox 54 939 255 988; x_wconf 89' lang='lat' dir='ltr'>ratione</span> <span class='ocrx_word' id='word_1_68' title='bbox 296 956 401 988; x_wconf 90' lang='lat' dir='ltr'>non</span> <span class='ocrx_word' id='word_1_69' title='bbox 443 938 600 1004; x_wconf 92' lang='lat' dir='ltr'>plane</span> <span class='ocrx_word' id='word_1_70' title='bbox 641 937 756 999; x_wconf 88' lang='lat' dir='ltr'>levi,</span> <span class='ocrx_word' id='word_1_71' title='bbox 801 947 978 987; x_wconf 89' lang='lat' dir='ltr'>utrum</span> <span class='ocrx_word' id='word_1_72' title='bbox 1006 939 1145 988; x_wconf 90' lang='lat' dir='ltr'>actio</span> <span class='ocrx_word' id='word_1_73' title='bbox 1187 938 1363 1003; x_wconf 90' lang='lat' dir='ltr'>aliqua</span> <span class='ocrx_word' id='word_1_74' title='bbox 1390 939 1456 988; x_wconf 91' lang='lat' dir='ltr'>sit</span> <span class='ocrx_word' id='word_1_75' title='bbox 1492 938 1631 1009; x_wconf 83' lang='lat' dir='ltr'>mala</span> <span class='ocrx_word' id='word_1_76' title='bbox 1659 948 1710 990; x_wconf 90' lang='lat' dir='ltr'>et</span> <span class='ocrx_word' id='word_1_77' title='bbox 1737 941 1952 990; x_wconf 88' lang='lat' dir='ltr'>vitanda</span> 
     </span>
     <span class='ocr_line' id='line_1_11' title="bbox 54 1012 1949 1087; baseline 0.001 -17"><span class='ocrx_word' id='word_1_78' title='bbox 54 1037 236 1080; x_wconf 90' lang='lat' dir='ltr'>necne,</span> <span class='ocrx_word' id='word_1_79' title='bbox 280 1029 333 1070; x_wconf 91' lang='lat' dir='ltr'>et</span> <span class='ocrx_word' id='word_1_80' title='bbox 374 1038 480 1070; x_wconf 92' lang='lat' dir='ltr'>non</span> <span class='ocrx_word' id='word_1_81' title='bbox 523 1036 711 1069; x_wconf 90' lang='lat' dir='ltr'>curans</span> <span class='ocrx_word' id='word_1_82' title='bbox 753 1020 1024 1085; x_wconf 88' lang='lat' dir='ltr'>deponere</span> <span class='ocrx_word' id='word_1_83' title='bbox 1066 1020 1286 1069; x_wconf 89' lang='lat' dir='ltr'>dubium</span> <span class='ocrx_word' id='word_1_84' title='bbox 1316 1037 1433 1069; x_wconf 92' lang='lat' dir='ltr'>eam</span> <span class='ocrx_word' id='word_1_85' title='bbox 1475 1021 1741 1070; x_wconf 82' lang='lat' dir='ltr'>actionem</span> <span class='ocrx_word' id='word_1_86' title='bbox 1782 1012 1949 1087; x_wconf 83' lang='lat' dir='ltr'>ponit,</span> 
     </span>
     <span class='ocr_line' id='line_1_12' title="bbox 53 1100 1952 1167; baseline 0.002 -16"><span class='ocrx_word' id='word_1_87' title='bbox 53 1119 159 1151; x_wconf 91' lang='lat' dir='ltr'>non</span> <span class='ocrx_word' id='word_1_88' title='bbox 199 1102 329 1152; x_wconf 90' lang='lat' dir='ltr'>vitat</span> <span class='ocrx_word' id='word_1_89' title='bbox 369 1100 458 1151; x_wconf 91' lang='lat' dir='ltr'>tali</span> <span class='ocrx_word' id='word_1_90' title='bbox 499 1103 664 1151; x_wconf 90' lang='lat' dir='ltr'>modo</span> <span class='ocrx_word' id='word_1_91' title='bbox 693 1101 915 1163; x_wconf 89' lang='lat' dir='ltr'>malum;</span> <span class='ocrx_word' id='word_1_92' title='bbox 959 1101 1070 1150; x_wconf 88' lang='lat' dir='ltr'>vult</span> <span class='ocrx_word' id='word_1_93' title='bbox 1093 1102 1379 1165; x_wconf 84' lang='lat' dir='ltr'>actionem,</span> <span class='ocrx_word' id='word_1_94' title='bbox 1423 1110 1583 1167; x_wconf 89' lang='lat' dir='ltr'>prout</span> <span class='ocrx_word' id='word_1_95' title='bbox 1618 1102 1703 1153; x_wconf 91' lang='lat' dir='ltr'>hic</span> <span class='ocrx_word' id='word_1_96' title='bbox 1732 1112 1783 1153; x_wconf 92' lang='lat' dir='ltr'>et</span> <span class='ocrx_word' id='word_1_97' title='bbox 1812 1121 1952 1154; x_wconf 89' lang='lat' dir='ltr'>nunc</span> 
     </span>
     <span class='ocr_line' id='line_1_13' title="bbox 53 1174 1953 1250; baseline 0.001 -17"><span class='ocrx_word' id='word_1_98' title='bbox 53 1193 158 1245; x_wconf 88' lang='lat' dir='ltr'>est,</span> <span class='ocrx_word' id='word_1_99' title='bbox 213 1185 310 1233; x_wconf 90' lang='lat' dir='ltr'>etsi</span> <span class='ocrx_word' id='word_1_100' title='bbox 350 1185 416 1234; x_wconf 89' lang='lat' dir='ltr'>sit</span> <span class='ocrx_word' id='word_1_101' title='bbox 468 1183 814 1250; x_wconf 85' lang='lat' dir='ltr'>probabiliter</span> <span class='ocrx_word' id='word_1_102' title='bbox 864 1174 1018 1233; x_wconf 78' lang='lat' dir='ltr'>mala.</span> <span class='ocrx_word' id='word_1_103' title='bbox 1099 1183 1252 1248; x_wconf 71' lang='lat' dir='ltr'>Ergo</span> <span class='ocrx_word' id='word_1_104' title='bbox 1305 1201 1412 1232; x_wconf 91' lang='lat' dir='ltr'>non</span> <span class='ocrx_word' id='word_1_105' title='bbox 1463 1184 1784 1235; x_wconf 86' lang='lat' dir='ltr'>sufficienter</span> <span class='ocrx_word' id='word_1_106' title='bbox 1823 1187 1953 1236; x_wconf 88' lang='lat' dir='ltr'>vitat</span> 
     </span>
     <span class='ocr_line' id='line_1_14' title="bbox 51 1265 1952 1332; baseline 0.003 -18"><span class='ocrx_word' id='word_1_107' title='bbox 51 1265 264 1316; x_wconf 89' lang='lat' dir='ltr'>malum.</span> <span class='ocrx_word' id='word_1_108' title='bbox 360 1265 435 1316; x_wconf 91' lang='lat' dir='ltr'>Ut</span> <span class='ocrx_word' id='word_1_109' title='bbox 491 1283 620 1332; x_wconf 78' lang='lat' dir='ltr'>ergo</span> <span class='ocrx_word' id='word_1_110' title='bbox 676 1265 901 1315; x_wconf 76' lang='lat' dir='ltr'>honeste</span> <span class='ocrx_word' id='word_1_111' title='bbox 957 1273 1108 1331; x_wconf 81' lang='lat' dir='ltr'>agat,</span> <span class='ocrx_word' id='word_1_112' title='bbox 1168 1265 1332 1315; x_wconf 90' lang='lat' dir='ltr'>debet</span> <span class='ocrx_word' id='word_1_113' title='bbox 1387 1267 1529 1331; x_wconf 92' lang='lat' dir='ltr'>prius</span> <span class='ocrx_word' id='word_1_114' title='bbox 1584 1267 1844 1332; x_wconf 84' lang='lat' dir='ltr'>inquirere</span> <span class='ocrx_word' id='word_1_115' title='bbox 1900 1276 1952 1319; x_wconf 89' lang='lat' dir='ltr'>et</span> 
     </span>
    </p>
   </div>
   <div class='ocr_carea' id='block_1_5' title="bbox 26 1347 919 1417">
    <p class='ocr_par' dir='ltr' id='par_1_5' title="bbox 26 1347 919 1417">
     <span class='ocr_line' id='line_1_15' title="bbox 26 1347 919 1417; baseline 0 -20"><span class='ocrx_word' id='word_1_116' title='bbox 26 1347 272 1417; x_wconf 19' lang='lat' dir='ltr'>„dubium</span> <span class='ocrx_word' id='word_1_117' title='bbox 313 1348 600 1413; x_wconf 85' lang='lat' dir='ltr'>deponere,</span> <span class='ocrx_word' id='word_1_118' title='bbox 643 1348 685 1397; x_wconf 91' lang='lat' dir='ltr'>si</span> <span class='ocrx_word' id='word_1_119' title='bbox 727 1356 919 1413; x_wconf 91' lang='lat' dir='ltr'>potest.</span> 
     </span>
    </p>
   </div>
   <div class='ocr_carea' id='block_1_6' title="bbox 0 1462 1950 1540">
    <p class='ocr_par' dir='ltr' id='par_1_6' title="bbox 0 1462 1950 1540">
     <span class='ocr_line' id='line_1_16' title="bbox 0 1462 1950 1540; baseline 0.002 -3"><span class='ocrx_word' id='word_1_120' title='bbox 0 1462 198 1538; x_wconf 41' lang='lat'><strong>2-200·</strong></span> <span class='ocrx_word' id='word_1_121' title='bbox 278 1487 424 1537; x_wconf 75' lang='lat' dir='ltr'>Pars</span> <span class='ocrx_word' id='word_1_122' title='bbox 464 1487 537 1537; x_wconf 81' lang='lat' dir='ltr'>H.</span> <span class='ocrx_word' id='word_1_123' title='bbox 619 1487 826 1538; x_wconf 83' lang='lat' dir='ltr'>Sufficit</span> <span class='ocrx_word' id='word_1_124' title='bbox 867 1488 1133 1537; x_wconf 88' lang='lat' dir='ltr'>dictamen</span> <span class='ocrx_word' id='word_1_125' title='bbox 1190 1488 1459 1538; x_wconf 85' lang='lat' dir='ltr'>moraliter</span> <span class='ocrx_word' id='word_1_126' title='bbox 1511 1498 1729 1539; x_wconf 89' lang='lat' dir='ltr'>certum.</span> <span class='ocrx_word' id='word_1_127' title='bbox 1812 1491 1950 1540; x_wconf 85' lang='lat' dir='ltr'>Nam</span> 
     </span>
    </p>
   </div>
   <div class='ocr_carea' id='block_1_7' title="bbox 48 1569 1953 1947">
    <p class='ocr_par' dir='ltr' id='par_1_7' title="bbox 48 1569 1953 1947">
     <span class='ocr_line' id='line_1_17' title="bbox 50 1569 1953 1639; baseline 0.002 -20"><span class='ocrx_word' id='word_1_128' title='bbox 50 1569 312 1619; x_wconf 89' lang='lat' dir='ltr'>certitudo</span> <span class='ocrx_word' id='word_1_129' title='bbox 353 1570 533 1619; x_wconf 89' lang='lat' dir='ltr'>stricte</span> <span class='ocrx_word' id='word_1_130' title='bbox 575 1569 717 1620; x_wconf 90' lang='lat' dir='ltr'>dicta</span> <span class='ocrx_word' id='word_1_131' title='bbox 758 1571 917 1619; x_wconf 89' lang='lat' dir='ltr'>etiam</span> <span class='ocrx_word' id='word_1_132' title='bbox 958 1569 1171 1620; x_wconf 90' lang='lat' dir='ltr'>moralis</span> <span class='ocrx_word' id='word_1_133' title='bbox 1212 1571 1261 1619; x_wconf 92' lang='lat' dir='ltr'>in</span> <span class='ocrx_word' id='word_1_134' title='bbox 1302 1571 1508 1620; x_wconf 92' lang='lat' dir='ltr'>actibus</span> <span class='ocrx_word' id='word_1_135' title='bbox 1548 1570 1817 1633; x_wconf 90' lang='lat' dir='ltr'>humanis,</span> <span class='ocrx_word' id='word_1_136' title='bbox 1862 1575 1953 1639; x_wconf 89' lang='lat' dir='ltr'>qui</span> 
     </span>
     <span class='ocr_line' id='line_1_18' title="bbox 50 1651 1951 1717; baseline 0.002 -16"><span class='ocrx_word' id='word_1_137' title='bbox 50 1652 187 1702; x_wconf 90' lang='lat' dir='ltr'>circa</span> <span class='ocrx_word' id='word_1_138' title='bbox 238 1652 601 1717; x_wconf 83' lang='lat' dir='ltr'>contingentia</span> <span class='ocrx_word' id='word_1_139' title='bbox 653 1660 705 1701; x_wconf 93' lang='lat' dir='ltr'>et</span> <span class='ocrx_word' id='word_1_140' title='bbox 756 1651 1023 1701; x_wconf 86' lang='lat' dir='ltr'>variabilia</span> <span class='ocrx_word' id='word_1_141' title='bbox 1069 1660 1369 1713; x_wconf 80' lang='lat' dir='ltr'>versantur,</span> <span class='ocrx_word' id='word_1_142' title='bbox 1422 1654 1549 1702; x_wconf 87' lang='lat' dir='ltr'>satis</span> <span class='ocrx_word' id='word_1_143' title='bbox 1601 1671 1717 1704; x_wconf 88' lang='lat' dir='ltr'>raro</span> <span class='ocrx_word' id='word_1_144' title='bbox 1769 1655 1951 1705; x_wconf 89' lang='lat' dir='ltr'>haberi</span> 
     </span>
     <span class='ocr_line' id='line_1_19' title="bbox 50 1733 1949 1800; baseline 0.002 -17"><span class='ocrx_word' id='word_1_145' title='bbox 50 1741 243 1800; x_wconf 90' lang='lat' dir='ltr'>potest.</span> <span class='ocrx_word' id='word_1_146' title='bbox 323 1733 478 1799; x_wconf 64' lang='lat' dir='ltr'>Ergo</span> <span class='ocrx_word' id='word_1_147' title='bbox 519 1735 561 1782; x_wconf 92' lang='lat' dir='ltr'>si</span> <span class='ocrx_word' id='word_1_148' title='bbox 602 1734 865 1784; x_wconf 87' lang='lat' dir='ltr'>certitudo</span> <span class='ocrx_word' id='word_1_149' title='bbox 918 1733 1022 1783; x_wconf 89' lang='lat' dir='ltr'>late</span> <span class='ocrx_word' id='word_1_150' title='bbox 1063 1734 1206 1784; x_wconf 89' lang='lat' dir='ltr'>dicta</span> <span class='ocrx_word' id='word_1_151' title='bbox 1257 1734 1469 1784; x_wconf 89' lang='lat' dir='ltr'>moralis</span> <span class='ocrx_word' id='word_1_152' title='bbox 1521 1753 1628 1785; x_wconf 90' lang='lat' dir='ltr'>non</span> <span class='ocrx_word' id='word_1_153' title='bbox 1668 1736 1949 1798; x_wconf 87' lang='lat' dir='ltr'>sufficeret,</span> 
     </span>
     <span class='ocr_line' id='line_1_20' title="bbox 48 1814 1950 1885; baseline 0.003 -21"><span class='ocrx_word' id='word_1_154' title='bbox 48 1814 334 1865; x_wconf 90' lang='lat' dir='ltr'>voluntatis</span> <span class='ocrx_word' id='word_1_155' title='bbox 375 1816 744 1865; x_wconf 87' lang='lat' dir='ltr'>determinatio</span> <span class='ocrx_word' id='word_1_156' title='bbox 786 1824 926 1865; x_wconf 89' lang='lat' dir='ltr'>esset</span> <span class='ocrx_word' id='word_1_157' title='bbox 976 1815 1292 1882; x_wconf 87' lang='lat' dir='ltr'>plerumque</span> <span class='ocrx_word' id='word_1_158' title='bbox 1344 1818 1746 1883; x_wconf 88' lang='lat' dir='ltr'>suspendenda,</span> <span class='ocrx_word' id='word_1_159' title='bbox 1802 1820 1950 1885; x_wconf 89' lang='lat' dir='ltr'>quod</span> 
     </span>
     <span class='ocr_line' id='line_1_21' title="bbox 48 1897 476 1947; baseline 0 0"><span class='ocrx_word' id='word_1_160' title='bbox 48 1897 339 1947; x_wconf 90' lang='lat' dir='ltr'>absurdum</span> <span class='ocrx_word' id='word_1_161' title='bbox 382 1906 476 1947; x_wconf 93' lang='lat' dir='ltr'>est.</span> 
     </span>
    </p>
   </div>
   <div class='ocr_carea' id='block_1_8' title="bbox 717 2011 1277 2060">
    <p class='ocr_par' dir='ltr' id='par_1_8' title="bbox 717 2011 1277 2060">
     <span class='ocr_line' id='line_1_22' title="bbox 717 2011 1277 2060; baseline 0 -1"><span class='ocrx_word' id='word_1_162' title='bbox 717 2011 985 2060; x_wconf 88' lang='lat' dir='ltr'>THESIS</span> <span class='ocrx_word' id='word_1_163' title='bbox 1022 2013 1277 2060; x_wconf 91' lang='lat' dir='ltr'>XXXIII.</span> 
     </span>
    </p>
   </div>
   <div class='ocr_carea' id='block_1_9' title="bbox 48 2122 1951 2319">
    <p class='ocr_par' dir='ltr' id='par_1_9' title="bbox 48 2122 1951 2319">
     <span class='ocr_line' id='line_1_23' title="bbox 52 2122 1951 2185; baseline 0.002 -15"><span class='ocrx_word' id='word_1_164' title='bbox 52 2125 131 2165; x_wconf 88' lang='lat'>20</span> <span class='ocrx_word' id='word_1_165' title='bbox 148 2126 170 2163; x_wconf 92' lang='grc' dir='ltr'>Ι</span> <span class='ocrx_word' id='word_1_166' title='bbox 188 2154 198 2164; x_wconf 89' lang='lat'><strong>·</strong></span> <span class='ocrx_word' id='word_1_167' title='bbox 285 2122 674 2171; x_wconf 83' lang='lat' dir='ltr'>Conscientiae</span> <span class='ocrx_word' id='word_1_168' title='bbox 713 2130 865 2170; x_wconf 87' lang='lat' dir='ltr'>certo</span> <span class='ocrx_word' id='word_1_169' title='bbox 894 2123 1099 2184; x_wconf 90' lang='lat' dir='ltr'>aliquid</span> <span class='ocrx_word' id='word_1_170' title='bbox 1125 2122 1491 2184; x_wconf 86' lang='lat' dir='ltr'>praecipienti</span> <span class='ocrx_word' id='word_1_171' title='bbox 1516 2125 1605 2171; x_wconf 90' lang='lat' dir='ltr'>vel</span> <span class='ocrx_word' id='word_1_172' title='bbox 1630 2125 1951 2185; x_wconf 88' lang='lat' dir='ltr'>prohibenti</span> 
     </span>
     <span class='ocr_line' id='line_1_24' title="bbox 49 2197 1951 2258; baseline 0.002 -14"><span class='ocrx_word' id='word_1_173' title='bbox 49 2197 437 2258; x_wconf 82' lang='lat' dir='ltr'>unusquisque</span> <span class='ocrx_word' id='word_1_174' title='bbox 464 2198 861 2257; x_wconf 86' lang='lat' dir='ltr'>obtemperare</span> <span class='ocrx_word' id='word_1_175' title='bbox 886 2204 1126 2254; x_wconf 85' lang='lat' dir='ltr'>tenetur,</span> <span class='ocrx_word' id='word_1_176' title='bbox 1156 2197 1376 2245; x_wconf 88' lang='lat' dir='ltr'>etiarnsi</span> <span class='ocrx_word' id='word_1_177' title='bbox 1401 2198 1541 2246; x_wconf 85' lang='lat' dir='ltr'>forte</span> <span class='ocrx_word' id='word_1_178' title='bbox 1560 2198 1951 2247; x_wconf 88' lang='lat' dir='ltr'>invincibiliter</span> 
     </span>
     <span class='ocr_line' id='line_1_25' title="bbox 48 2272 402 2319; baseline 0 -1"><span class='ocrx_word' id='word_1_179' title='bbox 48 2285 282 2319; x_wconf 88' lang='lat' dir='ltr'>erronea</span> <span class='ocrx_word' id='word_1_180' title='bbox 317 2272 402 2319; x_wconf 87' lang='lat' dir='ltr'>sit.</span> 
     </span>
    </p>
   </div>
   <div class='ocr_carea' id='block_1_10' title="bbox 45 2380 1950 2776">
    <p class='ocr_par' dir='ltr' id='par_1_10' title="bbox 45 2380 1950 2776">
     <span class='ocr_line' id='line_1_26' title="bbox 120 2380 1950 2450; baseline 0.004 -22"><span class='ocrx_word' id='word_1_181' title='bbox 120 2382 285 2429; x_wconf 85' lang='lat' dir='ltr'>Prob.</span> <span class='ocrx_word' id='word_1_182' title='bbox 363 2381 508 2430; x_wconf 67' lang='lat' dir='ltr'>Pars</span> <span class='ocrx_word' id='word_1_183' title='bbox 558 2381 602 2431; x_wconf 85' lang='lat' dir='ltr'>J.</span> <span class='ocrx_word' id='word_1_184' title='bbox 697 2380 1034 2432; x_wconf 90' lang='lat' dir='ltr'>Conscientia</span> <span class='ocrx_word' id='word_1_185' title='bbox 1092 2392 1235 2433; x_wconf 87' lang='lat' dir='ltr'>certa</span> <span class='ocrx_word' id='word_1_186' title='bbox 1292 2384 1401 2433; x_wconf 89' lang='lat' dir='ltr'>sive</span> <span class='ocrx_word' id='word_1_187' title='bbox 1457 2385 1787 2450; x_wconf 89' lang='lat' dir='ltr'>praecipiens</span> <span class='ocrx_word' id='word_1_188' title='bbox 1841 2386 1950 2436; x_wconf 90' lang='lat' dir='ltr'>sive</span> 
     </span>
     <span class='ocr_line' id='line_1_27' title="bbox 46 2462 1950 2529; baseline 0.002 -17"><span class='ocrx_word' id='word_1_189' title='bbox 46 2462 361 2527; x_wconf 86' lang='lat' dir='ltr'>prohibens,</span> <span class='ocrx_word' id='word_1_190' title='bbox 415 2464 459 2512; x_wconf 91' lang='lat' dir='ltr'>si</span> <span class='ocrx_word' id='word_1_191' title='bbox 498 2472 830 2529; x_wconf 89' lang='lat' dir='ltr'>supponatur</span> <span class='ocrx_word' id='word_1_192' title='bbox 871 2481 987 2514; x_wconf 92' lang='lat' dir='ltr'>esse</span> <span class='ocrx_word' id='word_1_193' title='bbox 1041 2473 1184 2514; x_wconf 88' lang='lat' dir='ltr'>recta</span> <span class='ocrx_word' id='word_1_194' title='bbox 1226 2474 1278 2514; x_wconf 92' lang='lat' dir='ltr'>et</span> <span class='ocrx_word' id='word_1_195' title='bbox 1318 2483 1468 2527; x_wconf 89' lang='lat' dir='ltr'>vera,</span> <span class='ocrx_word' id='word_1_196' title='bbox 1524 2466 1648 2515; x_wconf 90' lang='lat' dir='ltr'>nihil</span> <span class='ocrx_word' id='word_1_197' title='bbox 1690 2466 1829 2516; x_wconf 89' lang='lat' dir='ltr'>aliud</span> <span class='ocrx_word' id='word_1_198' title='bbox 1871 2477 1950 2517; x_wconf 89' lang='lat' dir='ltr'>est</span> 
     </span>
     <span class='ocr_line' id='line_1_28' title="bbox 47 2545 1949 2616; baseline 0.003 -22"><span class='ocrx_word' id='word_1_199' title='bbox 47 2562 208 2611; x_wconf 89' lang='lat' dir='ltr'>quam</span> <span class='ocrx_word' id='word_1_200' title='bbox 249 2545 337 2595; x_wconf 79' lang='lat' dir='ltr'>lex</span> <span class='ocrx_word' id='word_1_201' title='bbox 377 2554 523 2595; x_wconf 90' lang='lat' dir='ltr'>certo</span> <span class='ocrx_word' id='word_1_202' title='bbox 565 2546 720 2595; x_wconf 91' lang='lat' dir='ltr'>nobis</span> <span class='ocrx_word' id='word_1_203' title='bbox 762 2547 979 2611; x_wconf 77' lang='lat' dir='ltr'>cognita</span> <span class='ocrx_word' id='word_1_204' title='bbox 1008 2554 1060 2596; x_wconf 88' lang='lat' dir='ltr'>et</span> <span class='ocrx_word' id='word_1_205' title='bbox 1100 2547 1169 2596; x_wconf 93' lang='lat' dir='ltr'>ad</span> <span class='ocrx_word' id='word_1_206' title='bbox 1211 2564 1394 2597; x_wconf 92' lang='lat' dir='ltr'>casum</span> <span class='ocrx_word' id='word_1_207' title='bbox 1427 2548 1758 2598; x_wconf 90' lang='lat' dir='ltr'>individuum</span> <span class='ocrx_word' id='word_1_208' title='bbox 1786 2549 1949 2616; x_wconf 87' lang='lat' dir='ltr'>appli-</span> 
     </span>
     <span class='ocr_line' id='line_1_29' title="bbox 46 2627 1949 2697; baseline 0.003 -21"><span class='ocrx_word' id='word_1_209' title='bbox 46 2635 176 2678; x_wconf 88' lang='lat' dir='ltr'>cata.</span> <span class='ocrx_word' id='word_1_210' title='bbox 232 2627 404 2693; x_wconf 72' lang='lat' dir='ltr'><em>Atqui</em></span> <span class='ocrx_word' id='word_1_211' title='bbox 440 2628 805 2694; x_wconf 90' lang='lat' dir='ltr'>unusquisque</span> <span class='ocrx_word' id='word_1_212' title='bbox 846 2636 1054 2679; x_wconf 89' lang='lat' dir='ltr'>tenetur</span> <span class='ocrx_word' id='word_1_213' title='bbox 1082 2629 1340 2679; x_wconf 89' lang='lat' dir='ltr'>oboedire</span> <span class='ocrx_word' id='word_1_214' title='bbox 1381 2630 1484 2696; x_wconf 82' lang='lat' dir='ltr'>legi</span> <span class='ocrx_word' id='word_1_215' title='bbox 1525 2638 1671 2681; x_wconf 91' lang='lat' dir='ltr'>certo</span> <span class='ocrx_word' id='word_1_216' title='bbox 1701 2632 1949 2697; x_wconf 82' lang='lat' dir='ltr'>cognitae</span> 
     </span>
     <span class='ocr_line' id='line_1_30' title="bbox 45 2709 814 2776; baseline 0.003 -19"><span class='ocrx_word' id='word_1_217' title='bbox 45 2714 98 2757; x_wconf 90' lang='lat' dir='ltr'>et</span> <span class='ocrx_word' id='word_1_218' title='bbox 137 2709 450 2776; x_wconf 90' lang='lat' dir='ltr'>applicatae.</span> <span class='ocrx_word' id='word_1_219' title='bbox 532 2710 686 2775; x_wconf 70' lang='lat' dir='ltr'>Ergo</span> <span class='ocrx_word' id='word_1_220' title='bbox 720 2753 727 2759; x_wconf 92' lang='lat'>.</span> <span class='ocrx_word' id='word_1_221' title='bbox 764 2753 771 2759; x_wconf 91' lang='lat'><strong>.</strong></span> <span class='ocrx_word' id='word_1_222' title='bbox 807 2753 814 2759; x_wconf 93' lang='lat'><strong>.</strong></span> 
     </span>
    </p>
   </div>
   <div class='ocr_carea' id='block_1_11' title="bbox 45 2847 1948 3410">
    <p class='ocr_par' dir='ltr' id='par_1_11' title="bbox 45 2847 1948 3410">
     <span class='ocr_line' id='line_1_31' title="bbox 49 2847 1948 2904; baseline 0.003 -6"><span class='ocrx_word' id='word_1_223' title='bbox 49 2857 193 2899; x_wconf 89' lang='lat'><strong>202.</strong></span> <span class='ocrx_word' id='word_1_224' title='bbox 272 2847 418 2899; x_wconf 67' lang='lat' dir='ltr'>Pars</span> <span class='ocrx_word' id='word_1_225' title='bbox 444 2849 521 2900; x_wconf 82' lang='lat' dir='ltr'>ll.</span> <span class='ocrx_word' id='word_1_226' title='bbox 570 2850 790 2900; x_wconf 86' lang='lat' dir='ltr'>Etiamsi</span> <span class='ocrx_word' id='word_1_227' title='bbox 821 2852 1145 2902; x_wconf 89' lang='lat' dir='ltr'>conscientia</span> <span class='ocrx_word' id='word_1_228' title='bbox 1174 2852 1309 2902; x_wconf 89' lang='lat' dir='ltr'>forte</span> <span class='ocrx_word' id='word_1_229' title='bbox 1337 2853 1702 2903; x_wconf 90' lang='lat' dir='ltr'>invincibiliter</span> <span class='ocrx_word' id='word_1_230' title='bbox 1729 2871 1948 2904; x_wconf 90' lang='lat' dir='ltr'>erronea</span> 
     </span>
     <span class='ocr_line' id='line_1_32' title="bbox 45 2929 1947 3002; baseline 0.004 -24"><span class='ocrx_word' id='word_1_231' title='bbox 45 2929 124 2979; x_wconf 90' lang='lat' dir='ltr'>sit.</span> <span class='ocrx_word' id='word_1_232' title='bbox 216 2929 358 2980; x_wconf 90' lang='lat' dir='ltr'>Inter</span> <span class='ocrx_word' id='word_1_233' title='bbox 409 2948 657 2998; x_wconf 88' lang='lat' dir='ltr'>suprema</span> <span class='ocrx_word' id='word_1_234' title='bbox 710 2932 842 2998; x_wconf 79' lang='lat' dir='ltr'>legis</span> <span class='ocrx_word' id='word_1_235' title='bbox 898 2933 1148 2983; x_wconf 86' lang='lat' dir='ltr'>naturalis</span> <span class='ocrx_word' id='word_1_236' title='bbox 1204 2944 1491 3002; x_wconf 90' lang='lat' dir='ltr'>praecepta</span> <span class='ocrx_word' id='word_1_237' title='bbox 1547 2936 1845 2985; x_wconf 90' lang='lat' dir='ltr'>continetur</span> <span class='ocrx_word' id='word_1_238' title='bbox 1895 2945 1947 2986; x_wconf 92' lang='lat' dir='ltr'>et</span> 
     </span>
     <span class='ocr_line' id='line_1_33' title="bbox 45 3010 1945 3080; baseline 0.004 -20"><span class='ocrx_word' id='word_1_239' title='bbox 45 3010 175 3061; x_wconf 90' lang='lat' dir='ltr'>hoc:</span> <span class='ocrx_word' id='word_1_240' title='bbox 221 3011 598 3080; x_wconf 86' lang='lat' dir='ltr'>Unusquisque</span> <span class='ocrx_word' id='word_1_241' title='bbox 640 3014 804 3064; x_wconf 92' lang='lat' dir='ltr'>debet</span> <span class='ocrx_word' id='word_1_242' title='bbox 843 3015 1006 3065; x_wconf 86' lang='lat' dir='ltr'>vitare</span> <span class='ocrx_word' id='word_1_243' title='bbox 1034 3015 1233 3065; x_wconf 92' lang='lat' dir='ltr'>malum</span> <span class='ocrx_word' id='word_1_244' title='bbox 1262 3026 1315 3067; x_wconf 90' lang='lat' dir='ltr'>et</span> <span class='ocrx_word' id='word_1_245' title='bbox 1356 3017 1528 3068; x_wconf 89' lang='lat' dir='ltr'>facere</span> <span class='ocrx_word' id='word_1_246' title='bbox 1569 3018 1770 3067; x_wconf 90' lang='lat' dir='ltr'>bonum</span> <span class='ocrx_word' id='word_1_247' title='bbox 1800 3027 1945 3068; x_wconf 92' lang='lat' dir='ltr'>recto</span> 
     </span>
     <span class='ocr_line' id='line_1_34' title="bbox 47 3093 1942 3166; baseline 0.005 -25"><span class='ocrx_word' id='word_1_248' title='bbox 47 3093 216 3142; x_wconf 92' lang='lat' dir='ltr'>ordini</span> <span class='ocrx_word' id='word_1_249' title='bbox 267 3095 452 3145; x_wconf 90' lang='lat' dir='ltr'>morali</span> <span class='ocrx_word' id='word_1_250' title='bbox 504 3097 887 3157; x_wconf 90' lang='lat' dir='ltr'>necessarium,</span> <span class='ocrx_word' id='word_1_251' title='bbox 943 3107 1201 3163; x_wconf 89' lang='lat' dir='ltr'>quantum</span> <span class='ocrx_word' id='word_1_252' title='bbox 1241 3115 1272 3148; x_wconf 92' lang='lat' dir='ltr'>a</span> <span class='ocrx_word' id='word_1_253' title='bbox 1310 3116 1409 3149; x_wconf 91' lang='lat' dir='ltr'>suo</span> <span class='ocrx_word' id='word_1_254' title='bbox 1451 3100 1664 3149; x_wconf 89' lang='lat' dir='ltr'>arbitrio</span> <span class='ocrx_word' id='word_1_255' title='bbox 1715 3100 1942 3166; x_wconf 90' lang='lat' dir='ltr'>pendet;</span> 
     </span>
     <span class='ocr_line' id='line_1_35' title="bbox 46 3173 1939 3248; baseline 0.004 -25"><span class='ocrx_word' id='word_1_256' title='bbox 46 3173 150 3224; x_wconf 91' lang='lat' dir='ltr'>hoc</span> <span class='ocrx_word' id='word_1_257' title='bbox 201 3177 341 3226; x_wconf 90' lang='lat' dir='ltr'>enim</span> <span class='ocrx_word' id='word_1_258' title='bbox 396 3178 710 3244; x_wconf 88' lang='lat' dir='ltr'>principium</span> <span class='ocrx_word' id='word_1_259' title='bbox 767 3177 923 3244; x_wconf 90' lang='lat' dir='ltr'>plane</span> <span class='ocrx_word' id='word_1_260' title='bbox 976 3180 1191 3230; x_wconf 91' lang='lat' dir='ltr'>evidens</span> <span class='ocrx_word' id='word_1_261' title='bbox 1244 3198 1523 3230; x_wconf 89' lang='lat' dir='ltr'>erroneum</span> <span class='ocrx_word' id='word_1_262' title='bbox 1575 3198 1692 3230; x_wconf 92' lang='lat' dir='ltr'>esse</span> <span class='ocrx_word' id='word_1_263' title='bbox 1743 3182 1939 3248; x_wconf 89' lang='lat' dir='ltr'>nequit.</span> 
     </span>
     <span class='ocr_line' id='line_1_36' title="bbox 45 3255 1947 3329; baseline 0.004 -24"><span class='ocrx_word' id='word_1_264' title='bbox 45 3255 215 3322; x_wconf 73' lang='lat' dir='ltr'>Atqui</span> <span class='ocrx_word' id='word_1_265' title='bbox 250 3259 299 3307; x_wconf 92' lang='lat' dir='ltr'>vi</span> <span class='ocrx_word' id='word_1_266' title='bbox 350 3258 502 3309; x_wconf 90' lang='lat' dir='ltr'>huius</span> <span class='ocrx_word' id='word_1_267' title='bbox 554 3260 795 3326; x_wconf 90' lang='lat' dir='ltr'>principii</span> <span class='ocrx_word' id='word_1_268' title='bbox 838 3261 965 3310; x_wconf 92' lang='lat' dir='ltr'>certi</span> <span class='ocrx_word' id='word_1_269' title='bbox 1006 3269 1059 3311; x_wconf 94' lang='lat' dir='ltr'>et</span> <span class='ocrx_word' id='word_1_270' title='bbox 1110 3263 1239 3312; x_wconf 88' lang='lat' dir='ltr'>recti</span> <span class='ocrx_word' id='word_1_271' title='bbox 1279 3264 1640 3329; x_wconf 90' lang='lat' dir='ltr'>unusquisque</span> <span class='ocrx_word' id='word_1_272' title='bbox 1681 3263 1947 3329; x_wconf 81' lang='lat' dir='ltr'>obligatur</span> 
     </span>
     <span class='ocr_line' id='line_1_37' title="bbox 45 3340 1713 3410; baseline 0.005 -24"><span class='ocrx_word' id='word_1_273' title='bbox 45 3340 193 3403; x_wconf 90' lang='lat' dir='ltr'>sequi</span> <span class='ocrx_word' id='word_1_274' title='bbox 233 3342 612 3391; x_wconf 87' lang='lat' dir='ltr'>conscientiam</span> <span class='ocrx_word' id='word_1_275' title='bbox 653 3342 1022 3393; x_wconf 88' lang='lat' dir='ltr'>invincibiliter</span> <span class='ocrx_word' id='word_1_276' title='bbox 1061 3361 1353 3394; x_wconf 86' lang='lat' dir='ltr'>erroneam.</span> <span class='ocrx_word' id='word_1_277' title='bbox 1434 3345 1587 3410; x_wconf 72' lang='lat' dir='ltr'>Ergo</span> <span class='ocrx_word' id='word_1_278' title='bbox 1621 3386 1628 3394; x_wconf 89' lang='lat'><strong>.</strong></span> <span class='ocrx_word' id='word_1_279' title='bbox 1664 3387 1671 3394; x_wconf 95' lang='lat'><strong>.</strong></span> <span class='ocrx_word' id='word_1_280' title='bbox 1706 3387 1713 3394; x_wconf 94' lang='lat'><strong>.</strong></span> 
     </span>
    </p>
   </div>
  </div>
 </body>
</html>
