2182 3682
196 163 262 216 54
596 163 709 192 PARS
743 163 773 193 1.
825 163 1140 193 PHILOSOPHIA
1174 164 1378 193 MORALIS
1413 164 1693 194 GENERALIS.

189 301 450 365 genedea,
502 316 608 366 qua
648 308 798 350 actus
839 301 973 350 fiunt
1013 300 1267 363 moraleS,
1308 318 1567 367 quaeque,
1610 301 1653 351 si
1679 301 1946 351 abstracte
1975 319 2096 352 con-

190 383 405 448 cipitur,
460 382 752 432 moralitas
800 392 1049 444 vocatur3
1114 396 1158 431 2.
1207 383 1331 448 quid
1381 383 1448 432 sit
1489 384 1619 432 ratio
1660 383 1936 449 specifica,
1990 402 2096 451 qua

186 463 258 514 illi
298 472 448 514 actus
490 464 717 514 morales
758 465 890 514 fiunt
930 465 1058 514 boni
1099 463 1183 514 vel
1225 464 1349 514 mali
1388 464 1473 514 vel
1514 465 1889 516 indifferentes.
1971 466 2095 518 Hoc

188 547 410 597 articulo
463 548 531 596 de
582 548 756 613 priore
808 547 1121 613 quaestione
1175 547 1372 612 agitur,
1430 547 1498 596 de
1538 548 1835 613 posteriore
1876 565 2098 615 sequen-

188 629 329 679 tibus
371 628 601 679 articulis
642 630 897 679 dicemus,

957 769 1226 818 THESIS
1262 771 1329 817 X.

192 874 293 929 55·
413 874 703 923 Moralitas
741 875 996 923 consistit
1031 875 1086 922 in
1126 882 1286 922 actus
1323 875 1703 937 dependentia
1739 891 1771 924 a
1805 876 2097 925 voluntate

188 948 362 996 libere
411 957 682 1010 operante
732 957 787 998 et
834 951 1049 998 ratione
1099 953 1426 999 advertente
1476 952 1545 998 ad
1594 953 1956 999 honestatem
2007 952 2098 1000 vel

188 1024 599 1085 turpitudinem
638 1025 856 1073 obiecti.

263 1131 347 1185 St.
395 1132 470 1201 Q.
549 1150 588 1186 Ι.
634 1135 1000 1203 Supponimus
1052 1136 1408 1186 moralitatem
1460 1154 1568 1186 non
1621 1154 1737 1187 esse
1785 1137 1929 1186 idem
1972 1155 2095 1187 cum

188 1217 428 1275 bonitate
480 1228 532 1268 et
585 1219 781 1269 malitia
833 1229 1009 1279 actus,
1064 1220 1159 1268 sed
1215 1219 1411 1285 aliquid
1467 1220 1607 1269 actui
1660 1220 1807 1270 bono
1860 1228 1914 1269 et
1954 1220 2095 1270 malo

189 1317 490 1361 commune,
535 1311 591 1351 ut
632 1303 798 1352 modo
841 1303 1045 1352 dictum
1087 1311 1179 1351 est.

265 1396 311 1433 2.
366 1383 475 1433 Alii
532 1385 713 1434 dicunt
765 1384 1121 1434 moralitatem
1174 1401 1290 1433 esse
1343 1385 1617 1434 entitatem
1673 1384 1903 1450 aliquam
1956 1385 2097 1435 actui

188 1465 355 1515 libero
406 1467 833 1532 superadditam3
889 1467 973 1516 alii
1029 1484 1144 1516 6556
1201 1466 1515 1516 relationem
1571 1467 1957 1517 conformitatis
2011 1467 2095 1517 vel

190 1548 544 1599 difformitatis
597 1567 717 1599 cum
761 1548 941 1615 regula
984 1567 1220 1610 morum,
1275 1549 1357 1599 vel
1401 1566 1516 1599 esse
1557 1549 1868 1600 relationem
1909 1549 1977 1600 ad
2020 1567 2093 1600 re-

189 1630 369 1696 gulam
412 1649 648 1691 morum;
694 1632 777 1681 alii
819 1632 1048 1698 denique
1089 1649 1205 1682 6556
1233 1632 1375 1681 idem
1405 1640 1565 1697 atque
1593 1631 1894 1682 libertatem
1923 1640 2090 1682 actus.

266 1728 309 1777 3.
356 1713 664 1764 Secundum
707 1732 805 1764 nos
847 1722 1142 1780 conceptus
1183 1714 1496 1764 moralitatis
1538 1714 1665 1764 dicit
1705 1714 1828 1764 tria:

263 1798 312 1861 a)
355 1796 849 1847 denominationem
889 1798 1228 1847 intrinsecam
1268 1797 1576 1858 voluntarii;

264 1879 320 1941 b)
364 1869 855 1930 denominationem
910 1880 1263 1950 extrinsecam
1321 1879 1588 1946 duplicem
1609 1895 1625 1949 :7
1677 1880 1730 1943 α)
1782 1878 2095 1929 relationem

190 1962 583 2027 dependentiae
624 1972 773 2012 actus
809 1980 838 2012 a
866 1962 1143 2012 voluntate
1172 1962 1334 2012 libere
1364 1970 1645 2028 operante3
1686 1963 1745 2029 β)
1786 1961 2096 2012 relationem

190 2044 584 2110 dependentiae
637 2063 666 2094 a
707 2046 910 2094 ratione
961 2046 1272 2095 advertente
1314 2045 1382 2094 ad
1435 2044 1774 2093 honestatem
1814 2043 1899 2094 vel
1940 2044 2098 2110 turpi-

189 2126 428 2176 tudinem
468 2127 679 2193 obiecti.
752 2127 895 2193 Quid
938 2128 1002 2177 sit
1041 2127 1126 2177 illa
1162 2127 1416 2176 honestas
1444 2126 1527 2176 vel
1563 2126 1873 2176 inhonestas
1901 2126 2099 2176 obiecti

190 2218 243 2258 et
301 2225 407 2274 qua
465 2226 653 2259 norma
715 2211 1059 2271 diiudicetur,
1124 2210 1229 2259 hoc
1290 2209 1411 2259 loco
1473 2209 1717 2258 nondum
1776 2209 2095 2275 quaerimus,

189 2291 505 2341 Notandum
558 2300 738 2342 tamen
791 2302 870 2342 est
919 2292 1032 2342 illas
1083 2293 1550 2343 denominationes
1591 2308 1709 2342 esse
1750 2291 1968 2357 quidem
2011 2308 2098 2341 ex-

190 2374 443 2424 trinsecas
482 2375 582 2440 ipsi
621 2376 788 2437 actui,
845 2393 953 2425 non
996 2382 1175 2425 autem
1216 2375 1419 2424 homini
1461 2374 1718 2441 operanti.
1762 2404 1835 2409 ——-
1875 2373 1934 2423 In
1975 2381 2096 2423 actu

190 2455 376 2505 morali
416 2458 530 2523 ipse
566 2466 715 2507 actus
744 2465 824 2507 est
853 2459 1004 2523 quasi
1033 2457 1358 2507 elementum
1387 2456 1683 2518 materiale;
1729 2455 1925 2524 modus
1951 2473 2097 2515 vero,

191 2555 297 2603 quo
340 2556 369 2588 a
410 2540 613 2589 ratione
655 2550 707 2589 et
748 2540 1024 2590 voluntate
1065 2539 1326 2606 procedit,
1372 2538 1698 2588 elementum
1738 2537 1976 2589 formale.

195 2671 296 2736 56.
377 2676 544 2723 Prob.
623 2675 897 2725 Moralitas
950 2683 1092 2724 recte
1139 2675 1189 2724 in
1251 2673 1338 2724 illa
1391 2673 1752 2740 dependentia
1807 2673 2099 2724 consistere

193 2756 411 2817 dicitur,
472 2759 516 2807 si
582 2751 640 2808 Is
685 2757 772 2807 illa
830 2749 1005 2824 posita
1064 2756 1145 2806 vel
1201 2756 1412 2807 sublata
1470 2756 1698 2806 habetur
1755 2755 1839 2806 vel
1898 2755 2099 2805 tollitur

192 2839 490 2901 moralitaS,
535 2849 589 2890 et
628 2841 670 2890 si
713 2854 759 2890 2.
804 2839 947 2889 nulla
989 2839 1087 2889 alia
1130 2840 1262 2889 ratio
1305 2838 1540 2888 formalis
1580 2837 1936 2888 moralitatem
1977 2855 2099 2888 con-

192 2921 414 2971 stituens
454 2923 709 2989 assignari
750 2931 945 2988 potest.
1015 2921 1187 2986 Asqus'
1212 2930 1495 2987 utrumque
1523 2920 1745 2970 obtinet.
1813 2920 1968 2986 Ergo
2001 2962 2009 2970 .
2043 2963 2051 2970 .
2087 2963 2094 2970 .

267 3011 365 3060 Ad
405 3012 530 3061 mai.
581 3058 584 3060 Α
632 3012 866 3061 Primum
925 3010 1225 3060 membrum
1287 3009 1461 3060 solum
1522 3026 1629 3058 non
1688 3008 1913 3070 sufficit,
1975 3007 2099 3074 quia

193 3094 352 3142 etiam
394 3094 461 3144 de
503 3095 819 3144 condicione
860 3094 973 3144 sine
1014 3109 1118 3159 qua
1159 3109 1267 3142 non
1313 3091 1467 3141 valet.

268 3183 423 3232 Proh.
470 3183 594 3232 min.
639 3183 719 3232 ad
753 3198 817 3232 J:
869 3182 1169 3251 Deficiente
1222 3181 1551 3231 advertentia
1599 3180 1815 3230 rationis
1855 3187 1908 3229 et
1948 3178 2096 3228 liber-

194 3273 348 3325 tate„
384 3274 534 3315 actus
586 3282 694 3314 non
747 3273 826 3314 est
867 3252 1219 3314 niora'li‘s'hee
1255 3254 1418 3313 laude
1458 3261 1541 3312 vel
1581 3261 1844 3327 vituperio
1884 3260 2094 3326 dignus.

195 3346 272 3397 Ut
311 3347 540 3413 primum
580 3354 758 3397 autem
801 3346 933 3397 haec
976 3346 1084 3396 duo
1126 3346 1347 3406 adsunt,
1391 3352 1539 3394 actus
1582 3352 1826 3394 censetur
1865 3341 2094 3393 moralis,

1779 3469 1798 3493 l
