2182 3682
208 190 314 241 230
614 187 726 215 PARS
761 186 807 216 II.
860 185 1174 216 PHILOSOPHIA
1207 187 1412 216 MORALIS
1448 187 1698 217 SPECIALIS.

283 333 433 381 Resp.
468 342 512 370 2.
578 322 719 382 Nego
755 328 927 379 antec„
966 324 1138 371 saltem
1175 323 1505 386 probabilius,
1547 324 1769 385 quamvis
1806 323 1969 384 plures
2006 337 2116 369 auc-

204 406 334 444 tores
383 413 493 444 cum
533 399 578 444 S.
616 398 878 459 Alphonso
927 397 1226 444 contrariam
1266 398 1561 446 sententiam
1596 407 1649 445 ut
1683 397 1996 459 probabilem
2034 397 2114 444 ad-

203 473 410 519 mittant.
484 471 657 529 Ratio,
708 488 794 518 cur
840 473 1074 533 neganda
1110 473 1358 531 videatur,
1408 482 1504 531 est,
1555 472 1672 534 quia
1714 473 1976 519 auctoritas
2011 488 2115 519 non

205 555 368 610 potest
414 547 718 594 occisionem
767 547 1100 594 malefactoris
1148 547 1372 609 quolibet
1418 547 1571 594 modo
1619 556 1668 595 et
1714 547 1935 594 absolute
1978 562 2118 609 prae·
2181 544 2182 555 ¹

206 623 387 684 cipere,
426 623 513 669 sed
551 623 708 669 solum
744 630 794 668 ut
831 631 905 668 est
941 630 1075 669 actus
1112 622 1345 683 iustitiae3
1381 637 1531 670 nemo
1557 631 1719 669 autem
1745 621 1973 669 iustitiam
1999 637 2117 683 erga
2167 616 2171 617 ⁷

205 714 255 745 se
293 697 452 759 ipsum
489 711 721 743 exercere
758 704 934 757 potest.
990 697 1216 755 Accedit,
1255 697 1392 758 quod
1417 697 1660 745 eiusmodi
1685 696 1869 744 occisio
1893 696 2117 744 videatur

205 771 413 819 naturali
450 770 759 818 inclinationi
797 771 1067 830 contraria,
1109 788 1206 832 qua
1242 772 1500 833 quodlibet
1536 788 1624 820 ens
1661 771 1902 819 occisioni
1938 771 2010 818 sui
2046 786 2117 819 re-

206 847 374 894 sistere
413 848 549 894 solet.

907 942 1176 992 THESIS
1212 945 1410 991 XLIX.

209 1038 356 1091 286.
440 1047 687 1096 Positive
723 1047 898 1096 vitam
938 1055 993 1096 et
1028 1048 1329 1097 sanitatem
1366 1063 1594 1097 servare
1628 1056 1909 1106 tenemur,
1949 1063 2114 1110 gene-

207 1123 371 1170 ratim
408 1129 602 1171 tamen
641 1137 754 1171 non
793 1123 996 1171 mediis
1034 1123 1500 1172 extraordinariis.

281 1229 368 1282 St.
415 1229 490 1298 Q.
564 1233 744 1283 Media
784 1234 1243 1284 extraordinaria
1285 1252 1347 1284 ea
1386 1243 1525 1295 sunt,
1571 1252 1708 1301 quae
1747 1235 1860 1285 sine
1903 1233 2116 1284 relative

207 1315 355 1381 gravi
395 1315 743 1365 incommodo
786 1316 1027 1366 adhiberi
1067 1325 1367 1383 nequeunt3
1413 1317 1661 1367 addimus
1693 1317 2018 1383 generatim,
2058 1323 2117 1366 ut

206 1397 580 1448 abstrahamus
621 1416 651 1447 a
692 1399 863 1448 causis
903 1399 1349 1461 accidentalibus,
1394 1417 1530 1466 quae
1570 1401 1838 1450 interdum
1878 1399 1947 1449 ad
1987 1399 2115 1448 eius-

207 1481 356 1530 modi
409 1480 585 1530 media
638 1481 1058 1531 extraordinaria
1109 1481 1350 1548 obligare
1393 1491 1622 1548 possunt
1673 1482 1788 1549 (per
1826 1482 2112 1547 accidens).

285 1564 450 1610 Prob.
529 1562 675 1613 Pars
714 1563 758 1613 l.
833 1563 885 1613 V
889 1564 959 1613 ita
1000 1572 1053 1614 et
1104 1565 1302 1614 sanitas
1342 1582 1372 1614 a
1413 1566 1534 1615 Deo
1587 1565 1744 1615 nobis
1795 1565 1953 1615 datae
1991 1571 2117 1614 sunt

207 1654 482 1710 tamquam
535 1646 710 1695 media
757 1647 1079 1721 necessaria,
1135 1647 1331 1713 quibus
1371 1655 1580 1697 utamur
1619 1648 1689 1697 ad
1728 1648 1850 1697 Deo
1889 1647 2114 1697 servien-

208 1727 337 1776 dum
379 1736 431 1777 et
473 1728 650 1778 officia
689 1736 860 1778 status
900 1730 1067 1780 nostri
1106 1730 1393 1796 implenda.
1457 1731 1579 1780 lam
1608 1749 1737 1780 vero
1777 1730 1910 1781 haec
1939 1730 2115 1779 media

206 1818 393 1860 natura
444 1827 540 1860 sua
591 1811 852 1861 eiusmodi
893 1820 1042 1873 sunt,
1098 1830 1234 1878 quae
1286 1813 1562 1878 indigeant
1613 1813 1682 1862 ad
1723 1813 1802 1863 sui
1841 1828 2113 1863 conserva-

206 1893 407 1942 tionem
460 1893 686 1958 positiva
739 1911 861 1943 cura
914 1911 982 1943 ex
1034 1903 1183 1960 parte
1236 1895 1478 1945 hominis.
1560 1896 1715 1961 Ergo
1756 1896 1908 1946 Deus
1953 1895 2113 1945 etiam

206 1973 341 2024 velle
383 1975 683 2025 censendus
724 1984 830 2037 est,
875 1985 931 2026 ut
970 1976 1114 2026 illam
1156 1993 1335 2027 curam
1378 1995 1448 2027 ex
1488 1978 1761 2027 communi
1802 1977 1988 2028 ordine
2027 1994 2112 2027 ne-

206 2058 488 2107 cessariam
529 2057 896 2109 adhibeamus.
959 2059 1109 2109 Idem
1150 2067 1299 2126 patet
1339 2078 1408 2110 ex
1440 2060 1664 2110 naturali
1696 2060 1962 2122 instinctu,
2006 2077 2112 2127 quo

206 2139 370 2189 homo
411 2141 547 2190 sicut
588 2141 767 2191 omnia
807 2142 1037 2192 viventia
1075 2143 1238 2192 vitam
1281 2159 1596 2193 conservare
1634 2142 1834 2193 studet.

211 2278 355 2344 287.
455 2280 601 2330 Pars
653 2281 727 2331 ll.
819 2282 971 2332 Deus
1034 2289 1309 2348 tamquam
1363 2283 1599 2349 prudens
1666 2281 1940 2348 legislator
2005 2299 2113 2331 non

208 2363 506 2413 censendus
548 2371 628 2413 est
667 2363 803 2414 velle
844 2382 942 2414 nos
995 2364 1235 2430 obligare
1288 2374 1578 2431 praecepto
1631 2364 1948 2415 affirmativo
1992 2382 2115 2415 cum

207 2446 572 2507 incommodo,
616 2447 765 2512 quod
807 2464 1120 2497 communes
1161 2447 1438 2497 hominum
1475 2448 1611 2498 vires
1652 2447 1881 2498 excedit.
1949 2446 2120 2513 Atqui

207 2527 249 2576 si
278 2536 577 2577 teneremur
616 2530 774 2578 etiam
805 2547 926 2579 cum
956 2529 1172 2579 relative
1201 2530 1409 2595 magnis
1449 2529 1806 2579 incommodis
1834 2530 2115 2579 sanitatem

208 2627 509 2676 procurare,
554 2610 686 2661 haec
723 2629 846 2661 cura
876 2612 1025 2661 fieret
1057 2629 1180 2661 vere
1219 2611 1579 2662 intolerabilis.
1635 2612 1807 2677 Ergo.
1864 2611 2112 2672 Accedit,

209 2693 358 2758 quod
411 2693 673 2743 eiusmodi
726 2711 851 2744 cura
904 2694 1321 2744 extraordinaria
1374 2693 1481 2743 fere
1534 2711 1721 2744 omnes
1774 2711 1925 2744 curas
1975 2694 2115 2744 vitae

211 2774 409 2824 altioris
449 2775 747 2840 impediret.

290 2868 491 2919 Coroll.
524 2886 571 2919 I.
635 2870 781 2936 Ergo
824 2880 1063 2921 tenemur
1104 2873 1349 2938 proxima
1389 2871 1623 2937 pericula
1661 2872 1801 2922 vitae
1842 2871 2116 2922 ordinariis

212 2952 399 3002 mediis
453 2961 689 3002 avertere
745 2963 798 3003 et
849 2953 1018 3004 multo
1061 2955 1232 3020 magis
1272 2971 1334 3004 ea
1375 2971 1483 3004 non
1522 2955 1668 3004 adire
1709 2971 1777 3004 ex
1819 2955 2115 3004 temeritate

211 3034 277 3098 (v.
322 3051 372 3100 g.
417 3035 488 3084 ob
529 3033 699 3084 solam
739 3053 930 3086 vanam
978 3036 1430 3100 ostentationem).
1474 3069 1546 3073 —
1594 3035 1776 3086 Potest
1815 3045 1994 3086 tamen
2033 3053 2115 3086 ac-

213 3116 404 3177 cidere,
447 3125 506 3167 ut
531 3134 641 3166 non
668 3116 843 3167 solum
884 3118 1104 3180 lz'cq'tum,
1147 3119 1243 3168 sed
1284 3119 1444 3168 etiam
1471 3126 1821 3183 praeceptum
1859 3119 1926 3168 sit
1951 3119 2116 3168 vitam

214 3207 359 3248 certo
412 3198 650 3265 periculo
703 3217 1002 3266 exponere,
1059 3200 1275 3266 quando
1328 3199 1419 3250 scl.
1469 3200 1573 3250 hoc
1625 3199 1916 3265 periculum
1966 3201 2117 3250 vitari

213 3282 412 3346 nequit,
456 3282 581 3346 quin
620 3281 847 3331 violetur
887 3292 1234 3348 praeceptum
1276 3282 1584 3347 negativum
1624 3281 1709 3331 vel
1741 3282 2114 3332 affirmativum

215 3363 428 3427 quidem
471 3364 564 3412 sed
607 3363 931 3428 praevalens.
