2182 3682
207 162 311 226 398
603 171 716 200 PARS
751 171 799 200 ΙΙ.
851 170 1165 200 PHILOSOPHIA
1199 169 1407 198 MORALIS
1444 170 1693 199 SPECIALIS.

282 317 434 365 Resp.
509 307 642 353 Cone.
690 313 831 354 antec.
894 307 1034 366 Nego
1081 322 1198 354 cons.
1238 312 1283 351 et
1315 322 1486 367 conseq.
1560 307 1920 367 Argumentum
1967 306 2113 354 nimis

203 383 408 443 probat3
457 398 570 428 nam
610 382 649 429 si
689 383 807 443 quid
844 383 1103 443 probaret,
1152 382 1390 443 probaret
1434 380 1581 428 etiam
1624 382 1729 428 iura
1764 381 1966 443 politica
2013 396 2113 428 om-

201 457 335 504 nium
375 457 560 504 debere
609 472 715 504 esse
752 472 951 518 prorsus
999 456 1247 518 aequalia,
1298 456 1514 517 ideoque
1562 457 1717 504 solam
1755 455 2112 504 democratiam

201 540 471 579 extremam
509 547 615 579 esse
651 531 921 593 legitimam
959 530 1210 592 regiminis
1248 532 1473 578 formam.
1549 531 1739 579 Omnes
1775 531 1908 578 enim
1947 527 2112 593 (etiam

199 602 458 668 infantesl)
507 607 640 654 idem
677 607 864 653 habent
898 606 995 665 ius,
1047 615 1098 653 ut
1133 613 1267 653 recte
1305 614 1550 667 regantur.
1623 606 1762 666 Ergo
1797 621 1857 653 ex
1899 605 2004 653 iure
2049 606 2112 653 ad

200 683 385 728 bonam
422 681 835 743 gubernationem
881 697 986 728 non
1023 681 1240 742 sequitur
1276 681 1349 728 ius
1386 680 1716 742 participandi
1753 680 1858 728 iura
1895 681 2110 743 politica.

283 789 384 829 Obi.
419 801 462 828 2.
519 781 736 828 Feminis
772 782 1093 843 imponuntur
1119 781 1295 828 eadem
1330 797 1483 828 onera
1507 782 1707 843 publica
1744 798 1802 828 ac
1825 780 1955 840 viris,
1992 798 2036 829 v.
2063 796 2108 842 g.

201 857 367 917 quoad
404 857 608 915 tributa,
657 857 828 903 saltem
866 856 905 903 si
942 865 1051 903 sunt
1087 856 1159 904 sui
1195 856 1335 914 iuris,
1387 857 1415 904 i.
1456 872 1497 904 e.
1536 871 1639 903 non
1676 856 1821 903 alicui
1855 855 1961 903 viro
2004 857 2111 903 sub—

199 930 371 978 iectae.
443 932 582 991 Ergo
619 931 804 978 debent
841 931 1016 978 eadem
1054 931 1160 978 iura
1195 931 1396 993 politica
1433 933 1634 979 habere.

278 1031 429 1080 Resp.
465 1043 498 1069 1.
576 1023 748 1068 Trans.
803 1028 944 1068 antec.
997 1028 1042 1068 et
1085 1037 1200 1081 nege
1246 1037 1363 1069 cons.
1437 1024 1512 1068 Ex
1559 1021 1855 1082 aequalitate
1904 1036 2110 1068 onerum

197 1112 301 1143 non
338 1097 558 1158 sequitur
597 1097 774 1143 eadem
812 1098 999 1144 debere
1038 1112 1142 1144 esse
1180 1097 1298 1143 iura.

277 1196 429 1244 Resp.
465 1206 508 1234 2.
583 1186 723 1246 AVegO
767 1192 909 1233 antec.
982 1186 1238 1247 Numquid
1286 1186 1502 1233 feminae
1552 1185 1701 1232 etiam
1746 1185 1924 1232 milites
1959 1184 2112 1232 fiunt?

203 1261 353 1321 Quod
391 1270 554 1308 autem
592 1261 807 1308 feminae
857 1261 952 1308 sint
988 1262 1135 1322 plane
1184 1261 1255 1307 sui
1292 1260 1430 1316 iuris,
1481 1260 1579 1306 hoc
1626 1269 1699 1308 est
1733 1276 1824 1323 per
1860 1260 2110 1307 accidens.

204 1336 493 1384 Generatim
532 1336 663 1383 enim
702 1336 918 1383 feminae
962 1345 1073 1382 sunt
1109 1337 1334 1382 membra
1372 1335 1585 1382 familiae
1624 1343 1671 1382 et
1707 1335 1857 1397 capiti
1893 1334 2112 1383 eiusdem

200 1412 464 1458 subiectae.
519 1413 576 1457 In
611 1410 931 1458 diiudicanda
968 1420 1130 1457 autem
1167 1410 1443 1457 intentione
1479 1419 1684 1457 naturae
1716 1410 1987 1457 videndum
2024 1418 2110 1468 est,

205 1486 323 1548 quid
359 1486 636 1547 generatim
674 1495 721 1533 et
757 1502 847 1547 per
884 1501 950 1544 se,
990 1500 1092 1531 non
1131 1485 1248 1546 quid
1286 1501 1376 1547 per
1413 1485 1647 1532 accidens
1685 1484 1953 1546 contingat.

285 1590 387 1630 Obi.
417 1602 459 1640 3·
533 1581 749 1629 Feminis
788 1582 1078 1629 conceditur
1115 1582 1247 1643 apud
1285 1582 1461 1628 multos
1498 1583 1710 1643 populos
1750 1582 1822 1628 ius
1857 1580 2111 1643 politicum

204 1673 447 1704 summum
498 1652 731 1718 (potestas
780 1652 948 1718 regia).
1021 1657 1159 1716 Ergo
1203 1673 1231 1703 a
1272 1656 1475 1703 fortiore
1523 1656 1579 1703 iis
1627 1656 1956 1704 concedenda
2003 1665 2114 1703 sunt

203 1732 298 1779 alia
334 1732 439 1778 iura
475 1732 690 1793 politica.

282 1831 433 1880 Resp.
496 1821 630 1869 Cone.
669 1828 811 1868 antec.
851 1827 896 1866 el
929 1837 1043 1881 nege
1081 1837 1197 1868 cons.
1237 1827 1282 1867 et
1304 1823 1577 1884 paritatem.
1642 1821 1793 1881 Quod
1829 1836 2112 1882 supremum

203 1898 426 1958 regimen
459 1896 654 1943 feminis
691 1895 994 1952 conceditur,
1034 1904 1105 1943 est
1142 1891 1186 1957 a)
1226 1896 1468 1958 exceptio,
1509 1912 1636 1957 quae
1674 1912 1785 1943 raro
1823 1896 2113 1957 contingere

202 1980 365 2033 potest
416 1988 474 2018 ac
520 1981 786 2033 propterea
833 1970 1107 2032 generatim
1160 1971 1354 2018 familiis
1401 1979 1757 2018 nocumentum
1807 1986 1910 2018 non
1957 1972 2111 2018 affert.

201 2048 463 2094 Praeterea
499 2042 548 2107 b)
576 2047 706 2093 hanc
743 2046 1090 2107 exceptionem
1115 2046 1303 2092 bonum
1340 2061 1604 2092 commune
1641 2045 1888 2093 interdum
1925 2046 2111 2104 suadet,

202 2123 337 2169 cuius
373 2121 638 2183 plurimum
674 2121 901 2179 interest,
953 2130 1004 2167 ut
1039 2121 1285 2167 successio
1327 2120 1376 2166 in
1413 2120 1516 2168 iure
1554 2120 1799 2182 regnandi
1835 2120 1895 2168 sit
1930 2120 2113 2168 stabilis

201 2205 348 2257 atque
385 2196 452 2243 ita
488 2196 746 2243 ambitioni
781 2196 861 2242 via
897 2196 1257 2257 praecludatur.
1331 2195 1564 2256 Denique
1614 2191 1658 2256 c)
1697 2195 1779 2241 illa
1814 2195 2112 2252 indecentia,

201 2287 350 2332 quam
388 2271 610 2329 diximus,
648 2271 728 2318 hic
765 2272 930 2317 locum
965 2286 1067 2317 non
1106 2271 1279 2327 habet,
1320 2271 1436 2331 quia
1470 2270 1643 2331 regina
1681 2270 1784 2317 fere
1823 2270 1990 2317 omnia
2025 2285 2116 2332 per

200 2346 321 2393 alios
358 2346 702 2392 administrare
729 2355 905 2407 potest.
960 2346 1223 2392 Contraria
1246 2360 1365 2392 vero
1403 2347 1569 2392 valent
1595 2346 1656 2392 de
1694 2344 1877 2392 iuribus
1903 2344 2114 2406 politicis

201 2420 396 2468 feminis
432 2421 698 2468 universim
737 2420 1000 2468 concessis.

278 2528 395 2565 Inst.
447 2518 630 2564 Saltem
666 2517 882 2565 rationes
920 2519 1095 2564 allatae
1132 2533 1235 2564 non
1271 2518 1499 2578 probant,
1540 2517 1578 2563 si
1615 2516 1811 2563 feminis
1848 2517 2007 2563 solum
2041 2515 2113 2562 ius

203 2592 457 2640 electionis
495 2593 733 2649 activum,
773 2593 801 2639 i.
841 2607 882 2639 e.
922 2592 994 2639 ius
1032 2591 1250 2653 eligendi
1288 2593 1550 2653 deputatos
1586 2606 1678 2653 pro
1717 2590 1952 2650 comitiis,
2003 2606 2119 2637 con-

203 2668 423 2715 cedatur.

281 2766 431 2814 Resp.
496 2773 534 2802 1.
571 2757 620 2802 Si
653 2755 868 2803 rationes
905 2756 1301 2803 adversariorum
1338 2755 1524 2816 aliquid
1550 2756 1726 2811 valent,
1765 2755 1981 2816 probant
2011 2753 2117 2801 iura

203 2832 498 2879 feminarum
523 2831 725 2892 politica
762 2831 1042 2877 universim.
1101 2847 1141 2878 2.
1171 2830 1459 2877 Adversarii
1495 2846 1597 2877 non
1634 2829 1726 2876 sibi
1763 2837 2003 2876 constant.
2065 2827 2115 2875 Si

205 2906 338 2953 enim
375 2907 539 2967 aliqua
575 2905 803 2952 omnibus
829 2905 1023 2951 feminis
1060 2905 1164 2951 iura
1201 2905 1556 2962 conceduntur,
1596 2920 1699 2951 non
1735 2911 1942 2966 apparet
1974 2904 2113 2959 ratio,

206 2997 292 3028 cur
327 2996 429 3027 non
467 2980 561 3026 alia
597 2980 688 3027 illis
726 2980 873 3026 etiam
912 2980 1243 3026 conferantur.
1314 2980 1413 3026 Cur
1449 2996 1492 3026 v.
1531 2995 1592 3040 g.,
1633 2978 1672 3026 si
1706 2979 1779 3025 ius
1815 2979 2002 3025 habent
2037 2977 2117 3025 eli-

205 3056 370 3116 gendi,
410 3070 512 3102 non
546 3062 751 3116 possunt
787 3054 996 3101 feminas
1033 3055 1096 3100 ad
1129 3054 1329 3101 comitia
1366 3053 1636 3115 deputare?
1685 3055 1749 3100 Et
1784 3061 1932 3109 certe,
1971 3051 2010 3099 si
2044 3051 2117 3098 ius

207 3129 424 3191 eligendi
460 3130 613 3176 semel
648 3129 848 3186 habent,
890 3128 996 3189 quis
1033 3128 1138 3175 illas
1174 3121 1442 3190 prohibere
1479 3126 1674 3189 poterit,
1714 3127 1975 3188 quominus
2011 3125 2116 3173 iura

207 3219 293 3251 sua
329 3204 596 3250 extendere
634 3203 891 3250 studeant?
944 3202 1176 3263 Denique
1214 3219 1257 3263 3.
1297 3219 1411 3262 nego
1446 3203 1662 3249 rationes
1699 3202 1893 3258 allatas,
1941 3201 2114 3248 saltem

207 3293 390 3338 magna
425 3293 485 3324 ex
520 3285 685 3339 parte,
736 3293 839 3324 non
875 3277 1064 3334 valere,
1115 3277 1306 3324 etiamsi
1342 3278 1501 3324 solum
1546 3275 1619 3323 ius
1667 3274 1881 3337 eligendi
1920 3273 2114 3322 feminis

210 3351 528 3399 concedatur.
