2182 3682
515 175 601 203 LIB.
636 175 684 203 11.
731 174 829 203 CAP.
866 174 931 202 111.
983 174 1044 202 DE
1079 174 1336 202 SOCIETATE
1370 175 1527 203 CIVILI.
1851 175 1954 227 379

140 321 290 369 Resp.
356 311 495 369 Nego
541 311 887 357 disiunctionem
934 311 1042 355 mai.
1115 310 1414 370 Designatur
1459 325 1624 370 neque
1676 310 1958 357 immediate

63 400 151 447 per
186 385 343 446 ipsum
380 387 543 431 Deum
590 400 753 445 neque
790 400 880 445 per
915 399 1052 431 suam
1095 392 1346 439 naturam,
1397 383 1484 430 sed
1527 399 1615 444 per
1651 385 1783 430 varia
1831 385 1960 431 facta

63 459 308 517 historica,
348 474 475 520 quae
513 457 794 519 singillatim
830 467 1023 519 sumpta
1060 474 1087 504 a
1123 457 1346 504 libertate
1383 458 1638 504 hominum
1674 458 1962 519 dependent

63 541 111 580 et
146 533 326 579 sensim
363 532 581 579 efficiunt
606 531 893 593 congeriem
920 531 1226 589 familiarum,
1264 531 1315 578 in
1341 547 1438 592 qua
1474 531 1647 592 aliquis
1684 531 1829 578 iudex
1856 547 1960 578 esse

64 607 212 655 debet
247 615 295 653 et
329 622 452 653 unus
501 607 629 653 solus
673 606 924 652 moraliter
960 605 1213 666 loquendo
1259 613 1398 666 aptus
1447 614 1519 652 est
1554 606 1617 652 ad
1657 605 1962 665 fungendum

65 696 126 728 eo
161 695 379 727 munere.
451 680 587 726 Hinc
633 695 798 740 neque
846 680 943 726 dici
978 688 1141 740 potest
1175 680 1306 726 hunc
1353 679 1566 726 iudicem
1613 679 1796 726 habere
1833 687 1967 740 pote-

65 762 238 802 statem
285 755 569 816 simpliciter
604 754 651 800 vi
688 754 801 800 iuris
849 754 1015 800 divini.
1088 754 1217 800 Nam
1266 753 1366 800 eius
1403 753 1677 814 designatio
1714 754 1967 814 dependet

64 845 92 874 a
127 828 271 876 variis
308 828 705 886 circumstantiis,
756 844 877 888 quas
913 828 1138 875 homines
1186 827 1426 876 indirecte
1474 828 1715 889 impedire
1752 829 1830 875 vel
1867 843 1966 874 mu-

63 912 166 950 tare
203 904 487 964 potuissent.

147 999 248 1039 Obi.
293 1011 337 1039 2.
411 992 692 1039 Secundum
744 992 790 1038 S.
850 992 1074 1037 Thomam
1131 1000 1257 1038 totus
1310 992 1520 1052 populus
1571 999 1732 1053 potest
1781 991 1966 1038 habere

65 1082 345 1128 supremam
397 1075 703 1128 potestatem.
780 1066 933 1126 Alquz'
980 1066 1251 1113 secundum
1303 1074 1521 1113 nostram
1573 1065 1866 1113 sententiam
1918 1065 1968 1111 id

65 1140 170 1188 fieri
206 1155 308 1187 non
345 1150 519 1201 potest.
592 1141 730 1200 Ergo
767 1143 812 1188 S.
852 1142 1042 1187 Doctor
1078 1141 1221 1188 nobis
1258 1149 1329 1187 est
1366 1140 1650 1187 contrarius.

143 1231 293 1280 Resp.
368 1223 500 1269 Cone.
540 1224 647 1269 mai.
687 1228 732 1268 et
764 1238 876 1281 nege
911 1224 1020 1269 min.
1090 1223 1251 1269 Etiam
1289 1223 1557 1269 secundum
1597 1237 1686 1268 nos
1723 1230 1850 1268 totus
1886 1237 1971 1282 po-

66 1298 205 1358 pulus
242 1305 403 1358 potest
438 1298 623 1344 habere
672 1312 950 1358 supremam
987 1305 1306 1358 potestatem,
1357 1312 1441 1344 seu
1478 1296 1782 1344 democratia
1821 1295 1970 1357 possi-

67 1371 177 1419 bilis
214 1380 298 1418 est.
352 1371 480 1418 Nam
518 1388 620 1417 non
657 1387 853 1432 semper
879 1371 1119 1418 eiusmodi
1148 1373 1326 1418 adsunt
1351 1372 1760 1428 circumstantiae,
1801 1372 1970 1431 quales

67 1445 117 1493 in
153 1445 278 1492 thesi
310 1445 644 1506 supponimus,
684 1446 849 1503 immo,
890 1446 927 1492 si
964 1446 1148 1508 excipis
1184 1456 1410 1508 tempora
1435 1446 1839 1508 patriarcharum,
1878 1445 1970 1492 for-

67 1529 194 1567 tasse
234 1536 360 1567 raro.
433 1521 695 1567 Praeterea
732 1530 892 1582 potest
926 1521 1056 1579 fieri,
1107 1530 1157 1567 ut
1194 1523 1268 1568 vel
1307 1521 1412 1582 ipse
1460 1521 1705 1568 renuntiet
1740 1520 1969 1582 potestati

68 1595 119 1642 in
155 1594 374 1641 favorem
412 1595 606 1656 populi,
658 1596 734 1642 vel
770 1603 822 1641 ut
868 1595 971 1642 sine
1009 1596 1228 1656 legitimo
1265 1596 1451 1642 herede
1499 1595 1758 1651 moriatur,
1809 1595 1875 1641 ita
1920 1604 1972 1641 ut

68 1677 284 1730 potestas
332 1669 395 1715 ad
442 1677 596 1716 totum
633 1671 868 1731 populum
907 1671 985 1716 vel
1034 1670 1293 1731 optimates
1331 1670 1584 1728 deveniat,
1635 1670 1712 1717 vel
1755 1669 1970 1729 denique

68 1754 120 1790 ut
154 1744 217 1790 ab
255 1743 348 1790 alia
385 1743 578 1791 civitate
616 1753 856 1805 potestate
894 1760 979 1791 sua
1015 1746 1135 1792 iuste
1172 1745 1401 1806 privetur.

151 1840 253 1880 Obi.
283 1852 326 1889 3.
394 1833 676 1880 Secundum
713 1834 759 1880 S.
808 1834 1033 1879 Tllomam
1080 1830 1142 1894 (1,
1185 1852 1232 1891 2,
1285 1850 1330 1895 q.
1372 1852 1456 1896 90,
1507 1851 1548 1881 a.
1589 1829 1635 1894 3)
1685 1848 1769 1880 rex
1814 1832 1969 1880 vicem

68 1908 192 1969 gerit
226 1907 411 1969 populi.
483 1908 620 1967 Ergo
657 1924 742 1954 rex
777 1917 1072 1970 potestatem
1111 1926 1138 1955 a
1173 1910 1359 1970 populo
1395 1909 1557 1956 habet.

145 1999 296 2047 Resp.
370 1989 503 2036 Cone.
543 1996 685 2037 antec.
758 1990 897 2050 Negra
945 2007 1061 2039 cons.
1108 1997 1152 2036 et
1196 2007 1365 2052 conseq.
1439 1992 1516 2037 En
1565 1991 1820 2051 quomodo
1867 1991 1971 2052 ipse

69 2066 248 2111 Suarez
284 2064 416 2111 hunc
463 2066 627 2111 locum
665 2066 709 2112 S.
748 2066 973 2112 Thomae
1019 2066 1390 2127 interpretatur:
1447 2068 1641 2112 «Potest
1676 2065 1834 2111 vicem
1872 2065 1973 2111 eius

71 2134 428 2201 (multitudinis)
466 2155 665 2200 gerere,
715 2141 793 2187 vel
831 2141 912 2201 qui
962 2141 1024 2187 ab
1062 2141 1169 2202 ipsa
1216 2150 1288 2188 est
1325 2140 1612 2187 constitutus
1648 2142 1725 2187 vel
1765 2139 1847 2201 qui
1890 2140 1974 2186 im-

71 2213 285 2261 mediate
334 2230 361 2260 a
398 2216 523 2262 Deo.
596 2215 818 2276 Ideoque
865 2222 919 2261 ut
963 2217 1021 2261 ab
1067 2222 1263 2276 utroque
1311 2215 1628 2272 abstraheret,
1678 2223 1810 2262 recte
1861 2231 1976 2262 con-

70 2288 210 2336 clusit
256 2289 418 2350 legem
455 2289 641 2336 debere
689 2306 794 2337 esse
849 2307 876 2337 a
920 2306 1133 2351 persona
1181 2291 1404 2352 publica,
1456 2306 1583 2351 quae
1631 2290 1776 2337 totius
1823 2290 1977 2336 multi-

69 2363 251 2410 tudinis
299 2378 467 2410 curam
515 2365 693 2411 habet»
736 2361 831 2425 (De
879 2366 971 2426 leg.
1011 2366 1038 2412 l.
1085 2382 1130 2421 1,
1181 2382 1221 2412 c,
1263 2368 1312 2424 8,
1363 2383 1408 2413 n.
1450 2361 1511 2426 o).
1584 2366 1647 2411 Et
1683 2380 1733 2412 re
1774 2364 1974 2426 quidem

69 2453 186 2485 vera
232 2439 357 2485 haec
405 2439 625 2486 definitio
675 2456 734 2487 ex
780 2449 946 2487 mente
993 2442 1037 2487 S.
1077 2441 1301 2488 Thomae
1349 2441 1479 2488 valet
1526 2441 1588 2488 de
1640 2439 1860 2501 quolibet
1907 2455 1978 2486 su-

71 2513 266 2574 periore
305 2513 668 2561 communitatis
705 2516 969 2576 perfectae,
1010 2515 1156 2562 etiam
1195 2516 1255 2562 de
1295 2517 1496 2562 Summo
1533 2515 1785 2572 Pontifice,
1824 2514 1976 2561 immo

72 2589 135 2635 de
172 2587 280 2649 ipso
318 2589 442 2635 Deo.
514 2589 769 2650 Numquid
810 2590 1030 2637 dicemus
1067 2591 1158 2637 hos
1194 2606 1393 2652 quoque
1431 2607 1459 2637 a
1494 2591 1681 2652 populo
1726 2589 1976 2651 accepisse

72 2663 398 2724 potestatem?

156 2751 258 2791 Obi.
304 2765 347 2802 4.
417 2746 700 2792 Secundum
747 2762 838 2793 nos
887 2746 1070 2793 familia
1118 2762 1169 2794 se
1216 2747 1450 2809 paulatim
1503 2746 1682 2794 evolvit
1730 2745 1779 2792 in
1828 2746 1978 2793 socie-

73 2826 222 2866 tatem
268 2819 476 2866 civilem.
548 2821 686 2880 Ergo
724 2821 933 2868 societas
972 2821 1124 2868 civilis
1168 2838 1272 2869 non
1309 2821 1619 2883 distinguitur
1656 2819 1978 2868 essentialiter

75 2910 103 2940 a
138 2893 336 2952 familia,
376 2895 464 2941 sed
501 2903 573 2942 est
609 2897 765 2942 solum
802 2896 959 2942 maior
995 2896 1191 2943 familia.

153 2984 303 3033 Resp.
372 2976 501 3022 Dz'st.
541 2983 717 3023 antea:
763 2978 968 3025 Familia
1017 2994 1066 3026 se
1103 2978 1339 3040 paulatim
1383 2978 1563 3025 evolvit
1605 2978 1655 3024 in
1693 2978 1979 3025 societatem

76 3049 270 3096 civilem
308 3050 473 3111 quoad
509 3059 698 3111 partem
742 3052 1046 3099 materialem
1085 3049 1614 3114 (conglomerationem
1652 3047 1977 3112 familiarum),

76 3139 216 3182 cona,
273 3124 439 3185 quoad
487 3134 677 3186 partem
726 3126 1009 3185 formalem,
1060 3127 1088 3174 i.
1129 3144 1170 3175 e.
1222 3128 1388 3189 quoad
1424 3128 1672 3174 vinculum
1720 3126 1978 3173 iuridicum

76 3198 299 3245 societati
346 3199 474 3246 civili
522 3201 803 3262 proprium,
853 3218 979 3262 nego.
1052 3204 1305 3264 Respectu
1351 3203 1491 3250 huius
1535 3202 1715 3248 vinculi
1765 3201 1978 3248 evolutio

77 3272 290 3320 familiae
342 3274 393 3319 in
443 3274 683 3322 maiorem
741 3276 1101 3324 multitudinem
1156 3278 1313 3324 solum
1365 3277 1515 3324 habet
1565 3275 1805 3322 rationem
1832 3305 1835 3306 ν
1865 3292 1979 3323 con-

78 3346 285 3394 dicionis
332 3347 435 3395 sine
475 3364 571 3409 qua
608 3366 737 3410 nonq
785 3352 868 3398 scl.
907 3351 1000 3398 hac
1048 3351 1357 3399 multitudine
1406 3350 1641 3398 stabiliter
1678 3358 1979 3412 congregata
