2182 3682
223 171 329 225 370
450 179 456 183 ·
627 172 740 201 PARS
775 173 822 202 ΙΙ.
873 172 1188 202 PHILOSOPHIA
1222 172 1425 202 MORALIS
1462 173 1710 204 SPECIALIS.

220 306 400 356 medio
459 307 593 358 illius
655 308 1007 359 multitudinis
1065 310 1263 360 vivunt.
1367 309 1547 376 Quare
1606 327 1768 377 supra
1827 311 2130 362 notavimus

218 388 357 438 hanc
410 389 707 440 doctrinam
760 391 1107 442 essentialiter
1157 392 1367 442 differre
1418 409 1448 442 a
1501 393 1743 443 doctrina
1788 393 2126 445 Pufendorfii,

218 469 275 521 Si
314 471 447 521 haec
487 473 851 539 interpretatio
893 491 1002 523 non
1043 474 1353 535 admittitur,
1397 475 1660 524 sententia
1685 473 2128 526 scholasticorum

218 554 375 603 etiam
419 554 822 605 difficultatibus
863 564 1049 605 contra
1077 555 1479 606 Pufendorfium
1522 555 1743 622 prolatis
1772 557 2010 607 obnoxia
2051 557 2125 609 fit.

291 642 402 691 Iam
443 643 494 692 in
535 643 639 693 hoc
681 661 907 710 corpore
948 644 1166 710 politico
1195 645 1269 694 sic
1298 646 1589 694 constituto
1631 652 1873 711 potestas
1913 645 2130 712 politica

220 724 449 774 resultat
485 743 579 791 per
619 726 843 775 modum
896 728 1235 792 proprietatis
1275 745 1345 776 ex
1385 736 1571 777 natura
1623 728 1696 777 rei
1736 728 2126 794 consequentis.

217 806 407 873 Itaque
458 807 591 857 haec
642 808 925 858 secundum
975 827 1032 858 se
1084 817 1163 858 est
1216 809 1526 859 immediate
1570 826 1599 858 a
1638 810 1761 859 Deo
1813 818 1872 859 ut
1911 816 2130 860 auctore

217 898 462 950 naturae,
517 890 590 939 ita
630 898 687 940 ut
738 890 985 940 homines
1036 908 1132 956 per
1183 900 1432 957 pactum,
1487 909 1594 958 quo
1634 892 1686 941 in
1727 910 1893 941 unum
1933 909 2131 958 corpus

215 971 489 1038 politicum
531 981 943 1038 congregantur,
988 974 1139 1039 quasi
1182 974 1470 1040 disponant
1510 974 1787 1024 materiam
1815 981 1869 1024 et
1897 974 2129 1024 efficiant

213 1054 513 1104 subiectum
565 1071 740 1121 capax
791 1072 1075 1121 supremae
1130 1057 1439 1122 potestatis,
1498 1056 1647 1106 Deus
1698 1065 1877 1107 autem
1933 1056 2129 1106 tribuat

214 1135 441 1186 formam
483 1137 666 1187 dando
708 1137 846 1187 hanc
889 1146 1229 1204 potestatem.
1304 1138 1455 1189 Sicut
1495 1139 1635 1188 enim
1677 1139 1843 1188 homo
1885 1156 1950 1188 eo
1991 1139 2126 1204 ipso,

214 1220 362 1285 quod
403 1236 500 1269 suo
542 1220 709 1269 modo
750 1221 1079 1286 producitur,
1123 1220 1287 1271 habet
1329 1228 1657 1287 potestatem
1696 1222 1748 1271 in
1775 1238 1833 1270 se
1872 1221 2046 1287 ipsum
2076 1228 2129 1270 et

212 1318 307 1351 sua
347 1301 614 1362 membra,
667 1303 738 1351 ita
780 1319 975 1368 corpus
1015 1302 1293 1368 politicum
1336 1320 1401 1352 eo
1443 1303 1588 1369 ipso,
1632 1303 1781 1368 quod
1822 1320 1919 1353 suo
1961 1302 2127 1352 modo

212 1401 308 1449 per
348 1393 564 1449 pactum
605 1383 795 1434 saltem
835 1384 1149 1450 implicitum
1190 1386 1528 1451 producitur,
1584 1386 1748 1436 habet
1800 1393 2126 1451 potestatem

211 1466 291 1515 sui
331 1466 496 1532 ipsius
538 1475 590 1516 et
632 1475 1027 1532 consequenter
1068 1468 1432 1518 membrorum
1475 1485 1708 1518 suorum.

286 1555 448 1605 Porro
491 1556 623 1606 haec
664 1565 904 1622 potestas
945 1575 1015 1606 ex
1055 1565 1240 1607 natura
1282 1559 1353 1607 rei
1395 1566 1475 1607 est
1515 1558 1571 1607 7'72
1613 1565 1726 1607 sota
1756 1557 2131 1608 communitate

212 1647 269 1688 ut
320 1655 416 1688 suo
472 1639 713 1689 subiecto
767 1640 1066 1704 originario.
1159 1640 1299 1689 Nam
1358 1658 1459 1690 «ex
1509 1641 1559 1690 vi
1612 1641 1827 1691 rationis
1879 1639 2128 1690 naturalis

213 1719 354 1771 nulla
394 1729 575 1787 potest
616 1723 912 1787 excogitari
954 1723 1113 1782 ratio,
1158 1740 1249 1772 cur
1290 1723 1422 1772 haec
1464 1731 1704 1789 potestas
1745 1723 2128 1772 determinetur

210 1804 279 1853 ad
336 1820 498 1853 unam
557 1821 843 1870 personam
900 1804 982 1854 vel
1043 1806 1110 1854 ad
1172 1814 1374 1855 certum
1436 1822 1716 1855 numerum
1775 1822 2122 1871 personarum

210 1885 341 1935 infra
392 1894 563 1936 totam
605 1888 1045 1936 communitatem
1088 1888 1259 1953 magis
1300 1905 1462 1953 quam
1503 1889 1571 1937 ad
1613 1887 1786 1937 alium.
1868 1886 2014 1952 Ergo
2056 1903 2124 1936 ex

208 1968 257 2018 vi
310 1967 558 2018 naturalis
610 1969 971 2019 concessionis
1022 1969 1198 2019 solum
1251 1978 1330 2019 est
1382 1970 1689 2019 immediate
1740 1969 1792 2018 in
1834 1968 2123 2019 communi-

208 2059 347 2100 tate»
379 2049 642 2115 (Suarea,
686 2051 806 2101 Def.
851 2051 975 2101 fidei
1016 2051 1045 2101 l.
1093 2066 1139 2116 3,
1185 2069 1228 2102 c.
1275 2065 1321 2113 2,
1367 2070 1414 2102 n.
1463 2053 1531 2116 7).

283 2139 641 2190 Nihilominus
682 2141 873 2190 eadem
925 2149 1166 2207 potestas
1207 2159 1314 2190 non
1357 2151 1437 2191 est
1477 2141 1878 2192 immutabiliter
1916 2141 1968 2191 in
2009 2149 2124 2191 tota

209 2224 608 2284 communitate,
652 2224 748 2272 sed
790 2240 885 2289 per
924 2223 1080 2273 huius
1110 2240 1433 2274 consensum
1473 2224 1557 2274 vel
1598 2241 1695 2290 per
1721 2223 1876 2273 aliam
1907 2240 2124 2274 causam

207 2306 399 2355 iustam
454 2306 505 2354 in
561 2304 721 2355 alium
779 2305 1045 2355 transferri
1102 2314 1307 2371 potest,
1366 2307 1531 2356 immo
1588 2307 1882 2372 generatim
1935 2306 2124 2356 rationi

209 2387 431 2437 naturali
473 2387 799 2437 conformius
841 2396 937 2447 est,
980 2400 1037 2437 ut
1078 2388 1130 2437 id
1174 2388 1279 2449 fiat,
1325 2405 1448 2438 cum
1489 2396 1605 2439 tota
1633 2389 1988 2438 communitas
2027 2404 2122 2454 per

208 2486 264 2518 se
315 2470 406 2519 vix
456 2469 542 2519 illa
594 2471 668 2519 uti
720 2471 902 2536 possit.
1004 2468 1282 2536 «Sequitur
1334 2488 1463 2536 ergo
1517 2478 1843 2537 potestatem
1895 2469 2117 2530 civilem,

208 2553 419 2617 quoties
469 2553 520 2601 in
573 2570 678 2602 uno
730 2552 947 2602 homine
998 2552 1081 2602 vel
1138 2554 1376 2619 principe
1425 2554 1709 2619 reperitur,
1768 2552 2006 2618 legitimo
2058 2569 2120 2601 ac

208 2635 475 2684 ordinario
517 2635 626 2683 iure
655 2651 684 2683 a
712 2634 919 2700 populo
949 2643 1001 2684 et
1031 2636 1417 2685 communitate
1445 2652 1706 2693 manasse,
1749 2634 1833 2684 vel
1876 2634 2121 2701 proxime

207 2716 279 2766 rel
321 2725 539 2777 remote,
584 2734 675 2766 nec
702 2725 864 2781 posse
904 2717 1070 2767 aliter
1111 2717 1321 2777 haberi,
1362 2725 1419 2766 πί
1443 2717 1582 2766 insta
1610 2717 1709 2766 sit»
1747 2716 1990 2781 (Suarea
2037 2716 2119 2765 De

206 2798 308 2864 leg.
353 2798 382 2849 l.
430 2813 486 2862 3,
543 2816 586 2848 c.
631 2813 689 2861 4,
746 2816 793 2848 n.
842 2800 908 2862 2).
998 2799 1190 2849 «Unde
1243 2808 1483 2865 potestas
1536 2800 1680 2864 regia
1732 2798 2021 2848 formaliter
2060 2805 2119 2847 ut

205 2881 324 2931 talis
365 2888 446 2931 est
487 2882 555 2930 de
595 2881 703 2930 iure
745 2881 1011 2930 humano»
1060 2881 1112 2944 (l.
1159 2898 1200 2931 c.
1246 2898 1294 2931 n.
1344 2882 1408 2945 5).

280 2970 423 3020 Inter
450 2970 771 3020 recentiores
803 2970 924 3019 huic
953 2970 1189 3019 theoriae
1218 2971 1512 3020 adhaerent
1540 2971 1674 3020 inter
1701 2969 1832 3019 alios
1859 2968 1904 3019 I.
1941 2967 2118 3019 Costa-

206 3052 442 3102 Rosselli
468 3051 833 3118 (Philosophia
861 3069 990 3101 mor.
1025 3070 1074 3118 p.
1112 3062 1215 3117 574
1243 3053 1383 3118 sqq),
1437 3051 1667 3113 Qm’llz'et
1692 3052 1797 3117 (De
1837 3051 2118 3118 potestatis

207 3133 370 3185 civilis
411 3135 614 3201 origine
655 3134 862 3185 theoria
903 3133 1201 3199 catholica).

209 3265 355 3330 496.
436 3266 588 3316 Haec
630 3266 873 3316 doctrina
908 3267 1205 3316 communis
1247 3266 1353 3316 fere
1380 3265 1824 3316 scholasticorum
1854 3265 2114 3330 (BalmeS,

207 3349 525 3399 Protestant.
582 3365 817 3414 compar.
871 3365 913 3399 c.
959 3348 1097 3398 cath.
1155 3365 1197 3398 c.
1243 3363 1328 3411 49.
1410 3347 1647 3408 Snm'ez,
1699 3348 1784 3397 De
1835 3348 1937 3413 leg.
1992 3346 2021 3397 l.
2068 3359 2113 3409 3,
