2182 3682
215 183 319 233 262
613 192 725 221 PARS
759 191 808 221 11.
860 190 1172 220 PHILOSOPHIA
1207 189 1409 218 MORALIS
1445 188 1695 219 SPECIALIS.

215 330 339 380 dem
381 346 488 378 non
529 329 646 379 talis
685 329 770 379 vel
810 328 929 379 talis
969 328 1164 378 laboris
1206 327 1456 387 concreti,
1500 335 1558 376 ut
1598 344 1646 376 v.
1689 342 1739 391 g.
1780 325 1995 374 sartoris
2033 324 2144 382 vel,

214 412 422 472 sutoriS,
465 411 560 461 sed
603 410 799 461 laboris
839 410 1055 460 humani
1083 411 1134 459 in
1164 426 1360 476 genere
1388 425 1482 458 seu
1517 408 1569 458 in
1604 408 1889 458 abstracto
1950 406 2115 473 Erg0‚

217 492 514 555 concludit,
569 493 746 560 aliqua
786 510 938 543 merx
989 491 1163 542 solum
1218 499 1502 558 propterea
1539 489 1777 540 valorem
1828 496 2121 540 commuta-

216 578 384 627 tivum
423 576 612 637 habet,
670 577 791 642 quia
830 576 882 625 in
923 592 985 624 ea
1026 575 1328 624 continetur
1368 572 1519 623 labor
1557 572 1821 622 humanus
1862 587 1966 638 qua
2005 571 2123 622 talis
2153 604 2166 615 i

219 659 577 723 (abstractus).

293 748 588 814 Quomodo
630 756 809 796 autem
850 746 935 796 hic
976 745 1127 796 labor
1155 746 1205 794 in
1235 745 1394 794 rebus
1436 751 1721 794 contentus
1761 752 1940 810 potest
1980 761 2122 793 men-

215 829 410 880 surari?
464 830 783 895 Respondet
810 828 993 878 illarx:
1039 845 1161 877 eum
1204 826 1589 876 dimetiendum
1617 843 1732 876 esse
1773 844 1843 876 ex
1879 834 2123 892 tempore

218 913 285 963 ad
327 912 567 962 laborem
608 911 864 961 adhibito.
949 909 1004 961 Si
1045 911 1163 976 quis
1204 910 1400 959 obiciat
1443 908 1547 959 hoc
1588 909 1755 959 modo
1797 908 1907 957 fieri
1946 924 2122 974 posse,

216 1003 288 1056 ut,
332 1013 439 1061 quo
481 994 673 1045 lentius
713 1003 765 1043 et
805 995 1022 1059 segnius
1064 993 1180 1059 quis
1215 992 1550 1052 laboraverit,
1594 1009 1659 1041 eo
1701 991 1956 1040 maiorem
1984 989 2124 1040 valo·
2180 1021 2182 1028 ‹

219 1095 328 1128 rem
372 1095 453 1128 res
493 1078 559 1127 sit
610 1076 880 1137 habitura,
936 1075 1227 1142 respondet
1280 1091 1387 1124 non
1440 1082 1654 1140 tempus
1705 1072 1900 1123 laboris
1947 1072 2031 1123 hic
2073 1081 2126 1122 et

219 1178 357 1210 nunc
386 1161 687 1226 impensum
717 1159 1069 1208 determinare
1098 1157 1350 1218 valorem,
1394 1157 1489 1206 sed
1519 1165 1745 1221 tempus,
1789 1156 1936 1221 quod
1971 1172 2125 1220 gene-

220 1243 371 1292 ratim
412 1243 463 1291 in
515 1241 780 1307 praesenti
832 1249 973 1290 statu
1027 1249 1080 1289 et
1122 1239 1438 1289 condicione
1491 1238 1760 1288 societatis
1813 1254 1932 1287 cum
1985 1254 2125 1286 com-

218 1325 361 1374 muni
401 1324 573 1390 gradu
615 1310 919 1389 diligentiae
962 1331 1014 1372 et
1049 1321 1380 1371 dexteritatis
1409 1322 1475 1370 sit
1515 1320 1871 1371 necessarium
1900 1320 1968 1369 ad
1998 1320 2126 1369 eius-

220 1408 343 1457 dem
385 1407 821 1473 productionem3
866 1414 1155 1471 praeterea,
1201 1413 1258 1453 ut
1296 1421 1377 1453 res
1410 1403 1646 1453 valorem
1688 1402 2127 1452 commutativum

218 1489 416 1539 habere
457 1490 642 1555 possit,
686 1488 876 1554 requiri
919 1496 1192 1553 tamquam
1235 1486 1606 1536 condicionem
1649 1485 1935 1551 praeviam,
1979 1491 2037 1534 ut
2063 1484 2130 1534 sit

217 1572 458 1622 societati
502 1571 655 1621 utilis.

223 1737 368 1788 332.
452 1740 497 1789 3.
555 1725 673 1774 Hac
728 1723 930 1773 theoria
982 1722 1175 1772 valoris
1216 1722 1372 1771 Marx
1423 1723 1526 1771 iam
1579 1721 1740 1771 utitur
1791 1721 1859 1770 ad
1913 1721 2128 1771 demon-

218 1808 512 1868 strandum,
557 1807 835 1873 quomodo
879 1804 1206 1871 capitalistae
1250 1804 1449 1853 maiora
1490 1821 1658 1869 usque
1699 1804 1842 1853 bona
1883 1820 2125 1853 accumu-

219 1891 342 1941 lent.
425 1890 684 1939 Nimirum
740 1889 876 1938 sicut
927 1889 979 1937 in
1020 1886 1131 1936 aliis
1183 1886 1474 1947 mercibus,
1529 1887 1599 1935 ita
1641 1886 1797 1935 etiam
1850 1886 1901 1935 in
1943 1885 2125 1935 labore

219 1991 313 2023 seu
379 1974 557 2039 potius
623 1973 673 2021 in
740 1971 966 2031 viribus,
1037 1986 1170 2036 quas
1237 1969 1507 2034 operarius
1574 1968 1902 2034 capitalistae
1967 1967 2124 2029 locat,

223 2056 476 2122 distingui
516 2062 696 2121 potest
736 2052 883 2103 valor
924 2052 1338 2102 commutativus
1389 2060 1441 2100 et
1482 2050 1629 2100 valor
1669 2050 1879 2100 usualis.
1963 2049 2130 2100 Valor

222 2138 627 2189 coalzlllm‘alz'z'ns
677 2137 865 2186 harum
906 2136 1091 2185 virium
1141 2134 1497 2183 dimetiendus
1539 2142 1618 2182 est
1667 2150 1734 2182 ex
1775 2132 1986 2192 labore,
2040 2132 2131 2198 qui

222 2220 458 2287 impendi
500 2220 662 2270 debet
692 2219 758 2268 ad
789 2235 879 2268 eas
920 2216 1314 2268 conservandas
1355 2223 1408 2265 et
1436 2215 1763 2265 reficiendas.
1820 2214 1923 2265 Hic
1953 2222 2131 2264 autem

224 2303 376 2353 labor
426 2301 660 2369 aequalis
712 2311 791 2351 est
843 2317 1084 2350 summae
1137 2316 1340 2360 rerum,
1397 2298 1591 2364 quibus
1644 2298 1912 2363 operarius
1963 2297 2033 2347 ad
2075 2313 2133 2346 se

225 2386 629 2436 sustentandum
690 2384 925 2449 indiget,
994 2399 1088 2432 seu
1144 2382 1315 2448 pretio
1384 2380 1690 2430 earundem.
1782 2378 1951 2429 Valor
2003 2395 2132 2428 vero

225 2467 435 2517 usualis
473 2467 657 2516 virium
699 2466 923 2532 operarii
964 2465 1204 2514 consistit
1237 2465 1288 2512 in
1318 2481 1398 2523 eo,
1443 2462 1591 2528 quod
1634 2461 1857 2511 eaedem
1895 2460 2132 2511 valorem

229 2550 671 2600 commutativum
712 2565 902 2607 rerum,
948 2548 1085 2597 circa
1127 2563 1260 2613 quas
1302 2552 1631 2605 exercentur,
1675 2552 1888 2610 augent.
1961 2543 2133 2592 Immo

228 2633 333 2682 hoc
362 2639 441 2681 est
482 2631 777 2681 secundum
806 2630 1070 2678 Marxium
1114 2644 1310 2694 operae
1352 2627 1615 2676 humanae
1655 2626 1943 2691 proprium,
1988 2623 2134 2691 quod

231 2715 402 2774 rebus,
446 2714 498 2763 in
532 2730 663 2779 quas
705 2712 856 2762 labor
896 2711 1163 2760 humanus
1198 2709 1539 2775 impenditur,
1584 2708 1848 2757 mamrem
1890 2706 2135 2756 talarem

231 2796 660 2847 cmnnmlalz'vnm
700 2794 951 2859 impertit,
991 2810 1155 2858 quam
1197 2792 1318 2856 ipsa
1347 2790 1517 2841 [zabel.
1582 2789 1963 2856 Supponamus
2001 2807 2049 2838 V.
2082 2805 2133 2854 g.

232 2879 532 2945 operarium
572 2877 809 2941 indigere
849 2892 1011 2925 aureo
1053 2875 1122 2924 ad
1163 2891 1220 2923 se
1261 2873 1669 2923 sustentandum
1710 2889 1817 2921 uno
1859 2871 1958 2920 die.
2034 2870 2137 2920 Hic

233 2977 419 3011 aureus
472 2959 692 3010 exhibet
742 2957 979 3007 valorem
1036 2956 1481 3006 commutativum
1532 2954 1720 3003 virium
1773 2953 1997 3019 operarii
2046 2969 2138 3001 seu

233 3058 511 3103 summam,
557 3057 714 3107 quam
747 3038 1042 3105 capitalista
1083 3037 1324 3103 operario
1367 3046 1423 3086 ut
1456 3036 1756 3086 mercedem
1800 3052 1898 3101 pro
1927 3035 2013 3084 die
2040 3032 2139 3083 sol-

233 3142 356 3174 vere
410 3124 587 3174 debet.
669 3121 778 3172 Sed
831 3121 1055 3171 eaedem
1108 3121 1242 3169 vires
1294 3127 1520 3185 possunt
1572 3118 1757 3178 rebus,
1816 3117 1954 3166 circa
2007 3131 2141 3181 quas

235 3215 578 3266 exercentur,
630 3222 724 3270 per
763 3220 927 3252 unum
970 3203 1111 3251 diem
1154 3201 1274 3266 plus
1313 3200 1506 3250 valoris
1546 3199 1745 3249 addere
1786 3215 1948 3264 quam
1989 3197 2140 3246 unius

235 3288 406 3348 aurei,
461 3287 683 3337 fortasse
723 3285 961 3336 valorem
1002 3285 1230 3333 duorum
1278 3299 1573 3332 aureorum.
1655 3281 1811 3330 Hanc
1851 3279 2142 3329 secundam

238 3378 444 3435 partem
484 3368 707 3430 valoris,
763 3384 926 3434 quam
967 3365 1239 3432 operarius
1281 3381 1376 3414 suo
1419 3363 1602 3414 labore
1641 3361 1964 3429 procreavit,
2008 3359 2144 3426 capi-
