2182 3682
201 171 303 226 352
596 172 711 201 PARS
746 172 793 201 II.
845 172 1158 201 PHILOSOPHIA
1192 171 1398 201 MORALIS
1433 172 1683 201 SPECIALIS.

195 310 431 375 privatae
471 309 850 376 acquirendae,
902 311 991 376 qui
1032 327 1139 359 non
1180 318 1403 376 possunt
1442 308 1716 360 voluntate
1756 311 2098 377 privatorum,

194 392 290 441 sed
330 390 506 442 solum
546 391 760 459 publica
801 392 1191 442 consuetudine
1231 391 1314 442 vel
1355 391 1476 458 lege
1515 393 1692 443 statui.

197 544 344 611 467.
425 546 601 598 Schol.
646 563 693 598 2.
775 548 988 598 Praeter
1037 547 1220 597 titulos
1272 547 1438 597 modo
1487 546 1676 598 allatos
1717 549 1877 598 etiam
1917 548 2102 599 titulus

195 629 500 680 nativitatis
536 630 760 680 servilis
800 631 941 696 apud
972 647 1158 680 omnes
1187 629 1295 679 fere
1323 638 1512 696 gentes
1540 638 1596 679 ut
1623 629 1806 680 titulus
1834 630 2102 696 legitimus

195 712 459 762 servitutis
511 712 932 778 agnoscebatur,
985 713 1135 778 isque
1187 711 1333 762 solus
1384 713 1693 762 servitutem
1744 713 1993 763 stabilem
2032 714 2101 762 in·
2158 710 2162 711 ⁷

194 795 526 845 stitutionem
567 795 790 845 reddere
831 802 1024 861 potest.
1107 793 1393 860 Quaeritur
1432 802 1636 857 autem,
1696 796 1976 862 quomodo
2017 795 2102 845 hic

195 875 376 926 titulus
426 877 592 927 iustus
643 877 827 927 haberi
879 879 1061 943 possit.
1145 877 1329 944 Aliqui
1370 879 1700 944 respondent
1739 894 1946 928 servam
1987 895 2104 928 esse

197 959 424 1020 domini,
477 959 710 1026 ideoque
762 961 921 1010 etiam
974 960 1202 1010 fructum
1244 960 1482 1010 eiusdem
1522 961 1787 1026 pertinere
1826 960 1896 1010 ad
1938 960 2104 1009 domi·

197 1059 349 1104 num,
409 1042 533 1108 quia
588 1043 839 1092 dominus
895 1043 967 1093 rei
1020 1044 1138 1108 ipso
1190 1044 1299 1092 iure
1351 1042 1575 1092 naturali
1628 1043 1852 1109 acquirit
1904 1041 2104 1092 fructus

195 1125 449 1176 eiusdem.
517 1124 627 1176 Sed
668 1125 833 1175 homo
876 1143 982 1175 non
1025 1134 1205 1192 potest
1245 1126 1544 1191 comparari
1584 1142 1706 1175 cum
1748 1125 1936 1187 fructu,
1979 1141 2103 1175 nam

194 1208 308 1273 ipse
348 1217 430 1258 est
477 1226 732 1274 persona,
789 1217 1010 1275 propter
1050 1224 1213 1275 quam
1255 1224 1442 1257 omnes
1483 1207 1683 1258 fructus
1724 1207 1925 1258 conditi
1963 1217 2100 1269 sunt,

195 1299 248 1340 et
299 1291 387 1356 qui
439 1290 785 1341 essentialiter
836 1291 1138 1341 subiectum
1188 1291 1311 1340 iuris
1363 1298 1456 1340 est.
1540 1289 1650 1339 Alii
1702 1291 1887 1340 dicunt
1938 1290 2103 1340 domi-

195 1390 322 1422 num
363 1373 560 1423 habere
600 1375 680 1423 ius
720 1375 768 1423 in
812 1391 1000 1424 omnes
1041 1373 1252 1423 labores
1292 1390 1502 1433 servae,
1553 1372 1676 1423 hinc
1717 1374 1877 1422 etiam
1917 1373 1995 1422 ius
2035 1373 2103 1422 ad

195 1457 693 1522 compensationem
746 1474 842 1523 pro
895 1456 1145 1507 omnibus
1196 1455 1495 1517 laboribus,
1551 1472 1688 1521 quos
1740 1472 1891 1505 serva
1942 1456 1993 1505 in
2033 1456 2104 1505 in-

195 1538 395 1589 fantem
434 1540 711 1605 impendit,
756 1549 808 1589 et
849 1557 946 1606 pro
975 1540 1209 1589 vestibus
1251 1547 1303 1588 et
1347 1539 1493 1598 cibis,
1538 1555 1675 1604 quae
1704 1539 1894 1588 eadem
1921 1537 2106 1588 infanti

196 1622 455 1688 praebuit.
525 1621 634 1672 Sed
675 1624 772 1672 etsi
800 1623 905 1672 hoc
935 1623 1011 1672 ius
1041 1621 1494 1688 compensationis
1524 1620 1865 1682 concedatur,
1909 1620 2106 1670 exinde

197 1705 438 1755 nondum
490 1705 679 1755 inferre
732 1704 853 1755 licet
908 1705 1160 1755 infantem
1224 1705 1422 1754 debere
1476 1722 1572 1770 pro
1624 1710 1741 1753 tota
1791 1704 1898 1753 vita
1952 1704 2106 1753 servi-

195 1788 292 1837 tuti
345 1788 634 1854 mancipari
686 1797 739 1838 et
789 1787 958 1837 multo
1011 1788 1184 1837 minus
1236 1805 1359 1836 eum
1410 1786 1553 1836 nulla
1604 1786 1703 1836 sibi
1760 1786 1975 1852 propria
2025 1802 2105 1836 ac-

198 1870 405 1937 quirere
445 1888 620 1937 posse.

272 1959 522 2010 Fortasse
574 1960 674 2010 hac
727 1961 929 2010 ratione
980 1959 1162 2009 titulus
1214 1960 1499 2009 nativitatis
1547 1959 1713 2008 iustus
1753 1957 1864 2008 fieri
1904 1958 2104 2024 potuit;

206 2056 247 2093 Ι.
291 2043 536 2092 nimirum
585 2060 654 2092 ex
706 2042 991 2093 multorum
1040 2041 1421 2107 theologorum
1464 2041 1706 2091 doctrina
1747 2041 1797 2090 in
1839 2041 1994 2090 bonis
2034 2040 2108 2090 in-

197 2125 369 2175 ternis
409 2127 648 2192 corporis
701 2135 752 2176 et
805 2127 1012 2175 animae
1064 2142 1224 2175 nemo
1277 2125 1449 2191 puniri
1502 2132 1681 2189 potest
1733 2123 1831 2173 nisi
1879 2140 1977 2189 pro
2019 2123 2110 2172 cri-

199 2207 429 2258 minibus
457 2208 853 2275 personalibus3
898 2210 948 2258 in
977 2209 1133 2258 bonis
1160 2225 1287 2257 vero
1317 2207 1557 2257 arscrnis
1585 2206 1830 2266 hominis,
1868 2205 2110 2256 libertate

200 2299 253 2340 et
305 2291 522 2352 divitiis,
577 2310 672 2358 per
723 2310 779 2341 se
833 2292 991 2341 etiam
1045 2291 1162 2356 quis
1214 2291 1383 2356 puniri
1423 2295 1606 2356 potest
1646 2306 1743 2354 pro
1786 2288 2107 2348 criminibUS,

201 2390 339 2439 quae
391 2391 499 2423 non
550 2374 664 2440 ipse
716 2375 1007 2435 commisit,
1063 2373 1157 2422 sed
1209 2372 1591 2432 communitas,
1647 2372 1796 2421 cuius
1835 2371 1949 2436 ipse
1990 2385 2112 2436 pars

202 2465 309 2517 est,
363 2465 417 2506 et
468 2457 687 2523 quidem
728 2456 828 2506 hae
869 2473 1077 2523 poenae
1119 2455 1448 2505 descendere
1489 2462 1714 2520 possunt
1755 2454 1822 2503 ad
1865 2461 2112 2519 posteros

203 2538 289 2602 (de
328 2538 495 2604 Lago,
540 2540 625 2589 De
665 2540 782 2589 iust.
828 2549 880 2589 et
921 2539 1029 2589 iure
1071 2538 1205 2605 disp.
1249 2538 1299 2599 6,
1343 2555 1392 2587 n.
1445 2551 1504 2586 12
1549 2546 1601 2586 et
1653 2537 1753 2600 16).
1836 2535 2113 2585 Hodierna

204 2621 422 2687 quidem
464 2621 697 2671 bellandi
739 2622 1074 2672 consuetudo
1115 2622 1220 2670 iam
1262 2638 1369 2670 non
1411 2619 1682 2686 permittit,
1728 2626 1786 2667 ut
1815 2618 1934 2684 quis
1963 2616 2113 2667 liber-

202 2711 314 2754 tate
354 2703 585 2770 privetur
624 2722 722 2770 pro
764 2704 1069 2754 criminibus
1105 2721 1212 2753 non
1242 2701 1634 2768 personalibus3
1680 2700 1805 2750 olim
1834 2716 1961 2750 vero
1991 2716 2112 2749 con·

205 2787 361 2836 traria
411 2788 747 2837 consuetudo
800 2786 1044 2852 vigebat,
1100 2803 1198 2835 nec
1250 2785 1466 2845 iniuste,
1522 2793 1578 2833 ut
1632 2783 1853 2833 videtur.
1935 2782 2114 2832 Potuit

206 2886 336 2934 ergo
375 2869 500 2930 fieri,
544 2876 604 2919 ut
641 2887 744 2918 una
773 2886 905 2935 gens
933 2869 1089 2918 aliam
1118 2869 1309 2934 partim
1338 2868 1389 2916 in
1418 2883 1650 2932 poenam
1680 2865 2113 2930 gravissimorum

208 2952 485 3001 criminum
536 2953 604 3002 ab
656 2953 771 3018 ipsa
820 2960 1276 3018 perpetratorum,
1332 2950 1523 3016 partim
1576 2949 1644 2998 ad
1699 2948 1976 2998 efficacem
2028 2946 2114 2996 de-

209 3033 503 3084 fensionem
542 3035 813 3101 propriam
852 3035 1062 3100 penitus
1102 3042 1155 3084 et
1185 3035 1236 3082 in
1266 3041 1585 3098 perpetuum
1614 3030 1858 3081 libertate
1886 3030 2117 3096 privaret

210 3134 304 3166 seu
354 3117 406 3166 in
457 3118 766 3167 servitutem
823 3117 1103 3181 redigeret.
1186 3115 1330 3165 Talis
1371 3131 1548 3181 poena
1588 3114 1788 3163 directe
1832 3112 2026 3163 cecidit
2064 3111 2115 3160 in

212 3199 622 3265 rempublicam,
676 3200 933 3249 indirecte
986 3199 1035 3247 in
1089 3197 1353 3263 singulos,
1406 3205 1463 3246 ut
1504 3205 1651 3245 erant
1693 3195 1935 3245 membra
1976 3209 2115 3243 com-

214 3283 495 3332 munitatis
566 3280 721 3346 Quae
764 3299 846 3331 res
874 3281 1170 3331 evidentior
1198 3280 1271 3341 fit,
1315 3280 1357 3329 si
1384 3280 1435 3328 in
1464 3279 1774 3328 memoriam
1805 3292 2118 3326 revocamus

217 3365 435 3413 modum
479 3364 826 3430 belligerandi
867 3364 1176 3429 priscorum,
1221 3362 1310 3428 qui
1351 3360 1493 3411 bello
1535 3359 1699 3410 semel
1740 3361 1955 3424 incepto
1984 3358 2118 3406 inter
