2182 3682
213 168 285 230 96
619 177 732 206 PARS
768 177 795 206 Ι.
847 177 1161 207 PHILOSOPHIA
1195 177 1403 206 MORALIS
1439 178 1718 207 GENERALIS.

294 322 394 362 Obi.
431 334 474 361 2.
544 314 827 362 Secundum
875 315 1035 362 thesin
1082 323 1252 376 posset
1299 323 1435 362 actus
1482 315 1655 376 aliquis
1699 315 1750 362 in
1787 324 1922 363 certa
1957 317 2124 378 specie

209 389 442 436 bonitatis
478 390 598 451 poni
634 404 736 436 non
772 405 863 451 per
899 389 1164 446 obiectum,
1203 390 1290 436 sed
1327 404 1418 451 per
1454 390 1602 436 alium
1639 399 1816 438 actum.
1890 391 2043 452 Atqui
2074 391 2126 438 id

207 465 400 512 videtur
435 480 658 526 pugnare
695 479 806 511 cum
844 464 968 511 thesi
1004 465 1114 512 XV.
1187 464 1326 524 Ergo
1353 502 1361 511 .
1393 503 1400 511 .
1431 503 1438 510 .

287 556 438 605 Resp.
505 547 636 593 Dz‘st.
675 548 818 593 ment.-
866 545 1147 592 Secundum
1198 545 1358 593 thesin
1402 555 1568 608 posset
1604 554 1740 594 actus
1775 563 1880 594 non
1916 563 2007 609 per
2043 549 2126 596 ob-

207 621 412 679 iectum,
464 622 550 668 sed
598 637 689 682 per
736 621 885 667 alium
932 630 1095 668 actum
1142 621 1265 682 poni
1311 620 1362 666 in
1412 629 1547 668 certa
1586 622 1753 683 specie
1789 623 2043 669 intrinseca
2078 631 2126 670 et

208 697 464 752 essentiali,
516 712 657 755 nego,
706 696 756 742 in
801 695 967 756 specie
1007 711 1148 743 >mere
1197 698 1483 752 extrinseca,
1535 711 1662 758 quae
1710 697 1868 744 solum
1910 712 2002 759 per
2045 698 2126 745 de-

208 771 601 818 nominationem
652 771 978 817 extrinsecam
1026 770 1156 817 actui
1202 770 1440 828 tribuitur,
1490 786 1605 818 conc.
1684 770 1972 819 Contradist.
2013 773 2123 819 min.

208 846 361 892 Actus
410 845 649 902 exterior,
697 862 741 892 v.
780 860 825 906 g.
864 845 1156 904 ambulatio,
1208 846 1359 893 modo
1408 845 1622 907 pertinet
1669 846 1733 893 ad
1769 846 1997 894 virtutem
2044 848 2128 894 ob-

207 920 502 978 oedientiae,
530 920 683 967 modo
710 920 773 966 ad
791 919 1019 966 virtutem
1045 920 1259 967 caritatis
1284 922 1362 967 vel
1388 920 1534 967 aliam
1560 921 1788 968 virtutem
1813 937 1904 982 pro
1931 921 2128 969 diversi-

205 1003 304 1042 tate
341 1004 477 1042 actus
514 995 773 1050 interioris,
814 1011 840 1041 a
879 1010 977 1056 quo
1014 995 1296 1058 imperatur.
1360 996 1417 1042 Id
1454 996 1515 1042 ab
1555 996 1783 1043 omnibus
1821 997 2124 1044 conceditur.

208 1070 335 1116 Nam
384 1069 435 1116 in
482 1070 822 1117 aestimatione
871 1071 1046 1117 morali
1094 1080 1229 1118 actus
1277 1071 1527 1131 imperans
1577 1079 1625 1118 et
1671 1071 1939 1133 imperatus
1975 1087 2127 1118 unum

206 1153 368 1192 actum
407 1144 721 1192 constituunt.
773 1145 873 1192 Cur
910 1160 1029 1205 ergo
1066 1161 1168 1192 non
1196 1145 1416 1192 similiter
1442 1154 1577 1192 actus
1605 1146 1880 1204 voluntatis,
1921 1145 2005 1207 qui
2029 1146 2128 1193 iarn

208 1235 266 1267 ex
293 1219 491 1267 obiecto
517 1220 754 1267 honestus
781 1229 866 1278 est,
895 1236 997 1267 non
1023 1230 1191 1282 posset
1217 1221 1363 1267 aliam
1390 1220 1593 1281 insuper
1618 1220 1838 1282 speciem
1857 1222 2128 1268 honestatis

208 1310 297 1355 per
334 1294 795 1341 denominationem
832 1294 1076 1356 accipere,
1117 1295 1155 1341 si
1193 1297 1255 1342 ab
1293 1295 1388 1342 alio
1426 1304 1538 1342 actu
1574 1296 1786 1342 honesto
1822 1295 2127 1357 imperetur?

288 1391 389 1432 Obi.
419 1404 462 1441 3-
537 1384 818 1431 Secundum
854 1385 1014 1431 thesin
1053 1393 1219 1446 posset
1256 1395 1391 1432 actus
1429 1384 1656 1432 constitui
1699 1384 1748 1432 in
1786 1393 1920 1432 certa
1958 1385 2125 1446 specie

207 1459 393 1506 virtutis
430 1475 519 1521 per
556 1458 987 1505 circumstantiam.
1042 1460 1196 1520 Alqm‘
1227 1459 1277 1506 id
1315 1469 1386 1507 est
1413 1468 1584 1506 contra
1610 1459 1769 1507 thesin
1795 1461 1892 1506 XV
1918 1469 1966 1508 et
1990 1462 2126 1507 XVI.

209 1535 347 1593 Ergo
374 1572 381 1579 .
414 1572 420 1579 .
452 1572 459 1579 .

288 1625 439 1673 Resp.
503 1616 635 1662 Dist.
674 1618 815 1663 mai„-
853 1618 1021 1664 Posset
1058 1625 1193 1663 actus
1231 1617 1459 1664 constitui
1496 1617 1546 1664 in
1585 1626 1718 1664 certa
1756 1617 1924 1679 specie
1960 1617 2129 1664 intrin-

210 1707 324 1738 seca
361 1700 409 1738 et
446 1690 694 1738 essentiali
730 1707 819 1752 per
856 1692 1300 1751 circumstantiam,
1351 1708 1490 1752 nego,
1530 1692 1579 1739 in
1618 1702 1753 1739 certa
1788 1692 1953 1754 specie
1990 1708 2127 1740 mere

212 1766 499 1824 extrinseca,
541 1782 667 1827 quae
694 1767 849 1813 solum
876 1782 965 1828 per
991 1767 1454 1815 denominationem
1480 1767 1609 1815 actui
1633 1768 1872 1827 tribuitur,
1909 1768 2096 1815 subdz'st.
2116 1785 2130 1814 .·

211 1856 301 1903 per
348 1841 765 1888 circumstantiam
814 1843 922 1889 finis
975 1842 1259 1900 extrinseci,
1315 1858 1443 1904 quae
1491 1842 1631 1890 simul
1684 1843 1834 1890 habet
1884 1843 2127 1891 rationem

214 1931 405 1975 causae,
444 1932 578 1973 (mla,
617 1932 707 1979 per
744 1917 862 1964 alias
900 1918 1303 1976 circumstantias,
1343 1933 1470 1977 nege.

414 2068 441 2121 om

476 2082 513 2109 2.
564 2071 642 2109 DE
676 2072 925 2110 MALITIA
958 2063 1498 2111 FORMALI‘ACTUUM
1531 2073 1919 2113 INTERIORUM.

915 2182 1184 2230 THESIS
1221 2184 1424 2230 XVIII.

222 2289 363 2341 109·
444 2286 655 2334 Malitia
690 2288 942 2335 formalis
980 2302 1093 2335 non
1133 2295 1218 2335 est
1255 2288 1457 2336 entitas
1494 2288 1678 2350 aliqua
1714 2277 2122 2349 positivasssed

212 2361 448 2421 privatio
497 2362 846 2409 rectitudinis
899 2370 1133 2410 naturae
1184 2363 1440 2411 rationali
1492 2363 1548 2409 in
1601 2364 1818 2424 agendo
1873 2362 2122 2419 debitae;

211 2436 561 2498 proindeque
600 2438 811 2485 malitia
846 2437 1206 2498 specificatur
1242 2438 1498 2498 proxime
1536 2439 1604 2485 ab
1655 2440 1981 2494 honestate,
2032 2437 2122 2484 cui

211 2511 532 2572 opponitur,
571 2519 792 2560 remote
830 2513 898 2559 ab
937 2511 1173 2568 obiecto,
1213 2519 1493 2573 quatenus
1520 2519 1754 2559 naturae
1781 2511 2036 2559 rationali
2061 2518 2123 2558 ut

210 2586 291 2633 sic
328 2587 761 2634 disconveniens
799 2594 854 2634 et
891 2594 953 2634 ut
987 2588 1098 2634 tale
1136 2587 1321 2648 aliquo
1361 2588 1532 2635 modo
1570 2587 1809 2635 volitum
1850 2593 1950 2635 est.

287 2690 454 2728 PARS
486 2691 517 2728 Ι.
582 2691 767 2729 Malitia
800 2703 898 2730 non
935 2694 1015 2729 est
1046 2691 1225 2729 entitas
1255 2691 1485 2740 positiva.

284 2779 448 2826 Prob.
533 2793 571 2829 Ι.
617 2779 814 2839 Actus,
870 2787 1131 2845 quatenus
1186 2786 1267 2829 est
1322 2779 1608 2845 positivum
1649 2779 1802 2845 quid,
1858 2778 2028 2828 tendit
2067 2779 2120 2845 in

207 2859 410 2909 bonum
450 2861 550 2909 sub
592 2851 768 2926 aliqua
810 2862 1011 2911 ratione
1053 2861 1210 2924 boni;
1255 2879 1414 2910 nemo
1444 2862 1582 2910 enim
1611 2861 1894 2910 intendens
1923 2860 2119 2910 malum

206 2942 306 2991 sub
349 2943 551 2992 ratione
592 2942 715 2992 mali
755 2953 1019 3009 operatur.
1102 2943 1256 3009 Ergo
1296 2944 1395 2993 sub
1449 2943 1553 2993 hoc
1594 2943 1832 3009 praecise
1874 2951 2117 3008 respectu
2181 2986 2182 3010 ,

206 3025 392 3089 nequit
433 3041 548 3074 esse
591 3025 775 3075 malus.

282 3119 327 3156 2.
384 3106 534 3172 Deus
591 3117 732 3157 certe
787 3116 868 3157 est
923 3124 1080 3158 causa
1135 3116 1283 3158 actus
1335 3108 1548 3175 positivi
1603 3114 1656 3156 et
1708 3108 1936 3158 cuiusvis
1989 3105 2115 3156 enti-

206 3189 329 3238 tatis
370 3189 644 3254 positivae,
688 3190 871 3255 nequit
911 3176 1089 3239 autem
1131 3207 1247 3240 esse
1289 3207 1446 3240 causa
1487 3189 1716 3239 malitiae
1757 3188 1989 3239 moralis.

284 3284 329 3334 3.
374 3269 732 3320 Confirmatur
787 3273 1103 3321 auctoritate
1159 3271 1212 3321 S.
1268 3272 1451 3322 Tlmm.
1506 3286 1558 3333 Ι,
1619 3285 1677 3333 2,
1737 3289 1787 3338 q.
1839 3275 1929 3331 18,
1972 3288 2017 3321 a.
2069 3284 2110 3320 Ι.

208 3351 264 3402 C.
309 3363 453 3419 gent.
502 3368 547 3417 3,
592 3371 634 3404 c.
682 3366 727 3418 7.
