2182 3682
559 196 711 225 CAPUT
744 195 771 226 Ι.
820 195 882 224 DE
914 195 1025 223 FINE
1057 193 1240 223 ULTIMO
1272 193 1487 223 HOMINIS.
1902 195 1964 231 ΖΙ

77 333 246 384 lectus
308 341 361 382 et
412 331 683 392 voluntas,
750 329 983 396 perfecte
1039 329 1259 395 quietari
1313 346 1420 378 non
1475 336 1712 393 possunt.
1803 327 1974 393 Atqui

75 415 180 466 tale
231 415 503 465 obiectum
555 422 636 463 est
682 413 849 462 Deus.
929 411 1083 476 Ergo
1135 411 1286 460 Deus
1338 417 1419 460 est
1469 411 1825 459 necessarium
1881 410 1970 460 ob-

74 498 271 547 iectum
310 495 649 559 beatitudinis
689 494 969 543 humanae.

148 592 304 642 Proh.
348 592 474 643 min.
555 591 605 655 a)
658 590 959 640 Intellectus
1008 590 1164 656 plene
1217 589 1438 655 quietari
1488 605 1595 637 non
1648 595 1828 653 potest
1875 588 1972 637 nisi

73 675 196 725 Deo
255 673 491 740 perfecte
550 672 903 739 apprehenso.
996 672 1135 721 Nam
1195 670 1494 720 intellectus
1549 668 1853 719 naturaliter
1900 670 1971 718 in-

77 757 234 822 quirit
273 757 323 805 in
365 773 539 805 rerum
580 771 790 815 causaS‚
841 755 995 820 proin
1035 755 1086 803 in
1126 753 1434 818 indagando
1473 769 1600 801 vero
1641 752 1823 800 sistere
1864 768 1971 800 non

75 846 255 904 potest
305 838 402 887 nisi
451 837 688 903 perfecte
740 836 1074 902 apprehensa
1103 836 1298 900 prima
1340 851 1514 884 rerum
1557 849 1716 883 causa
1756 841 1809 882 et
1848 832 1970 882 hinc

73 921 242 986 prima
282 926 336 969 et
374 918 621 969 absoluta
660 919 880 969 veritate
922 936 1018 984 pro
1060 934 1152 967 sua
1192 916 1415 967 naturali
1455 916 1764 982 capacitate.

148 1009 204 1072 b)
245 1007 548 1069 Intellectus
588 1016 641 1058 et
681 1007 929 1057 voluntas
969 1023 1196 1073 capaces
1235 1015 1358 1057 sunt
1399 1005 1572 1056 omnis
1611 1005 1719 1054 veri
1759 1013 1811 1054 et
1844 1004 1972 1053 boni

75 1091 203 1156 (veri
253 1098 306 1140 et
356 1090 483 1140 boni
523 1089 854 1140 universalis:
911 1088 964 1139 S.
1020 1089 1203 1139 Tlmm.
1256 1104 1308 1150 Ι,
1362 1102 1418 1149 2,
1464 1105 1512 1153 q.
1560 1101 1617 1148 2,
1661 1104 1706 1137 a.
1753 1088 1803 1151 8>
1845 1086 1971 1136 eius-

75 1173 304 1239 demque
356 1173 591 1222 innatum
642 1172 842 1222 habent
884 1172 1221 1222 desiderium.
1302 1170 1473 1236 Atqui
1513 1177 1774 1236 repugnat
1813 1186 1972 1218 omne

75 1256 278 1305 bonum
307 1262 361 1304 et
380 1271 563 1304 Verum
591 1262 741 1304 extra
764 1255 940 1304 Deum
962 1253 1195 1304 inveniri.
1240 1253 1394 1317 Ergo
1418 1261 1680 1318 repugnat
1699 1251 1970 1300 hominem

76 1345 227 1386 extra
266 1336 439 1386 Deum
484 1337 871 1386 beatitudinem
912 1337 1346 1402 adipiscistposse.

153 1435 318 1482 Prob.
356 1449 400 1495 3.
487 1433 962 1500 «Unumquodque
1002 1434 1174 1483 tendit
1213 1434 1264 1482 in
1306 1432 1536 1481 divinam
1577 1430 1972 1481 similitudinem

74 1517 209 1566 sicut
235 1516 285 1564 in
315 1515 587 1581 proprium
617 1515 791 1564 finem.
855 1515 990 1564 Illud
1031 1516 1201 1579 igitur,
1247 1532 1341 1580 per
1369 1515 1517 1580 quod
1547 1513 1971 1579 unumquodque

76 1599 306 1648 maxime
346 1597 468 1646 Deo
510 1596 845 1658 assimilatur,
891 1607 970 1646 est
1011 1597 1225 1646 ultimus
1267 1597 1382 1646 finis
1423 1598 1546 1646 eius.
1629 1596 1750 1644 Deo
1791 1604 1972 1645 autem

75 1681 307 1730 maxime
371 1678 684 1729 assimilatur
744 1686 983 1729 creatura
1041 1678 1410 1728 intellectualis
1469 1696 1565 1744 per
1622 1677 1753 1738 hoc,
1823 1678 1970 1743 quod

75 1760 440 1812 intellectualis
480 1769 583 1823 est;
627 1761 764 1811 hanc
805 1762 943 1811 enim
984 1761 1383 1811 similitudinem
1424 1760 1586 1810 habet
1623 1777 1748 1826 prae
1785 1761 1972 1810 ceteris

73 1844 348 1905 creaturis,
407 1852 461 1893 et
514 1844 647 1894 haec
703 1844 926 1894 includit
981 1861 1167 1894 omnes
1223 1843 1377 1905 alias;
1436 1845 1486 1892 in
1541 1860 1737 1908 genere
1790 1850 1971 1892 autem

74 1925 225 1976 huius
283 1925 634 1976 similitudinis
694 1927 865 1992 magis
923 1925 1238 1976 assimilatur
1293 1926 1414 1975 Deo
1471 1926 1765 1975 secundum
1823 1925 1972 1991 quod

71 2017 192 2058 actu
243 2007 567 2074 intellegit»,
623 2016 676 2058 et
729 2009 946 2074 quidem
997 2009 1167 2075 ipsum
1211 2009 1416 2069 Deum,
1478 2026 1598 2058 cum
1640 2009 1787 2057 Deus
1828 2007 1971 2056 intel-

70 2089 303 2157 legendo
353 2109 410 2141 se
460 2090 736 2155 intellegat
784 2092 961 2140 omnia
1002 2091 1115 2141 alia.
1205 2090 1552 2156 «Intellegere
1596 2091 1754 2156 igitur
1794 2090 1970 2139 Deum

72 2180 152 2222 est
191 2173 408 2223 ultimus
448 2173 565 2222 finis
606 2173 778 2222 omnis
818 2173 1186 2223 intellectualis
1227 2174 1585 2223 substantiae»
1636 2172 1712 2237 (S.
1766 2172 1971 2232 Tllom„

71 2253 126 2305 C.
172 2263 315 2320 gent.
360 2253 391 2305 l.
438 2269 491 2319 3,
537 2273 580 2305 c,
627 2255 732 2318 25).
814 2255 924 2304 Iam
977 2257 1018 2305 si
1068 2255 1375 2320 intellegere
1418 2256 1594 2305 Deum
1636 2264 1716 2304 est
1757 2254 1971 2303 ultimus

69 2335 184 2386 finis
237 2345 290 2386 et
344 2337 622 2387 beatitudo
675 2337 930 2398 hominis,
987 2345 1134 2403 patet
1177 2337 1353 2387 Deum
1406 2354 1521 2387 esse
1562 2336 1839 2386 essentiale
1881 2337 1971 2386 ob-

69 2419 266 2469 iectum
307 2419 665 2481 beatitudinis,

145 2517 311 2564 Prob.
348 2531 392 2577 4.
481 2516 623 2566 Finis
676 2516 891 2566 ultimus
943 2516 1172 2566 hominis
1225 2518 1465 2567 consistit
1516 2518 1566 2566 in
1608 2518 1822 2583 propria
1863 2518 1971 2567 eius

71 2599 382 2664 operatione
434 2616 603 2664 eaque
654 2598 1051 2664 perfectissima.
1133 2599 1306 2664 Atqui
1344 2600 1556 2665 propria
1604 2608 1657 2648 et
1704 2599 1969 2666 perfectis-

69 2680 202 2730 sima
240 2679 468 2730 hominis
508 2682 749 2746 operatio
791 2690 870 2731 est
909 2681 1218 2747 intellegere
1248 2683 1321 2746 (et
1351 2691 1743 2747 consequenter
1770 2684 1968 2746 amare)

69 2761 260 2812 Deum.
358 2762 511 2828 Ergo
566 2763 875 2829 intellegere
931 2765 1109 2813 Deum
1167 2773 1245 2814 est
1301 2764 1418 2813 finis
1473 2764 1686 2814 ultimus
1742 2764 1970 2814 hominis

69 2845 286 2910 eiusque
325 2844 604 2895 beatitudo
646 2845 896 2911 perfecta.

142 2940 299 2990 Prob.
353 2942 480 2991 mai.
562 2942 774 2991 Bonum
836 2942 1116 2992 cuiuslibet
1175 2950 1393 2993 naturae
1454 2945 1692 2994 consistit
1746 2945 1797 2992 in
1851 2945 1968 3009 ipso

69 3039 247 3088 opere,
290 3023 357 3072 ad
387 3024 535 3088 quod
565 3024 862 3087 ordinatur;
907 3025 960 3074 id
1002 3032 1150 3091 patet
1191 3042 1259 3075 ex
1300 3026 1417 3091 ipso
1460 3035 1724 3092 conceptu
1753 3034 1968 3074 naturae

69 3103 138 3167 (n.
190 3117 268 3166 12,
315 3105 383 3168 7).
448 3105 596 3171 Ergo
637 3123 906 3156 summum
948 3107 1057 3156 eius
1097 3091 1302 3157 bonum
1344 3108 1585 3157 consistit
1624 3108 1675 3156 in
1705 3106 1968 3173 perfectis-

69 3186 201 3235 sima
241 3187 352 3236 eius
392 3188 704 3253 operatione
745 3189 883 3238 circa
921 3188 1362 3255 perfectissimum
1405 3189 1690 3239 obiectum.

139 3281 298 3332 Prob.
352 3283 477 3333 min.
560 3285 779 3350 Propria
830 3287 971 3335 enim
1024 3288 1262 3352 operatio
1304 3286 1558 3346 hominis,
1612 3286 1663 3334 in
1707 3293 1965 3351 quantum

67 3362 231 3414 homo
272 3372 366 3425 est,
409 3382 518 3415 non
559 3368 798 3417 consistit
837 3368 890 3417 in
932 3368 1243 3435 operatione
1283 3368 1532 3417 sensitiva
1568 3374 1621 3416 et
1648 3367 1962 3432 vegetativa‚
