2182 3682
208 203 304 264 138
606 210 718 238 PARS
753 209 781 239 1.
834 208 1148 237 PHILOSOPHIA
1183 206 1386 236 MORALIS
1421 206 1700 235 GENERALIS.

273 345 366 395 Ad
409 359 456 394 2.
525 345 974 404 Fundamentum,
1019 342 1103 392 cui
1142 341 1379 391 innititur
1420 340 1663 391 doctrina
1696 340 1982 400 Kantiana,
2024 348 2105 390 est

198 427 513 494 principium
553 425 915 477 falsissimum:
959 424 1140 484 hom0,
1186 440 1292 489 qua
1332 439 1426 472 ens
1461 421 1716 472 rationale
1743 421 1982 483 liberum,
2025 430 2106 472 est

198 510 298 560 sibi
344 510 444 576 ipsi
484 509 626 570 finis,
681 526 773 559 seu
815 515 895 558 est
935 507 1053 556 finis
1093 507 1144 556 in
1184 522 1268 566 se,
1325 505 1488 570 idque
1529 522 1637 554 non
1677 503 1851 554 solum
1892 503 2106 554 relative

199 592 267 642 ad
308 600 576 642 creaturas
615 591 818 641 homini
857 589 1249 649 subordinataS,
1293 587 1388 636 sed
1430 586 1690 637 absolute.

275 673 367 724 Ad
411 688 456 738 3.
537 673 772 739 Apertas
813 671 1263 722 contradictiones
1303 668 1548 719 involvit:
1592 671 1641 734 a)
1683 669 1809 719 facit
1849 669 2106 718 rationem

200 756 490 806 humanam
529 754 852 815 absolutam,
895 762 1084 820 utpote
1125 753 1272 803 cuius
1301 752 1569 802 dictamen
1599 768 1693 817 per
1720 768 1777 800 se
1806 759 1860 800 et
1888 760 2109 817 propter

199 856 256 888 se
296 837 454 904 plane
494 837 798 888 absolutam
839 836 1237 886 venerationem
1265 841 1471 900 poscat,
1503 863 1570 870 —
1602 832 1756 883 simul
1786 840 1967 883 autem
2000 850 2108 883 non

200 920 518 981 absolutam,
562 928 750 986 utpote
792 936 931 985 quae
963 918 1162 968 habeat
1190 934 1307 967 esse
1336 926 1573 967 creatum
1602 925 1656 966 et
1683 915 1909 982 proinde
1937 923 2108 965 totum

201 1012 462 1069 quantum
503 1002 796 1057 derivatum
840 1009 893 1051 et
934 1000 1235 1062 relativum;
1281 1000 1336 1064 b)
1381 998 1503 1049 facit
1531 999 1821 1048 humanam
1849 999 2109 1048 rationem

204 1087 252 1149 (i.
298 1103 361 1146 e.,
405 1094 463 1135 ut
496 1086 611 1151 ipse
639 1084 870 1134 Kantius
899 1083 1098 1149 passim
1127 1082 1377 1148 explicat,
1421 1080 1751 1131 voluntatem
1780 1079 2111 1145 rationalem)

202 1167 355 1218 simul
408 1167 856 1227 nomotheticam‚
911 1175 963 1216 et
1005 1165 1224 1232 quidem
1266 1164 1590 1229 categorice‚
1645 1172 1699 1213 et
1738 1172 1919 1213 tamen
1959 1161 2112 1212 simul

203 1250 473 1300 subditam
515 1258 568 1299 et
607 1267 715 1299 non
757 1266 873 1298 raro
916 1247 1197 1308 rebellem,
1242 1245 1396 1296 simul
1438 1245 1684 1296 absolute
1724 1245 2017 1306 volentem,
2061 1251 2116 1295 θῖ

202 1340 381 1383 tamen
422 1330 578 1381 simul
619 1330 909 1391 nolentem,
953 1330 1163 1395 quoties
1205 1328 1367 1378 libere
1408 1336 1614 1394 peccat.

278 1413 372 1463 Ad
423 1429 472 1476 4.
555 1414 718 1463 Ducit
778 1413 857 1462 ad
895 1412 1283 1477 fiztalismnm,
1346 1411 1469 1476 quia
1530 1410 1778 1460 asseritur
1831 1410 2115 1460 necessitas

205 1496 475 1558 absoluta,
535 1497 681 1546 cuius
735 1495 934 1545 fatente
985 1495 1103 1561 ipso
1158 1493 1360 1543 Kantio
1402 1493 1618 1542 ulterior
1658 1493 1791 1542 ratio
1833 1492 1986 1542 reddi
2024 1509 2116 1542 nec

195 1579 373 1645 possit
396 1596 486 1628 nec
513 1578 713 1639 debeas,
757 1594 1001 1643 quaeque
1030 1576 1230 1626 nullum
1261 1583 1565 1642 respectum
1592 1575 1661 1625 ad
1690 1575 1871 1625 Deum
1898 1574 2111 1625 habeat.

206 1662 294 1711 Ex
344 1661 449 1711 hoc
500 1668 681 1710 autem
732 1659 996 1710 fatalismo
1049 1659 1306 1725 effugium
1358 1675 1466 1708 non
1524 1658 1682 1707 datur
1733 1657 1829 1707 nisi
1882 1656 2114 1707 dicendo

208 1744 497 1793 humanam
539 1745 798 1794 rationem
839 1759 955 1792 esse
996 1759 1089 1792 ens
1131 1741 1445 1802 absolutum,
1487 1740 1847 1790 necessarium
1888 1748 1942 1789 et
1980 1757 2014 1789 a
2042 1757 2116 1801 se,

207 1843 302 1876 seu
343 1826 538 1887 Deum,
581 1827 610 1876 i.
656 1844 697 1875 e.
742 1825 1080 1875 admittendo
1111 1824 1531 1889 paullleismtmz.

218 1943 358 1995 161.
477 1953 643 1992 PARS
675 1954 729 1992 II.
796 1953 977 1992 Contra
1014 1953 1255 2002 Vasquez.

717 2026 804 2074 (Cf.
841 2030 1007 2074 δ’ῖιανεε,
1042 2027 1110 2065 Ι)θ
1143 2026 1308 2078 legibus
1341 2026 1366 2064 l.
1405 2036 1441 2073 2,
1478 2038 1512 2064 c.
1551 2023 1611 2076 5.)

284 2111 450 2157 Prob.
512 2109 597 2157 Ex
638 2108 796 2158 huius
836 2108 1066 2158 auctoris
1103 2108 1348 2157 doctrina
1394 2115 1703 2172 sequeretur
1732 2104 2119 2170 obligationem

208 2190 340 2257 legis
393 2190 644 2241 naturalis
696 2208 803 2241 non
857 2190 1094 2257 pendere
1147 2207 1178 2239 a
1217 2190 1338 2239 Deo
1391 2197 1448 2239 ut
1488 2188 1833 2253 legislatore,
1887 2187 2120 2252 ideoque

208 2273 385 2340 legem
457 2274 749 2323 naturalem
823 2289 931 2322 non
1006 2289 1122 2322 esse
1196 2272 1372 2338 legem
1447 2271 1680 2321 divinam
1752 2280 1806 2320 et
1879 2278 2120 2319 naturam

207 2357 379 2422 ipsam
420 2373 535 2405 esse
576 2364 939 2405 autonomam.
1009 2353 1150 2404 Nam
1191 2354 1338 2420 quod
1380 2354 1618 2404 actiones
1659 2351 1868 2418 aliquae
1901 2359 2120 2401 naturae

209 2437 449 2488 rationali
475 2438 579 2487 sint
609 2438 1004 2497 convenientes,
1049 2446 1107 2486 ut
1136 2454 1286 2486 amor
1314 2436 1433 2496 Dei,
1476 2434 1607 2485 aliae
1637 2434 2117 2495 disconvenientes,

209 2529 265 2570 ut
324 2520 694 2581 mendacium,
761 2537 868 2569 non
929 2519 1130 2585 pendet
1189 2536 1219 2568 a
1277 2517 1551 2568 voluntate
1610 2517 1744 2578 Dei,
1813 2517 1978 2566 immo
2039 2524 2119 2565 est

211 2603 409 2668 (quoad
477 2602 775 2652 bonitatem
840 2600 923 2651 vel
990 2599 1245 2650 malitiam
1305 2599 1647 2663 obiectivam)
1709 2597 1913 2648 ratione
1973 2598 2119 2664 prius

210 2702 373 2750 quam
418 2685 672 2734 iudicium
713 2684 818 2733 Dei
858 2684 925 2733 de
967 2683 1067 2733 hac
1109 2681 1480 2733 convenientia
1519 2680 1603 2731 vel
1645 2680 2116 2730 disconvenientia.

212 2765 535 2833 Sequeretur
600 2783 730 2832 ergo
791 2775 1032 2815 naturam
1091 2782 1148 2815 se
1206 2765 1379 2831 ipsam
1445 2762 1700 2829 obligare.
1762 2793 1836 2799 —-
1895 2760 2120 2812 Falsitas

210 2849 363 2899 huius
404 2849 667 2915 opinionis
708 2858 983 2914 praeterea
1023 2865 1093 2897 ex
1134 2864 1198 2897 eo
1227 2853 1390 2914 patet,
1434 2845 1579 2912 quod
1608 2853 1795 2894 natura
1822 2843 2119 2894 secundum

212 2949 294 2992 se,
350 2940 408 2981 ut
458 2940 539 2981 est
590 2930 997 2980 fundamentum
1051 2929 1454 2979 convenientiae
1500 2926 1583 2977 vel
1636 2926 2120 2977 disconvenientiae

212 3013 512 3074 actionum,
563 3012 689 3062 nihil
729 3013 988 3078 praecipit
1029 3020 1118 3061 aut
1158 3011 1409 3077 prohibet
1449 3010 1680 3075 ideoque
1721 3025 1819 3058 nec
1860 3009 2120 3058 rationem

213 3112 368 3145 verae
408 3094 542 3160 legis
582 3094 761 3144 habet.

223 3209 363 3263 162.
474 3221 646 3260 PARS
678 3221 755 3259 111.
821 3220 1003 3259 Contra
1040 3219 1216 3259 Gerdiz.

292 3302 456 3349 Prob.
544 3301 694 3351 Haec
747 3301 951 3350 theoria
1001 3300 1282 3350 ultimatim
1333 3301 1384 3349 in
1424 3299 1655 3365 priorem
1696 3297 1897 3348 recidit,
1977 3296 2118 3346 Nam

218 3399 445 3448 quaero:
501 3382 606 3433 Cur
657 3392 843 3433 teneor
895 3382 1231 3432 essentialem
1283 3399 1455 3431 rerum
1495 3380 1739 3430 ordinem
1777 3385 1835 3428 ut
1875 3394 2118 3428 normam
