2182 3682
455 192 555 221 LIB.
592 192 620 222 1.
667 192 766 221 CAP.
803 191 862 220 lv.
910 191 972 219 DE
1006 190 1117 219 IURE
1155 190 1506 220 PROI‘RIETATIS.
1831 178 1930 241 263

45 328 215 379 talista
265 329 428 393 gratis
466 328 566 377 sibi
612 327 860 393 acquirit,
916 334 968 375 et
1009 326 1225 391 quidem
1275 327 1570 375 secundum
1623 326 1937 374 hodiernum

43 418 237 460 statum
288 410 580 470 societatis,
636 409 687 458 in
728 426 835 474 quo
887 408 1031 457 bona
1083 407 1398 473 productiva
1443 408 1494 456 in
1535 407 1805 456 exclusivo
1848 407 1938 455 do-

45 491 204 542 minio
234 490 642 556 capitalistarum
672 498 809 548 sunt,
854 489 964 538 sine
990 489 1240 553 formali
1264 489 1525 539 iniustitia.
1585 488 1753 538 Solvit
1781 488 1936 548 enim,

45 573 192 640 quod
248 572 436 632 debet,
499 590 595 637 pro
650 570 830 621 valore
885 570 1258 620 commulafivo
1316 571 1501 619 virium
1561 570 1937 630 humanarum3

45 671 224 705 earum
273 652 422 704 valor
472 653 680 703 usualis
730 654 832 702 iam
886 652 1112 718 pertinet
1164 651 1231 700 ad
1284 669 1407 701 eum
1447 653 1600 717 eique
1653 657 1942 716 augmenta

44 735 234 786 valoris
293 743 449 785 creat.
537 734 672 784 Illud
729 741 1067 799 augmentum
1124 733 1336 782 valoris
1383 733 1734 798 <lN=lehrwert),
1794 732 1942 797 quod

46 816 340 883 capitalista
380 816 469 866 tali
509 817 675 866 modo
717 816 878 880 gratis
918 815 1019 864 sibi
1069 815 1293 880 acquirit
1349 815 1602 880 quodque
1655 815 1723 864 ad
1774 830 1944 863 novos

47 899 301 950 eiusmodi
365 899 573 948 valores
636 898 989 964 acquirendos
1052 896 1297 957 adhibet,
1363 906 1585 947 vocatur
1646 913 1678 946 a
1734 896 1943 944 Marxio

53 980 359 1046 «capitale».
454 980 691 1046 Capitale
747 997 876 1044 ergo
930 986 1011 1028 est
1063 979 1213 1044 quasi
1265 978 1433 1028 bestia
1484 995 1650 1044 rapax
1702 995 1771 1027 ex
1821 978 1945 1026 iniu-

47 1063 185 1113 stitia
211 1062 505 1127 (materiali)
547 1070 661 1112 orta
702 1070 754 1111 et
795 1070 979 1111 natura
1019 1078 1110 1110 sua
1151 1061 1218 1109 ad
1260 1061 1506 1110 iniustam
1543 1060 1945 1126 acquisitionem

48 1145 305 1194 ordinata.

52 1275 198 1327 333.
287 1263 524 1312 'sllem'ia
579 1261 893 1311 cz'olull'mzlls·
933 1262 1366 1311 matel'l'all'sll'scr.
1450 1261 1557 1311 Sed
1600 1262 1790 1311 eodem
1835 1279 1949 1327 pro-

51 1363 225 1406 ceSSU,
282 1363 390 1410 quo
444 1362 582 1394 nunc
636 1345 861 1393 minores
915 1352 1263 1404 mercatores,
1320 1343 1565 1409 opifices,
1617 1343 1882 1409 agricolae
1923 1361 1952 1392 a

51 1426 357 1494 capitalistis
407 1427 512 1476 suis
564 1426 720 1476 bonis
770 1424 1066 1491 spoliantur
1118 1434 1169 1474 et
1210 1426 1261 1474 in
1303 1426 1677 1475 condicionem
1729 1425 1952 1492 proleta-

52 1509 246 1560 riorum
274 1509 599 1574 rediguntur,
643 1507 897 1574 paulatim
926 1508 1084 1557 etiam
1114 1508 1345 1557 minores
1382 1507 1708 1573 capitalistae
1736 1524 1767 1557 a
1797 1507 1953 1556 maio-

54 1591 195 1641 ribus
233 1591 341 1640 suis
382 1590 538 1640 bonis
579 1590 850 1655 privantur
891 1598 943 1638 et
984 1588 1277 1655 proletariis
1318 1590 1626 1639 inseruntur.
1690 1589 1956 1638 Numerus

55 1671 467 1738 capitalistarum
510 1671 566 1721 fit
608 1672 803 1721 cotidie
846 1672 1042 1731 minor,
1098 1688 1344 1720 numerus
1383 1688 1509 1720 vero
1551 1670 1954 1736 proletariorum

55 1755 237 1805 maior.
319 1753 564 1803 Tandem
604 1763 824 1803 ventum
866 1754 962 1802 erit
1004 1753 1070 1802 ad
1115 1761 1310 1803 statum
1353 1752 1510 1818 plane
1552 1752 1954 1813 intolerabilem,

60 1846 113 1886 et
153 1844 276 1886 tunc
337 1836 800 1902 «expropriatores
852 1836 1401 1901 expropriabunturae,
1453 1836 1481 1885 i.
1526 1853 1569 1885 e.
1614 1835 1955 1901 capitalistae,

60 1918 150 1985 qui
178 1918 308 1968 alios
348 1926 454 1967 tam
491 1918 578 1967 diu
620 1918 944 1983 proprietate
983 1934 1076 1966 sua
1104 1917 1422 1983 spoliabant,
1467 1919 1564 1983 ipsi
1592 1917 1960 1983 spoliabuntur

59 2017 90 2051 a
129 2008 247 2050 toto
290 1999 508 2066 populo.
591 1998 758 2050 Simul
812 2016 932 2049 cum
973 1999 1072 2049 hac
1126 2001 1565 2049 transmutatione
1613 2000 1961 2049 oeconomica

61 2083 220 2132 etiam
248 2082 399 2131 ideae
428 2081 670 2142 morales,
716 2081 1009 2146 religiosae,
1053 2081 1317 2147 politicae,
1361 2081 1583 2131 sociales
1612 2090 1959 2131 transmutan-

61 2172 169 2226 tur3
224 2164 347 2229 quia
387 2180 736 2229 unaquaeque
789 2172 933 2213 aetas
986 2164 1179 2213 sensim
1221 2163 1320 2213 sibi
1370 2181 1535 2213 novas
1589 2163 1782 2213 format
1833 2164 1960 2213 eius-

63 2245 210 2295 modi
249 2245 395 2294 ideas
447 2262 641 2311 easque
695 2245 997 2295 conformes
1038 2262 1163 2294 suae
1216 2246 1517 2295 condicioni
1564 2246 1959 2296 oeconomicae.

63 2327 253 2393 Neque
293 2328 460 2387 enim,
516 2336 571 2376 ut
612 2327 885 2393 hucusque
927 2327 1271 2387 credebatur,
1315 2328 1466 2377 ideae
1509 2327 1811 2394 religiosae,
1856 2346 1962 2378 mo-

65 2409 214 2470 rales⁷
257 2409 481 2459 sociales
507 2419 628 2459 sunt
669 2409 1028 2459 immutabiles
1068 2409 1151 2458 vel
1193 2410 1243 2458 in
1273 2410 1511 2459 ordinem
1557 2411 1963 2460 oeconomicum

65 2490 287 2541 influunt
327 2508 555 2557 eumque
596 2492 893 2552 immutant,
937 2492 1032 2541 sed
1075 2492 1251 2557 potius
1291 2500 1436 2541 totae
1478 2491 1758 2541 ultimatim
1787 2510 1816 2542 a
1845 2510 1963 2542 con-

68 2573 274 2622 dicione
331 2574 680 2623 oeconomica
733 2573 949 2623 alicuius
1006 2572 1191 2639 populi
1245 2573 1580 2639 dependent,
1640 2575 1712 2623 ita
1762 2583 1818 2623 ut
1869 2574 1965 2624 hac

67 2663 268 2704 mutata
308 2656 467 2704 etiam
506 2654 625 2705 illae
667 2664 949 2704 mutentur.

72 2783 216 2835 334.
297 2787 345 2835 4.
389 2772 576 2823 iVovus
616 2773 746 2822 ordo
786 2774 1023 2835 socialis,
1067 2790 1225 2840 quem
1259 2774 1555 2824 socialistae
1589 2776 1856 2824 instituere
1898 2775 1967 2824 in-

70 2854 319 2915 tendunt,
373 2855 424 2904 in
466 2872 530 2904 eo
573 2855 852 2915 consistet,
903 2863 959 2903 ut
1000 2856 1178 2905 omnia
1217 2856 1360 2905 bona
1401 2856 1717 2921 productiva
1757 2855 1965 2920 (solum,

71 2935 336 2998 aedificia,
392 2937 694 2998 machinae,
752 2936 980 2987 fabricae
1021 2938 1145 3002 etc.)
1196 2938 1248 2987 in
1296 2938 1588 2987 dominium
1639 2937 1969 2987 inalienabile

71 3018 338 3068 societatis
389 3018 552 3068 civilis
603 3027 886 3069 transeant.
967 3018 1209 3069 Societas
1256 3020 1417 3069 civilis
1458 3020 1554 3069 erit
1594 3018 1749 3085 plane
1790 3020 1968 3070 demo-

74 3101 290 3162 cratica3
346 3102 524 3150 omnia
575 3100 848 3167 privilegia
899 3100 1176 3161 tollentur,
1236 3110 1292 3150 ut
1344 3101 1658 3167 aequalitaS,
1714 3111 1969 3167 quantum

76 3180 185 3231 fieri
223 3190 425 3247 potest,
469 3183 780 3232 omnimoda
821 3183 1055 3233 exsistat.
1136 3182 1368 3249 Populus
1411 3184 1680 3233 communi
1719 3184 1969 3249 suffragio

77 3264 413 3328 magistratus
453 3264 613 3330 eliget
652 3265 819 3330 iisque
859 3264 1173 3330 invigilabit,
1232 3266 1345 3330 ipse
1397 3266 1554 3315 etiam
1596 3282 1690 3330 per
1728 3282 1784 3314 se
1825 3264 1972 3330 leges

77 3343 207 3394 feret
261 3354 315 3395 et
368 3346 448 3396 ius
504 3346 660 3396 dicet.
753 3345 994 3397 Societas
1047 3347 1161 3412 ipsa
1217 3355 1384 3396 totam
1449 3346 1856 3412 productionem
1920 3355 1973 3397 et
