2182 3682
205 173 276 224 90
613 169 727 198 PARS
763 170 792 199 1.
844 170 1165 199 PHILOSOPHIA
1199 170 1402 199 MORALIS
1438 170 1715 200 GENERALIS.

202 308 414 355 siderata
461 323 566 355 non
614 317 685 356 est
733 308 918 369 aliquid
962 310 1024 355 ab
1063 307 1262 355 obiecto
1299 308 1534 370 specifico
1574 304 1861 371 (completo)
1898 310 2119 358 omnium

203 384 407 430 aliarum
442 383 671 430 virtutum
709 383 1033 431 essentialiter
1069 383 1342 441 diversum,
1381 398 1509 443 nego.
1581 383 1768 431 Iustitia
1804 401 1847 431 v.
1886 400 1931 445 g.
1969 385 2120 433 habet

203 473 295 519 pro
344 457 542 505 obiecto
589 473 692 505 non
739 474 926 506 meram
977 458 1286 505 honestatem
1328 458 1618 517 universim,
1668 459 1756 506 sed
1791 460 2118 519 honestatem,

203 548 331 593 quae
368 533 418 578 in
456 547 516 579 eo
554 542 649 590 est,
689 542 740 580 ut
775 533 1042 593 unicuique
1080 548 1217 580 suum
1256 532 1518 590 tribuatur,
1559 542 1607 581 et
1642 532 1708 579 ita
1745 533 1869 581 aliae
1905 534 2118 582 virtutes.

201 609 368 654 Potest
416 622 535 668 ergo
574 616 707 654 actus
745 607 976 669 specifice
1015 624 1041 653 a
1078 607 1280 667 reliquis
1318 607 1538 654 diversus
1574 609 1758 656 versari
1795 608 1927 655 eirca
1963 609 2120 670 ipsam

200 682 485 742 genericam
535 682 776 729 rationem
827 682 1111 729 honestatis.
1186 682 1435 741 Quaeres,
1487 683 1551 729 ad
1591 698 1858 743 quamnam
1894 683 2120 731 virtutem

199 756 280 802 hio
317 765 451 803 aetus
487 757 764 818 pertineat?
824 756 1141 818 Responderi
1178 766 1341 818 potest
1378 772 1489 803 cum
1526 756 1572 803 S.
1615 757 1664 803 T
1657 758 1796 804 lzoma
1834 756 1930 819 (De
1955 758 2115 805 virtut.

201 831 251 877 in
279 847 458 878 comm.
497 848 539 878 a.
570 827 615 893 5)
653 846 755 877 non
781 831 1029 892 pertinere
1056 832 1120 878 ad
1146 832 1362 892 aliquem
1387 831 1621 888 habitum,
1661 831 1776 893 quia
1800 834 2026 879 voluntas
2053 832 2117 879 ad

203 921 521 953 communem
568 905 815 953 rationem
862 906 1133 954 honestatis
1181 907 1518 968 appetendam
1565 923 1669 953 non
1712 906 1902 968 indiget
1936 907 2120 966 habitu,

203 980 290 1028 sed
328 980 391 1028 de
428 996 479 1027 se
518 980 632 1027 satis
670 996 926 1043 propensa·
962 990 1047 1029 est.

282 1093 384 1132 Obi.
414 1105 456 1142 3·
535 1085 800 1133 Obiectum
850 1101 901 1132 se
948 1086 1099 1133 habet
1147 1086 1210 1132 ad
1257 1085 1531 1133 bonitatem
1581 1086 1841 1133 formalem
1890 1095 2027 1134 aetus
2073 1095 2125 1133 ut

199 1176 347 1207 causa
387 1160 451 1207 ad
489 1161 734 1208 effectum.
807 1160 943 1207 Hine
981 1161 1049 1208 sic
1086 1161 1322 1208 obicitur:
1373 1161 1494 1207 nihil
1531 1169 1604 1208 est
1639 1161 1690 1207 in
1727 1162 1934 1219 effectu,
1987 1161 2124 1222 quod

199 1250 303 1281 non
352 1235 497 1282 fuerit
542 1235 593 1282 in
642 1252 802 1283 causa.
875 1236 1029 1297 Atqui
1072 1236 1122 1282 in
1172 1235 1368 1283 obiecto
1405 1251 1507 1282 non
1545 1244 1618 1283 est
1653 1235 1849 1283 bonitas
1887 1236 2121 1284 formalis.

203 1311 342 1370 Ergo
379 1325 545 1370 neque
585 1311 634 1357 in
672 1320 796 1358 actu.

280 1417 431 1465 Resp.
489 1408 621 1454 Dist.
650 1409 758 1454 mai.
780 1425 792 1453 .·
828 1407 961 1467 Nihil
1000 1417 1071 1454 est
1108 1407 1157 1453 in
1195 1408 1389 1466 effectu,
1430 1407 1566 1469 quod
1602 1423 1704 1454 non
1732 1407 1876 1455 fuerit
1900 1407 1950 1454 in
1977 1423 2125 1455 causa

199 1483 300 1529 sive
328 1483 598 1530 formaliter
625 1482 726 1529 sive
753 1481 1037 1540 virtualiter,
1077 1498 1210 1538 conc„
1239 1483 1395 1529 solum
1424 1483 1710 1542 formaliter,
1738 1498 1864 1543 nego.
1925 1483 2125 1530 Contra-

197 1558 301 1605 dist.
340 1559 484 1605 mila:
530 1560 587 1604 In
637 1558 848 1604 obiecto.
888 1573 991 1604 non
1041 1567 1112 1605 est
1152 1558 1348 1605 bonitas
1385 1558 1604 1604 formalis
1641 1558 1938 1615 formaliter,
1989 1574 2123 1615 conc„

200 1633 468 1680 virtualiter
516 1634 593 1680 vel
642 1632 1103 1691 fundamentaliter,
1157 1634 1378 1679 suhdisl.:
1428 1641 1479 1679 ut
1528 1632 1578 1679 in
1631 1648 1779 1679 causa
1830 1633 2121 1693 adaequata,

204 1723 336 1764 conc„
374 1716 426 1754 ut
462 1708 513 1754 in
550 1723 698 1755 causa
733 1707 1088 1768 inadaequata‚
1128 1723 1255 1767 nege.
1329 1710 1422 1755 Sel.
1462 1708 1657 1754 bonitas
1694 1707 1940 1755 obiectiva
1974 1709 2126 1756 habet

205 1783 433 1830 virtutem
471 1782 714 1844 causandi
742 1783 1015 1829 bonitatem
1055 1783 1314 1830 formalem
1341 1782 1391 1828 in
1418 1792 1542 1840 actu,
1581 1798 1685 1829 non
1711 1793 1877 1830 tamen
1902 1792 1952 1830 ut
1978 1799 2127 1831 causa

207 1859 499 1920 adaequata.
572 1857 773 1904 Bonitas
818 1857 1035 1904 formalis
1073 1858 1223 1905 habet
1260 1857 1509 1919 duplicem
1548 1870 1771 1904 causam:
1821 1859 2125 1905 voluntatem

207 1942 255 1980 et
292 1933 555 1980 obiectum.
630 1933 848 1979 Effectus
887 1927 1058 1993 (actus)
1096 1942 1224 1980 totus
1261 1934 1454 1993 utrique
1492 1949 1668 1980 causae
1706 1933 1994 1990 attribuitur,
2037 1933 2125 1980 sed

208 2023 311 2055 non
348 2009 573 2055 totaliter.
648 2007 799 2067 Quod
836 2016 971 2054 actus
1007 2008 1066 2054 sit
1102 2007 1273 2066 vitalis,
1312 2007 1613 2054 voluntarius
1651 2016 1699 2054 et
1734 2007 1872 2066 liber,
1911 2009 2061 2055 habet
2097 2024 2126 2054 a

208 2085 489 2143 voluntateg
527 2083 662 2144 quod
699 2081 758 2129 sit
793 2083 967 2140 bonus,
1007 2083 1157 2129 habet
1194 2084 1256 2129 ab
1295 2082 1492 2129 obiecto
1529 2091 1581 2129 ut
1615 2083 1843 2131 termino.

293 2196 395 2236 Obi.
429 2209 472 2246 4.
528 2188 676 2235 Nulla
713 2203 861 2234 causa
899 2188 1209 2248 specificatur
1246 2204 1273 2234 a
1310 2203 1396 2235 suo
1435 2189 1628 2234 effectu.
1690 2188 1844 2249 Atqui
1876 2187 2127 2235 obiectum

210 2278 359 2325 saepe
412 2272 484 2311 est
535 2264 738 2310 effectus
791 2271 926 2310 aetus
977 2262 1254 2309 voluntatis.
1343 2263 1480 2322 Ergo
1531 2262 1612 2310 hie
1662 2277 1766 2310 non
1817 2262 2128 2324 specificatur

210 2339 272 2385 ab
310 2338 410 2385 illo.

291 2445 441 2493 Resp.
502 2435 634 2481 Dz‘st.
673 2435 813 2481 vead:
849 2434 997 2481 Nulla
1033 2450 1180 2481 causa
1217 2434 1527 2495 specificatur
1563 2451 1593 2481 a
1628 2449 1715 2481 suo
1753 2435 1945 2492 effectu,
1983 2441 2130 2495 prout

213 2511 294 2557 hicv
330 2510 380 2556 in
417 2509 592 2556 ordine
631 2508 958 2556 exsecutionis
997 2518 1068 2556 est
1104 2510 1350 2570 posterior
1386 2525 1471 2556 sua
1508 2524 1679 2566 causa,
1718 2523 1859 2565 conc„
1897 2516 2043 2570 prout
2078 2507 2128 2554 in

215 2585 390 2632 ordine
427 2584 712 2631 intentionis
751 2592 822 2631 est
857 2583 992 2646 prior
1029 2599 1115 2630 sua
1151 2599 1298 2630 eausa
1335 2591 1382 2631 et
1418 2599 1564 2630 causa
1601 2583 1818 2630 formalis
1855 2582 2129 2630 extrinseca

216 2660 449 2717 eiusdem,
489 2660 675 2706 subdist.
697 2677 710 2705 .·
743 2675 847 2706 non
876 2658 1185 2720 specificatur
1211 2659 1272 2705 ab
1300 2674 1360 2705 eo
1386 2658 1685 2715 immediate,
1725 2673 1859 2713 conc„
1898 2656 2128 2710 mediate,

216 2751 343 2794 nego.
404 2733 696 2781 Immediate
734 2743 870 2780 actus
906 2732 1167 2780 voluntatis
1203 2749 1307 2780 non
1344 2732 1654 2794 specificatur
1690 2733 1751 2779 ab
1777 2733 1886 2794 ipso
1912 2733 2127 2788 obiecto,

217 2810 305 2857 sed
342 2810 403 2856 ab
439 2809 710 2855 habitudine
747 2815 791 2855 et
823 2810 987 2855 ordiale
1017 2809 1087 2854 ad
1115 2809 1254 2864 illud,
1294 2823 1421 2869 quae
1458 2816 1626 2854 tamen
1662 2807 1900 2854 habitudo
1937 2806 2132 2854 diversa

218 2893 290 2931 est
335 2899 427 2944 pro
475 2883 756 2930 diversitate
805 2883 1011 2941 obiecti,
1063 2882 1128 2929 ita
1177 2892 1227 2930 ut
1274 2884 1371 2930 hoc
1419 2881 1633 2929 mediate
1678 2881 1931 2943 specificet
1967 2890 2130 2928 actum

220 2957 496 3006 voluntatis.
574 2958 708 3005 Came.
747 2959 856 3004 min.
897 2967 944 3005 et
980 2973 1093 3017 nego
1130 2973 1246 3005 cons.

304 3071 405 3111 Obi.
451 3081 492 3122 5.
574 3063 836 3110 Obiectum
890 3071 1206 3124 comparatur
1257 3061 1320 3108 ad
1371 3069 1533 3108 aetum
1583 3069 1635 3107 ut
1683 3060 1902 3108 materia.
1981 3060 2136 3121 Atqui

221 3139 355 3185 nulla
391 3153 467 3185 res
503 3138 653 3184 habet
689 3137 909 3198 speeiem
945 3153 973 3183 a
1011 3136 1229 3194 materia,
1269 3137 1356 3183 sed
1393 3153 1421 3182 a
1458 3137 1630 3182 forma.
1701 3135 1840 3194 Ergo
1867 3174 1876 3182 .
1907 3173 1914 3181 .
1945 3173 1953 3182 .

302 3245 453 3293 Resp.
521 3235 651 3281 Dz‘st.
690 3235 798 3280 mai.
819 3252 832 3279 .·
878 3236 947 3281 Ut
982 3233 1189 3280 materia
1225 3234 1346 3279 circa
1379 3249 1536 3294 quam,
1578 3247 1712 3288 conc„
1748 3239 1802 3278 ut
1835 3229 2040 3278 materia
2076 3245 2135 3276 ex

224 3326 331 3372 qua,
369 3326 496 3371 nego.
575 3309 860 3356 Contradz'st.
899 3310 1008 3355 min.
1049 3317 1096 3354 et
1131 3324 1244 3368 nego
1280 3323 1395 3354 cens.
