2182 3682
228 191 333 242 274
626 188 739 217 PARS
774 189 820 217 ΙΙ.
870 188 1188 218 PHILOSOPHIA
1222 188 1424 216 MoRALIS
1461 187 1709 217 SPECIALIS.

225 325 504 377 coactione
526 325 592 374 ad
623 324 1039 375 satisfactionem
1062 325 1301 373 onmium
1330 323 1725 385 distribuuntur,
1753 323 1824 373 ita
1846 331 1904 373 ut
1926 321 2007 372 vel
2030 340 2128 389 pro

225 408 456 458 maxime
497 407 716 457 abiectis
744 415 796 457 et
829 407 1006 456 arduis
1046 405 1317 456 laboribus
1358 405 1507 456 facile
1535 405 1759 471 operarii
1783 405 2127 455 inveniantur.

226 491 329 540 Hic
370 498 549 540 autem
591 489 832 539 stimulus
884 489 1079 538 laboris
1131 489 1181 538 in
1222 488 1479 538 societate
1520 487 1924 538 communistica
1973 486 2131 553 plane

225 573 450 623 deesset.

298 662 437 712 Nam
479 662 529 725 a>
570 662 621 711 in
664 678 725 711 ea
767 677 929 711 onera
971 661 1210 710 omnium
1252 660 1511 710 deberent
1552 677 1667 709 esse
1708 658 1950 726 aequalia
1987 658 2131 708 ideo-

226 762 330 811 que
371 745 567 794 nemini
594 761 652 793 se
682 743 953 793 communi
983 750 1035 793 et
1076 743 1347 793 cotidiano
1389 760 1558 809 penso
1599 742 1796 792 laboris
1821 741 2132 792 subtrahere

226 826 419 877 liceret.
500 825 769 892 Quocirca
809 825 935 875 nihil
977 835 1070 886 est,
1116 825 1261 892 quod
1305 843 1489 875 eorum
1531 824 1858 891 diligentiam
1899 824 2134 874 excitare

225 918 433 975 posset,
498 918 640 958 certe
696 925 802 958 non
860 925 983 957 cura
1038 908 1359 974 procurandi
1414 908 1709 958 necessaria
1764 923 1860 973 pro
1918 906 2003 956 die
2057 923 2132 956 se-

227 992 408 1057 quenti
465 999 554 1040 aut
607 998 850 1056 tempore
908 990 1099 1041 futuro.
1197 991 1336 1040 Nam
1398 990 1653 1056 quamdiu
1710 1006 1936 1055 corpore
1994 989 2133 1039 bene

225 1073 437 1134 valebit,
470 1072 692 1139 quilibet
715 1074 985 1123 cotidiano
1010 1073 1193 1122 labore
1215 1073 1544 1139 praescripto
1568 1073 1863 1122 necessaria
1885 1071 2130 1134 merebit3

224 1163 469 1222 tempore
508 1173 636 1205 vero
679 1156 1021 1221 aegritudinis
1062 1156 1291 1206 societas
1328 1156 1439 1205 eius
1468 1171 1647 1205 curam
1678 1154 1942 1220 suscipiet.
1999 1153 2132 1220 Ipsis

226 1240 367 1289 enim
427 1239 793 1289 communistis
857 1238 1145 1288 fatentibus
1210 1255 1333 1288 cura
1396 1237 1704 1298 infantium,
1770 1244 2129 1301 aegrotorum,
2181 1291 2182 1301 γ

224 1338 412 1371 senum
454 1321 848 1386 decrepitorum
890 1321 957 1370 ad
999 1321 1312 1370 societatem
1354 1320 1595 1387 pertinet.
2181 1304 2182 1313 ἶ

299 1411 355 1474 b)
398 1410 659 1459 Homines
712 1410 1005 1475 generatim
1047 1410 1115 1459 ad
1159 1409 1440 1476 diligenter
1491 1409 1846 1459 laborandum
1894 1424 2003 1458 non
2042 1407 2133 1457 im-

225 1492 494 1559 pelluntur
534 1492 630 1542 nisi
673 1501 815 1542 certa
855 1509 951 1558 spe
992 1510 1049 1543 se
1090 1491 1236 1543 solos
1278 1492 1507 1542 fructum
1549 1509 1618 1542 ex
1657 1509 1756 1541 suo
1798 1490 1980 1541 labore
2021 1507 2132 1556 per-

226 1584 477 1642 cepturos
518 1592 649 1625 esse.
732 1573 840 1625 Sed
894 1575 1047 1627 haec
1080 1584 1223 1625 certa
1274 1593 1399 1642 spes
1449 1576 1500 1624 in
1548 1573 1850 1625 socialismo
1904 1574 2129 1623 deesset.

227 1657 465 1724 Quilibet
515 1664 700 1724 posset
752 1657 891 1708 hanc
948 1667 1148 1707 certam
1205 1675 1357 1724 spem
1413 1664 1527 1707 tum
1578 1656 1751 1707 solum
1809 1656 2033 1716 habere,
2091 1655 2134 1704 si

225 1749 430 1791 certum
472 1739 606 1790 foret
648 1757 835 1790 omnes
875 1740 1008 1790 alios
1048 1742 1320 1806 operarios
1361 1739 1568 1806 aequali
1609 1739 1881 1805 diligentia
1931 1737 2133 1788 labora-

225 1832 373 1873 turos
425 1840 541 1872 esse
593 1829 646 1872 et
698 1823 1125 1872 distributionem
1183 1823 1344 1872 talem
1402 1822 1657 1883 futuram,
1716 1830 1775 1871 ut
1831 1820 2136 1886 diligentiae

226 1906 641 1971 uniuscuiusque
694 1905 1128 1971 correspondeat.
1222 1905 1395 1971 Asqm'
1446 1904 1579 1954 haec
1637 1903 1924 1954 certitudo
1953 1902 2132 1952 haberi

226 2005 332 2038 non
376 1994 570 2053 potest.

231 2140 376 2192 349.
460 2130 506 2179 8.
540 2126 694 2193 Quae
718 2129 785 2179 de
809 2129 1179 2180 distributione
1208 2128 1453 2179 laborum
1476 2137 1528 2179 et
1554 2146 1727 2178 rerum
1755 2127 2136 2194 productarum

228 2212 641 2277 disputavimus,
698 2212 1068 2261 demonstrant
1111 2220 1348 2278 systema
1388 2210 1764 2262 socialisticum
1806 2208 2138 2260 exsecutioni

228 2294 465 2343 mandari
495 2311 602 2343 non
630 2311 806 2360 posse,
850 2294 947 2343 nisi
975 2302 1346 2360 supponantur
1374 2312 1443 2343 ex
1472 2310 1576 2344 una
1604 2301 1753 2359 parte
1782 2291 2140 2357 magistratus

231 2393 370 2425 rara
387 2376 701 2441 prudentia,
743 2376 1059 2441 sagacilale,
1090 2376 1365 2441 probitate
1393 2376 1536 2426 vilae
1553 2374 1817 2441 praediti,
1861 2374 1966 2440 qui,
1998 2390 2138 2423 com-

229 2459 373 2507 muni
414 2458 662 2508 mercede
703 2459 955 2519 contenti,
1001 2467 1307 2509 constanter
1334 2476 1441 2508 non
1472 2458 1747 2508 commodi
1787 2455 2000 2523 proprii,
2042 2453 2138 2504 sed

230 2541 359 2590 boni
410 2541 707 2590 communis
759 2557 941 2591 amore
994 2541 1283 2604 ducantur3
1338 2558 1408 2590 ex
1447 2540 1612 2590 altera
1651 2557 1779 2589 vero
1831 2545 1982 2604 parte
2021 2537 2139 2587 sub-

231 2622 352 2681 diti,
411 2623 499 2688 qui
553 2624 880 2689 superiorum
940 2623 1092 2673 dictis
1148 2623 1216 2672 ad
1273 2632 1459 2672 nutum
1517 2622 1832 2682 oboediant;
1892 2620 1982 2686 qui
2036 2619 2140 2668 sint

231 2705 413 2770 paucis
466 2706 703 2755 contenti
756 2714 807 2754 et
847 2705 899 2754 in
938 2705 1291 2771 suscipiendis
1343 2704 1617 2754 laboribus
1668 2704 1829 2754 etiam
1869 2701 2047 2751 arduis
2087 2707 2140 2749 et

230 2786 517 2836 humilibus
572 2787 774 2837 alacres
829 2796 881 2837 et
936 2788 1198 2853 prompti3
1241 2787 1378 2853 iqui,
1442 2795 1699 2853 quantum
1754 2786 1804 2835 in
1861 2784 1987 2850 ipsis
2042 2790 2138 2842 est,

231 2868 394 2918 velint
444 2870 555 2918 sine
610 2869 804 2918 invidia
859 2869 1003 2918 bona
1055 2869 1232 2919 omnia
1286 2868 1535 2918 omnibus
1591 2868 1765 2918 facere
1818 2865 2136 2916 eommunia.

232 2951 343 3000 Iam
384 2952 426 3001 si
467 2952 730 3000 eiusmodi
770 2951 1015 3001 homines
1044 2951 1126 3002 vel
1168 2952 1303 3000 inter
1342 2952 1488 3017 ipsos
1517 2950 1832 3000 christianos
1871 2948 1971 2997 rari
2002 2954 2138 3008 sunt,

235 3034 477 3099 quamvis
518 3032 702 3099 religio
731 3034 858 3083 vitio
893 3050 1103 3083 summa
1130 3032 1407 3099 supplicia,
1450 3033 1628 3082 virtuti
1666 3030 1900 3098 praemia
1927 3036 2143 3079 aeterna

234 3116 512 3182 promittat
565 3124 618 3165 et
673 3115 842 3180 gratia
898 3115 1178 3165 abundans
1230 3114 1589 3164 infirmitatem
1640 3113 1928 3163 humanam
1982 3110 2139 3170 iuvet,

237 3198 365 3263 quid
420 3198 655 3248 futurum
711 3205 851 3247 esset
905 3198 958 3246 in
1013 3206 1154 3247 statu
1212 3195 1624 3256 socialistarum,
1686 3195 1775 3261 qui
1830 3193 2142 3259 religionem

238 3297 455 3329 omnem
495 3287 862 3338 contemnunt,
905 3279 1069 3328 immo
1099 3278 1225 3328 odio
1268 3285 1676 3344 prosequuntur,
1721 3277 1811 3342 qui
1849 3274 1932 3325 vel
1973 3274 2143 3340 ipsam

238 3361 339 3411 Dei
381 3361 746 3411 exsistentiam
787 3368 987 3426 negant
1025 3361 1258 3426 ideoque
1285 3376 1464 3409 veram
1507 3359 1890 3424 obligationem
1931 3357 1981 3406 in
2020 3371 2141 3404 con-
