2182 3682
478 172 563 201 LIB.
599 171 646 200 II.
695 171 795 200 CAP.
830 170 896 199 111.
944 169 1006 197 DE
1041 168 1296 198 SOCIETATE
1330 169 1486 198 CIVILI.
1814 170 1920 222 427

107 310 270 357 Prob.
350 307 429 358 Cf.
472 315 789 373 argumenta
829 306 1014 372 prioris
1055 305 1283 355 theseos,
1365 305 1666 354 Praeterea:

114 412 153 448 Ι.
213 397 337 447 Hoc
394 405 686 462 systemate
749 396 1034 445 auctoritas
1093 394 1255 445 civilis
1314 395 1513 444 dz'recle
1574 411 1668 459 per
1727 401 1927 444 certum

32 490 243 545 tempus
295 479 529 529 officium
582 478 911 528 educationis
964 477 1200 526 omnium
1253 475 1528 525 infantium
1579 476 1679 525 sibi
1719 483 1932 541 arrogat

32 571 85 612 et
133 569 412 627 parentum
468 561 548 610 ius
600 558 926 610 exclusivum
982 559 1034 607 in
1087 558 1463 618 educationem
1518 557 1731 606 invadit.
1824 555 1933 620 Qui

33 644 172 694 enim
224 643 529 708 parentibus
582 641 775 691 liberos
826 657 921 706 per
962 648 1164 690 certum
1217 648 1430 705 tempus
1476 639 1672 699 aufert,
1725 645 1782 688 ut
1822 656 1930 699 eos,

32 724 284 791 quamdiu
325 724 423 773 sibi
464 724 669 773 bonum
708 723 943 783 videtur,
990 731 1097 787 pro
1137 739 1230 771 suo
1272 721 1504 771 arbitrio
1544 722 1792 781 instruat,
1835 720 1935 769 sibi

34 807 271 857 attribuit
320 806 398 855 ius
439 806 699 855 directum
740 805 790 853 in
832 805 1205 853 educationem
1247 811 1300 853 et
1350 803 1472 852 hinc
1524 803 1604 852 ius
1656 810 1935 868 parentum

33 890 84 939 in
125 888 498 938 educationem
540 895 716 952 negat.

111 991 157 1027 2.
214 976 336 1025 Hoc
388 984 623 1041 systema
675 975 1007 1024 educationis
1060 973 1305 1039 publicae
1358 982 1748 1039 consequenter
1800 972 1944 1022 ducit

36 1058 115 1108 ad
146 1057 528 1108 socialismmn.
587 1055 643 1107 Si
671 1058 809 1106 enim
852 1057 1139 1106 auctoritas
1168 1056 1329 1105 civilis
1370 1056 1505 1105 iuste
1544 1056 1643 1105 sibi
1672 1071 1940 1104 assumere

37 1148 217 1206 potest
256 1128 628 1190 educationem
682 1139 996 1198 liberorum,
1052 1155 1143 1188 cur
1183 1155 1289 1188 non
1343 1146 1526 1203 posset
1566 1136 1773 1203 aequali
1812 1137 1937 1197 iure,

36 1223 200 1272 immo
243 1239 271 1270 a
314 1221 543 1282 fortiore,
587 1221 685 1270 sibi
722 1221 920 1270 directe
949 1220 1461 1269 administrationem
1503 1220 1769 1270 bonorum
1800 1218 1941 1268 fami-

37 1303 150 1365 liae,
194 1304 358 1353 immo
400 1304 579 1353 omnia
618 1304 728 1352 iura
769 1302 1074 1368 parentalia,
1117 1302 1413 1352 vindicare?
1467 1302 1605 1351 Nam
1646 1301 1793 1351 liberi
1821 1308 1943 1350 sunt

39 1385 346 1452 parentibus
387 1386 530 1435 bona
571 1386 806 1434 omnium
849 1386 1128 1445 carissima,
1174 1392 1226 1434 et
1267 1402 1450 1434 eorum
1487 1384 1733 1434 educatio
1774 1382 1942 1432 multo

40 1467 365 1518 essentialius
406 1467 473 1516 ad
516 1466 750 1517 officium
793 1475 1072 1533 parentum
1114 1467 1342 1532 pertinet
1370 1484 1531 1532 quam
1560 1466 1942 1516 administratio

40 1551 322 1600 bonorum.

121 1654 166 1703 3.
222 1639 373 1689 Haec
413 1638 617 1700 valent,
663 1640 760 1689 etsi
799 1638 1015 1689 scholae
1056 1637 1302 1704 publicae
1341 1647 1712 1704 supponantur
1752 1638 1942 1688 bonae.

44 1719 254 1785 Quodsi
294 1721 514 1771 eaedem
557 1720 796 1786 religioni
836 1730 888 1770 et
929 1720 1085 1770 bonis
1125 1721 1362 1770 moribus
1398 1721 1501 1770 sint
1529 1721 1765 1781 nocivae,
1809 1737 1947 1769 nova

45 1821 214 1869 eaque
254 1802 422 1852 multo
464 1804 632 1852 maior
672 1803 854 1852 iniuria
895 1803 1203 1869 parentibus
1245 1812 1297 1852 et
1339 1802 1513 1852 liberis
1553 1803 1782 1853 infertur.

772 1965 1039 2013 THESIS
1076 1966 1216 2013 XCI.

49 2064 194 2130 582-
277 2075 610 2123 Auctoritati
648 2076 792 2123 civili
830 2091 943 2124 non
982 2077 1254 2138 competit
1300 2077 1388 2124 ius
1437 2092 1639 2125 omnes
1687 2085 1951 2138 parentes

45 2149 168 2210 lege
205 2149 512 2210 obligandi,
570 2157 631 2197 ut
667 2151 874 2199 liberos
910 2166 1013 2212 per
1050 2152 1260 2213 aliquot
1296 2166 1475 2199 annos
1513 2152 1676 2200 alicui
1724 2153 1952 2200 scholae

46 2224 428 2272 instituendos
463 2227 704 2272 tradant.

82 2325 148 2380 (de
179 2329 500 2377 Hammerstein,
534 2331 600 2369 De
634 2331 824 2370 Ecclesia
856 2339 896 2370 et
930 2331 1048 2370 Statu
1081 2333 1198 2372 iurid.
1235 2334 1397 2373 consid.
1437 2334 1531 2373 181.
1599 2335 1914 2381 Costa-Roman]

520 2398 675 2437 Philos.
711 2412 812 2437 mor.
850 2399 946 2449 736.
1010 2400 1251 2452 Moralphil.
1286 2402 1327 2439 Π
1362 2399 1482 2452 576.)

126 2503 214 2556 St.
260 2504 336 2572 Q.
426 2522 467 2556 Ι.
524 2508 747 2558 Reiecto
802 2508 937 2558 civili
977 2509 1281 2559 scholarum
1327 2511 1668 2577 monopolio,
1721 2511 1830 2561 sive
1871 2513 1959 2560 ad-

50 2588 284 2638 iunctam
325 2588 489 2639 habet
533 2591 870 2640 coactionem
909 2592 1209 2642 scholarem
1251 2593 1299 2657 (i.
1333 2610 1375 2643 e.
1421 2593 1804 2659 obligationem
1847 2595 1957 2643 mit-

51 2670 200 2719 tendi
239 2670 466 2721 infantes
505 2673 556 2721 in
599 2672 830 2738 aliquam
871 2673 1132 2739 scholam)
1175 2675 1283 2724 sive
1324 2692 1457 2736 non,
1509 2676 1787 2741 quaeritur,
1832 2693 1959 2725 num

52 2751 242 2801 saltem
293 2754 593 2803 auctoritati
645 2754 781 2804 civili
837 2765 1086 2821 parentes
1142 2756 1350 2821 legibus
1403 2761 1598 2823 cogere
1651 2758 1828 2818 liceat,
1886 2765 1957 2818 ut,

53 2834 324 2899 supposita
365 2835 615 2886 libertate
655 2837 894 2887 omnibns
935 2856 1176 2888 concessa
1205 2839 1421 2889 scholas
1462 2840 1726 2905 erzgendl',
1767 2840 1962 2890 liberos

57 2932 150 2981 per
177 2916 396 2982 aliquod
425 2926 636 2984 tempus
664 2919 817 2969 alicui
844 2907 1076 2981 scholae,
1109 2939 1268 2986 qnam
1299 2922 1584 2984 voluerint,
1624 2922 1962 2972 instruendos

59 3007 410 3050 committant.

132 3101 179 3138 2.
235 3088 469 3138 Tantum
523 3106 782 3155 negamus
833 3092 1205 3142 auctoritatem
1259 3092 1466 3143 civilem
1519 3111 1678 3159 posse
1730 3111 1799 3143 ex
1845 3093 1964 3143 inre

48 3170 279 3234 proprio
320 3171 389 3220 ad
442 3171 853 3238 frequentandas
905 3174 1116 3224 scholas
1158 3192 1379 3240 cogere,
1436 3193 1543 3225 non
1584 3193 1709 3226 vero
1752 3193 1870 3225 eam
1909 3176 1962 3225 id

58 3268 217 3315 posse
245 3254 591 3303 consentiente
618 3263 669 3304 et
693 3255 1022 3319 approbante
1049 3256 1311 3318 Ecclesia,
1344 3258 1647 3323 praesertim
1672 3258 1724 3306 in
1747 3258 1962 3308 circum-

60 3334 277 3394 stantiis,
323 3335 390 3384 de
431 3336 623 3401 quibus
663 3336 795 3386 infra
815 3354 991 3387 sermo
1021 3339 1130 3388 erit.
1188 3339 1466 3389 Praeterea
1500 3338 1671 3388 solum
1703 3356 1963 3405 negamus
