<?xml version="1.0" encoding="UTF-8"?>
<!DOCTYPE html PUBLIC "-//W3C//DTD XHTML 1.0 Transitional//EN"
    "http://www.w3.org/TR/xhtml1/DTD/xhtml1-transitional.dtd">
<html xmlns="http://www.w3.org/1999/xhtml" xml:lang="en" lang="en">
 <head>
  <title>
</title>
<meta http-equiv="Content-Type" content="text/html;charset=utf-8" />
  <meta name='ocr-system' content='tesseract 3.04.00' />
  <meta name='ocr-capabilities' content='ocr_page ocr_carea ocr_par ocr_line ocrx_word'/>
</head>
<body>
  <div class='ocr_page' id='page_1' title='image "./philosophiamoral00cath_0222.png"; bbox 0 0 2182 3682; ppageno 0'>
   <div class='ocr_carea' id='block_1_1' title="bbox 193 148 1691 210">
    <p class='ocr_par' dir='ltr' id='par_1_1' title="bbox 193 148 1691 210">
     <span class='ocr_line' id='line_1_1' title="bbox 193 148 1691 210; baseline 0.001 -26"><span class='ocrx_word' id='word_1_1' title='bbox 193 148 292 210; x_wconf 76' lang='lat'>198</span> <span class='ocrx_word' id='word_1_2' title='bbox 593 157 704 185; x_wconf 58' lang='lat' dir='ltr'>PARS</span> <span class='ocrx_word' id='word_1_3' title='bbox 739 157 767 186; x_wconf 95' lang='lat' dir='ltr'>I.</span> <span class='ocrx_word' id='word_1_4' title='bbox 821 156 1136 185; x_wconf 87' lang='lat' dir='ltr'>PHILOSOPHIA</span> <span class='ocrx_word' id='word_1_5' title='bbox 1170 157 1373 186; x_wconf 88' lang='lat' dir='ltr'>MORALIS</span> <span class='ocrx_word' id='word_1_6' title='bbox 1409 157 1691 187; x_wconf 85' lang='lat' dir='ltr'>GENERALIS.</span> 
     </span>
    </p>
   </div>
   <div class='ocr_carea' id='block_1_2' title="bbox 182 301 2096 437">
    <p class='ocr_par' dir='ltr' id='par_1_2' title="bbox 182 301 2096 437">
     <span class='ocr_line' id='line_1_2' title="bbox 187 301 2096 363; baseline 0.003 -18"><span class='ocrx_word' id='word_1_7' title='bbox 187 305 332 356; x_wconf 86' lang='lat'><strong>239.</strong></span> <span class='ocrx_word' id='word_1_8' title='bbox 401 309 503 349; x_wconf 86' lang='lat' dir='ltr'>Obi.</span> <span class='ocrx_word' id='word_1_9' title='bbox 537 322 571 349; x_wconf 80' lang='grc' dir='ltr'>ι.</span> <span class='ocrx_word' id='word_1_10' title='bbox 626 304 705 349; x_wconf 90' lang='lat' dir='ltr'>Ius</span> <span class='ocrx_word' id='word_1_11' title='bbox 739 304 962 350; x_wconf 86' lang='lat' dir='ltr'>naturale</span> <span class='ocrx_word' id='word_1_12' title='bbox 1000 310 1072 349; x_wconf 89' lang='lat' dir='ltr'>est</span> <span class='ocrx_word' id='word_1_13' title='bbox 1106 301 1556 350; x_wconf 89' lang='lat' dir='ltr'>indeterminatum.</span> <span class='ocrx_word' id='word_1_14' title='bbox 1615 302 1770 363; x_wconf 70' lang='lat' dir='ltr'><em>Atqui</em></span> <span class='ocrx_word' id='word_1_15' title='bbox 1790 303 1862 349; x_wconf 90' lang='lat' dir='ltr'>ius</span> <span class='ocrx_word' id='word_1_16' title='bbox 1885 301 2096 350; x_wconf 87' lang='lat' dir='ltr'>indeter-</span> 
     </span>
     <span class='ocr_line' id='line_1_3' title="bbox 182 376 1087 437; baseline 0 -14"><span class='ocrx_word' id='word_1_17' title='bbox 182 376 420 423; x_wconf 85' lang='lat' dir='ltr'>minatum</span> <span class='ocrx_word' id='word_1_18' title='bbox 457 385 530 424; x_wconf 92' lang='lat' dir='ltr'>est</span> <span class='ocrx_word' id='word_1_19' title='bbox 563 377 764 424; x_wconf 88' lang='lat' dir='ltr'>nullum.</span> <span class='ocrx_word' id='word_1_20' title='bbox 836 377 975 437; x_wconf 75' lang='lat' dir='ltr'>Ergo</span> <span class='ocrx_word' id='word_1_21' title='bbox 1003 415 1010 423; x_wconf 91' lang='lat'><strong><em>.</em></strong></span> <span class='ocrx_word' id='word_1_22' title='bbox 1041 415 1049 424; x_wconf 95' lang='lat'><em>.</em></span> <span class='ocrx_word' id='word_1_23' title='bbox 1080 416 1087 423; x_wconf 94' lang='lat'>.</span> 
     </span>
    </p>
   </div>
   <div class='ocr_carea' id='block_1_3' title="bbox 181 457 2165 1120">
    <p class='ocr_par' dir='ltr' id='par_1_3' title="bbox 181 457 2165 1120">
     <span class='ocr_line' id='line_1_4' title="bbox 261 457 2094 520; baseline 0 -15"><span class='ocrx_word' id='word_1_24' title='bbox 261 467 412 517; x_wconf 82' lang='lat' dir='ltr'>Resp.</span> <span class='ocrx_word' id='word_1_25' title='bbox 492 459 621 506; x_wconf 72' lang='lat' dir='ltr'>Dist.</span> <span class='ocrx_word' id='word_1_26' title='bbox 675 459 817 506; x_wconf 80' lang='lat' dir='ltr'>mai.:</span> <span class='ocrx_word' id='word_1_27' title='bbox 866 460 955 506; x_wconf 89' lang='lat' dir='ltr'>Est</span> <span class='ocrx_word' id='word_1_28' title='bbox 1003 457 1440 505; x_wconf 86' lang='lat' dir='ltr'>indeterminatum</span> <span class='ocrx_word' id='word_1_29' title='bbox 1499 459 1665 520; x_wconf 85' lang='lat' dir='ltr'>quoad</span> <span class='ocrx_word' id='word_1_30' title='bbox 1718 458 1911 517; x_wconf 88' lang='lat' dir='ltr'>omnia,</span> <span class='ocrx_word' id='word_1_31' title='bbox 1963 474 2094 519; x_wconf 75' lang='lat' dir='ltr'>nego,</span> 
     </span>
     <span class='ocr_line' id='line_1_5' title="bbox 184 532 2154 595; baseline 0 -15"><span class='ocrx_word' id='word_1_32' title='bbox 184 534 350 594; x_wconf 86' lang='lat' dir='ltr'>quoad</span> <span class='ocrx_word' id='word_1_33' title='bbox 396 533 585 595; x_wconf 87' lang='lat' dir='ltr'>aliqua,</span> <span class='ocrx_word' id='word_1_34' title='bbox 634 549 750 581; x_wconf 76' lang='lat' dir='ltr'><em>conc.</em></span> <span class='ocrx_word' id='word_1_35' title='bbox 822 536 902 580; x_wconf 87' lang='lat' dir='ltr'>Ius</span> <span class='ocrx_word' id='word_1_36' title='bbox 948 534 1170 580; x_wconf 90' lang='lat' dir='ltr'>naturale</span> <span class='ocrx_word' id='word_1_37' title='bbox 1220 532 1444 580; x_wconf 87' lang='lat' dir='ltr'>consistit</span> <span class='ocrx_word' id='word_1_38' title='bbox 1488 532 1540 579; x_wconf 90' lang='lat' dir='ltr'>in</span> <span class='ocrx_word' id='word_1_39' title='bbox 1576 533 1932 581; x_wconf 87' lang='lat' dir='ltr'>universalibus</span> <span class='ocrx_word' id='word_1_40' title='bbox 1965 533 2096 595; x_wconf 90' lang='lat' dir='ltr'>prin·</span> <span class='ocrx_word' id='word_1_41' title='bbox 2151 586 2154 588; x_wconf 51' lang='grc'><strong>,</strong></span> 
     </span>
     <span class='ocr_line' id='line_1_6' title="bbox 183 595 2165 670; baseline 0.001 -16"><span class='ocrx_word' id='word_1_42' title='bbox 183 608 347 670; x_wconf 90' lang='lat' dir='ltr'>cipiis‚</span> <span class='ocrx_word' id='word_1_43' title='bbox 398 624 526 670; x_wconf 83' lang='lat' dir='ltr'>quae</span> <span class='ocrx_word' id='word_1_44' title='bbox 573 608 623 655; x_wconf 90' lang='lat' dir='ltr'>in</span> <span class='ocrx_word' id='word_1_45' title='bbox 671 624 722 655; x_wconf 87' lang='lat' dir='ltr'>se</span> <span class='ocrx_word' id='word_1_46' title='bbox 766 607 883 670; x_wconf 90' lang='lat' dir='ltr'>ipsis</span> <span class='ocrx_word' id='word_1_47' title='bbox 921 616 1031 655; x_wconf 91' lang='lat' dir='ltr'>sunt</span> <span class='ocrx_word' id='word_1_48' title='bbox 1066 607 1272 654; x_wconf 87' lang='lat' dir='ltr'>omnino</span> <span class='ocrx_word' id='word_1_49' title='bbox 1311 609 1468 666; x_wconf 84' lang='lat' dir='ltr'>clara,</span> <span class='ocrx_word' id='word_1_50' title='bbox 1520 617 1568 655; x_wconf 89' lang='lat' dir='ltr'>et</span> <span class='ocrx_word' id='word_1_51' title='bbox 1604 624 1664 655; x_wconf 88' lang='lat' dir='ltr'>ex</span> <span class='ocrx_word' id='word_1_52' title='bbox 1702 607 1878 669; x_wconf 85' lang='lat' dir='ltr'>quibus</span> <span class='ocrx_word' id='word_1_53' title='bbox 1913 609 2094 656; x_wconf 90' lang='lat' dir='ltr'>multae</span> <span class='ocrx_word' id='word_1_54' title='bbox 2153 595 2165 605; x_wconf 9' lang='grc' dir='ltr'>η’</span> 
     </span>
     <span class='ocr_line' id='line_1_7' title="bbox 183 682 2096 731; baseline 0 0"><span class='ocrx_word' id='word_1_55' title='bbox 183 683 525 731; x_wconf 79' lang='lat' dir='ltr'>conclusiones</span> <span class='ocrx_word' id='word_1_56' title='bbox 562 683 792 730; x_wconf 76' lang='lat' dir='ltr'>facillime</span> <span class='ocrx_word' id='word_1_57' title='bbox 830 683 1155 730; x_wconf 85' lang='lat' dir='ltr'>deducuntur.</span> <span class='ocrx_word' id='word_1_58' title='bbox 1218 682 1579 730; x_wconf 90' lang='lat' dir='ltr'>Conclusiones</span> <span class='ocrx_word' id='word_1_59' title='bbox 1616 691 1779 730; x_wconf 86' lang='lat' dir='ltr'>autem</span> <span class='ocrx_word' id='word_1_60' title='bbox 1805 682 2096 731; x_wconf 88' lang='lat' dir='ltr'>remotiores</span> 
     </span>
     <span class='ocr_line' id='line_1_8' title="bbox 182 757 2150 818; baseline 0 -12"><span class='ocrx_word' id='word_1_61' title='bbox 182 758 431 806; x_wconf 75' lang='lat' dir='ltr'>deducere</span> <span class='ocrx_word' id='word_1_62' title='bbox 479 767 526 806; x_wconf 91' lang='lat' dir='ltr'>et</span> <span class='ocrx_word' id='word_1_63' title='bbox 574 774 632 805; x_wconf 90' lang='lat' dir='ltr'>ea</span> <span class='ocrx_word' id='word_1_64' title='bbox 672 757 1028 815; x_wconf 88' lang='lat' dir='ltr'>determinare,</span> <span class='ocrx_word' id='word_1_65' title='bbox 1079 773 1207 818; x_wconf 82' lang='lat' dir='ltr'>quae</span> <span class='ocrx_word' id='word_1_66' title='bbox 1244 757 1294 803; x_wconf 90' lang='lat' dir='ltr'>in</span> <span class='ocrx_word' id='word_1_67' title='bbox 1330 757 1434 805; x_wconf 89' lang='lat' dir='ltr'>iure</span> <span class='ocrx_word' id='word_1_68' title='bbox 1471 757 1680 804; x_wconf 87' lang='lat' dir='ltr'>naturali</span> <span class='ocrx_word' id='word_1_69' title='bbox 1715 757 2096 806; x_wconf 83' lang='lat' dir='ltr'>indeterminate</span> <span class='ocrx_word' id='word_1_70' title='bbox 2147 757 2150 759; x_wconf 61' lang='grc'><strong>’</strong></span> 
     </span>
     <span class='ocr_line' id='line_1_9' title="bbox 182 832 2098 895; baseline 0 -15"><span class='ocrx_word' id='word_1_71' title='bbox 182 832 521 891; x_wconf 83' lang='lat' dir='ltr'>continentur,</span> <span class='ocrx_word' id='word_1_72' title='bbox 571 842 643 880; x_wconf 90' lang='lat' dir='ltr'>est</span> <span class='ocrx_word' id='word_1_73' title='bbox 689 832 991 880; x_wconf 76' lang='lat' dir='ltr'>auctoritatis</span> <span class='ocrx_word' id='word_1_74' title='bbox 1038 832 1292 895; x_wconf 87' lang='lat' dir='ltr'>positivae.</span> <span class='ocrx_word' id='word_1_75' title='bbox 1365 832 1499 879; x_wconf 85' lang='lat' dir='ltr'>Sicut</span> <span class='ocrx_word' id='word_1_76' title='bbox 1539 833 1672 879; x_wconf 88' lang='lat' dir='ltr'>enim</span> <span class='ocrx_word' id='word_1_77' title='bbox 1709 833 1983 894; x_wconf 86' lang='lat' dir='ltr'>generatim</span> <span class='ocrx_word' id='word_1_78' title='bbox 2018 834 2098 880; x_wconf 84' lang='lat' dir='ltr'>lex</span> 
     </span>
     <span class='ocr_line' id='line_1_10' title="bbox 181 906 2096 970; baseline 0.001 -15"><span class='ocrx_word' id='word_1_79' title='bbox 181 907 389 969; x_wconf 88' lang='lat' dir='ltr'>positiva</span> <span class='ocrx_word' id='word_1_80' title='bbox 427 924 477 955; x_wconf 88' lang='lat' dir='ltr'>se</span> <span class='ocrx_word' id='word_1_81' title='bbox 514 909 664 955; x_wconf 88' lang='lat' dir='ltr'>habet</span> <span class='ocrx_word' id='word_1_82' title='bbox 699 908 763 954; x_wconf 87' lang='lat' dir='ltr'>ad</span> <span class='ocrx_word' id='word_1_83' title='bbox 800 909 962 968; x_wconf 87' lang='lat' dir='ltr'>legem</span> <span class='ocrx_word' id='word_1_84' title='bbox 998 908 1298 965; x_wconf 86' lang='lat' dir='ltr'>naturalem,</span> <span class='ocrx_word' id='word_1_85' title='bbox 1349 907 1417 954; x_wconf 87' lang='lat' dir='ltr'>ita</span> <span class='ocrx_word' id='word_1_86' title='bbox 1453 906 1601 954; x_wconf 87' lang='lat' dir='ltr'>etiam</span> <span class='ocrx_word' id='word_1_87' title='bbox 1637 907 1708 954; x_wconf 90' lang='lat' dir='ltr'>ius</span> <span class='ocrx_word' id='word_1_88' title='bbox 1744 907 2009 970; x_wconf 88' lang='lat' dir='ltr'>positivum</span> <span class='ocrx_word' id='word_1_89' title='bbox 2045 923 2096 956; x_wconf 88' lang='lat' dir='ltr'>se</span> 
     </span>
     <span class='ocr_line' id='line_1_11' title="bbox 182 981 2098 1044; baseline 0 -15"><span class='ocrx_word' id='word_1_90' title='bbox 182 983 332 1029; x_wconf 84' lang='lat' dir='ltr'>habet</span> <span class='ocrx_word' id='word_1_91' title='bbox 367 983 430 1029; x_wconf 91' lang='lat' dir='ltr'>ad</span> <span class='ocrx_word' id='word_1_92' title='bbox 467 983 538 1030; x_wconf 90' lang='lat' dir='ltr'>ius</span> <span class='ocrx_word' id='word_1_93' title='bbox 574 983 810 1030; x_wconf 90' lang='lat' dir='ltr'>naturale.</span> <span class='ocrx_word' id='word_1_94' title='bbox 883 983 1145 1030; x_wconf 85' lang='lat' dir='ltr'>Derivatur</span> <span class='ocrx_word' id='word_1_95' title='bbox 1182 982 1316 1029; x_wconf 90' lang='lat' dir='ltr'>enim</span> <span class='ocrx_word' id='word_1_96' title='bbox 1351 982 1423 1029; x_wconf 88' lang='lat' dir='ltr'>ius</span> <span class='ocrx_word' id='word_1_97' title='bbox 1460 981 1723 1044; x_wconf 89' lang='lat' dir='ltr'>positivum</span> <span class='ocrx_word' id='word_1_98' title='bbox 1760 998 1787 1030; x_wconf 90' lang='lat' dir='ltr'>e</span> <span class='ocrx_word' id='word_1_99' title='bbox 1823 983 1927 1030; x_wconf 90' lang='lat' dir='ltr'>iure</span> <span class='ocrx_word' id='word_1_100' title='bbox 1963 990 2098 1030; x_wconf 89' lang='lat' dir='ltr'>natu-</span> 
     </span>
     <span class='ocr_line' id='line_1_12' title="bbox 182 1052 1983 1120; baseline 0 -16"><span class='ocrx_word' id='word_1_101' title='bbox 182 1057 271 1104; x_wconf 90' lang='lat' dir='ltr'>rali</span> <span class='ocrx_word' id='word_1_102' title='bbox 307 1066 409 1104; x_wconf 87' lang='lat' dir='ltr'>tum</span> <span class='ocrx_word' id='word_1_103' title='bbox 444 1073 535 1120; x_wconf 89' lang='lat' dir='ltr'>per</span> <span class='ocrx_word' id='word_1_104' title='bbox 572 1057 945 1105; x_wconf 87' lang='lat' dir='ltr'>conclusionem</span> <span class='ocrx_word' id='word_1_105' title='bbox 980 1066 1082 1104; x_wconf 87' lang='lat' dir='ltr'>tum</span> <span class='ocrx_word' id='word_1_106' title='bbox 1118 1073 1208 1119; x_wconf 92' lang='lat' dir='ltr'>per</span> <span class='ocrx_word' id='word_1_107' title='bbox 1245 1057 1710 1105; x_wconf 87' lang='lat' dir='ltr'>determinationem</span> <span class='ocrx_word' id='word_1_108' title='bbox 1749 1052 1814 1119; x_wconf 91' lang='lat' dir='ltr'>(n.</span> <span class='ocrx_word' id='word_1_109' title='bbox 1859 1052 1983 1119; x_wconf 84' lang='lat'>188).</span> 
     </span>
    </p>
   </div>
   <div class='ocr_carea' id='block_1_4' title="bbox 183 1139 2096 1275">
    <p class='ocr_par' dir='ltr' id='par_1_4' title="bbox 183 1139 2096 1275">
     <span class='ocr_line' id='line_1_13' title="bbox 264 1139 2096 1201; baseline 0 -14"><span class='ocrx_word' id='word_1_110' title='bbox 264 1147 366 1187; x_wconf 75' lang='lat' dir='ltr'>Obi,</span> <span class='ocrx_word' id='word_1_111' title='bbox 402 1159 445 1187; x_wconf 88' lang='lat'>2.</span> <span class='ocrx_word' id='word_1_112' title='bbox 514 1140 563 1187; x_wconf 82' lang='lat' dir='ltr'>Si</span> <span class='ocrx_word' id='word_1_113' title='bbox 599 1140 671 1187; x_wconf 91' lang='lat' dir='ltr'>ius</span> <span class='ocrx_word' id='word_1_114' title='bbox 707 1141 928 1187; x_wconf 88' lang='lat' dir='ltr'>naturale</span> <span class='ocrx_word' id='word_1_115' title='bbox 967 1148 1094 1187; x_wconf 91' lang='lat' dir='ltr'>esset</span> <span class='ocrx_word' id='word_1_116' title='bbox 1129 1155 1300 1186; x_wconf 88' lang='lat' dir='ltr'>verum</span> <span class='ocrx_word' id='word_1_117' title='bbox 1338 1141 1423 1198; x_wconf 87' lang='lat' dir='ltr'>ius,</span> <span class='ocrx_word' id='word_1_118' title='bbox 1466 1148 1670 1201; x_wconf 87' lang='lat' dir='ltr'>possent</span> <span class='ocrx_word' id='word_1_119' title='bbox 1705 1139 1893 1187; x_wconf 89' lang='lat' dir='ltr'>iudices</span> <span class='ocrx_word' id='word_1_120' title='bbox 1930 1139 2096 1187; x_wconf 89' lang='lat' dir='ltr'>civiles</span> 
     </span>
     <span class='ocr_line' id='line_1_14' title="bbox 183 1214 2095 1275; baseline 0.001 -15"><span class='ocrx_word' id='word_1_121' title='bbox 183 1214 398 1275; x_wconf 80' lang='lat' dir='ltr'>legitime</span> <span class='ocrx_word' id='word_1_122' title='bbox 435 1214 499 1261; x_wconf 90' lang='lat' dir='ltr'>ad</span> <span class='ocrx_word' id='word_1_123' title='bbox 535 1215 655 1262; x_wconf 90' lang='lat' dir='ltr'>illud</span> <span class='ocrx_word' id='word_1_124' title='bbox 692 1230 960 1262; x_wconf 91' lang='lat' dir='ltr'>recurrere.</span> <span class='ocrx_word' id='word_1_125' title='bbox 1015 1215 1169 1275; x_wconf 74' lang='lat' dir='ltr'>Atqui</span> <span class='ocrx_word' id='word_1_126' title='bbox 1199 1214 1370 1261; x_wconf 89' lang='lat' dir='ltr'>nullibi</span> <span class='ocrx_word' id='word_1_127' title='bbox 1396 1215 1493 1261; x_wconf 91' lang='lat' dir='ltr'>hoc</span> <span class='ocrx_word' id='word_1_128' title='bbox 1518 1214 1704 1261; x_wconf 87' lang='lat' dir='ltr'>licitum</span> <span class='ocrx_word' id='word_1_129' title='bbox 1731 1223 1816 1261; x_wconf 87' lang='lat' dir='ltr'>est.</span> <span class='ocrx_word' id='word_1_130' title='bbox 1864 1214 2003 1274; x_wconf 74' lang='lat' dir='ltr'>Ergo</span> <span class='ocrx_word' id='word_1_131' title='bbox 2023 1253 2031 1261; x_wconf 90' lang='lat'><strong>.</strong></span> <span class='ocrx_word' id='word_1_132' title='bbox 2055 1253 2062 1261; x_wconf 96' lang='lat'><em>.</em></span> <span class='ocrx_word' id='word_1_133' title='bbox 2087 1252 2095 1261; x_wconf 92' lang='lat'><em>.</em></span> 
     </span>
    </p>
   </div>
   <div class='ocr_carea' id='block_1_5' title="bbox 183 1296 2103 2260">
    <p class='ocr_par' dir='ltr' id='par_1_5' title="bbox 183 1296 2103 2260">
     <span class='ocr_line' id='line_1_15' title="bbox 261 1296 2099 1358; baseline -0.001 -14"><span class='ocrx_word' id='word_1_134' title='bbox 261 1306 411 1355; x_wconf 85' lang='lat' dir='ltr'>Resp.</span> <span class='ocrx_word' id='word_1_135' title='bbox 471 1298 603 1344; x_wconf 75' lang='lat' dir='ltr'>Dist.</span> <span class='ocrx_word' id='word_1_136' title='bbox 631 1299 740 1345; x_wconf 80' lang='lat' dir='ltr'>mai.</span> <span class='ocrx_word' id='word_1_137' title='bbox 760 1317 773 1344; x_wconf 93' lang='grc'>.·</span> <span class='ocrx_word' id='word_1_138' title='bbox 811 1297 860 1344; x_wconf 85' lang='lat' dir='ltr'>Si</span> <span class='ocrx_word' id='word_1_139' title='bbox 896 1296 968 1344; x_wconf 90' lang='lat' dir='ltr'>ius</span> <span class='ocrx_word' id='word_1_140' title='bbox 1003 1298 1226 1343; x_wconf 85' lang='lat' dir='ltr'>naturale</span> <span class='ocrx_word' id='word_1_141' title='bbox 1265 1305 1392 1343; x_wconf 91' lang='lat' dir='ltr'>esset</span> <span class='ocrx_word' id='word_1_142' title='bbox 1416 1311 1588 1343; x_wconf 85' lang='lat' dir='ltr'>verum</span> <span class='ocrx_word' id='word_1_143' title='bbox 1623 1297 1710 1355; x_wconf 83' lang='lat' dir='ltr'>ius,</span> <span class='ocrx_word' id='word_1_144' title='bbox 1748 1304 1916 1358; x_wconf 88' lang='lat' dir='ltr'>posset</span> <span class='ocrx_word' id='word_1_145' title='bbox 1951 1296 2099 1344; x_wconf 82' lang='lat' dir='ltr'>iudex</span> 
     </span>
     <span class='ocr_line' id='line_1_16' title="bbox 183 1371 2096 1433; baseline -0.001 -14"><span class='ocrx_word' id='word_1_146' title='bbox 183 1387 452 1433; x_wconf 81' lang='lat' dir='ltr'>supremus,</span> <span class='ocrx_word' id='word_1_147' title='bbox 492 1371 576 1433; x_wconf 82' lang='lat' dir='ltr'>qui</span> <span class='ocrx_word' id='word_1_148' title='bbox 613 1372 753 1418; x_wconf 88' lang='lat' dir='ltr'>simul</span> <span class='ocrx_word' id='word_1_149' title='bbox 791 1381 863 1419; x_wconf 87' lang='lat' dir='ltr'>est</span> <span class='ocrx_word' id='word_1_150' title='bbox 899 1372 1163 1433; x_wconf 88' lang='lat' dir='ltr'>legislator,</span> <span class='ocrx_word' id='word_1_151' title='bbox 1203 1386 1457 1418; x_wconf 87' lang='lat' dir='ltr'>recurrere</span> <span class='ocrx_word' id='word_1_152' title='bbox 1495 1371 1558 1417; x_wconf 90' lang='lat' dir='ltr'>ad</span> <span class='ocrx_word' id='word_1_153' title='bbox 1590 1372 1662 1418; x_wconf 86' lang='lat' dir='ltr'>ius</span> <span class='ocrx_word' id='word_1_154' title='bbox 1686 1372 1923 1430; x_wconf 86' lang='lat' dir='ltr'>naturale,</span> <span class='ocrx_word' id='word_1_155' title='bbox 1962 1386 2096 1428; x_wconf 62' lang='lat' dir='ltr'>conc„</span> 
     </span>
     <span class='ocr_line' id='line_1_17' title="bbox 183 1446 2100 1509; baseline 0.001 -16"><span class='ocrx_word' id='word_1_156' title='bbox 183 1447 370 1494; x_wconf 85' lang='lat' dir='ltr'>iudices</span> <span class='ocrx_word' id='word_1_157' title='bbox 409 1447 692 1505; x_wconf 79' lang='lat' dir='ltr'>inferiores,</span> <span class='ocrx_word' id='word_1_158' title='bbox 744 1447 828 1509; x_wconf 85' lang='lat' dir='ltr'>qui</span> <span class='ocrx_word' id='word_1_159' title='bbox 865 1463 924 1494; x_wconf 72' lang='lat' dir='ltr'>ex</span> <span class='ocrx_word' id='word_1_160' title='bbox 962 1456 1217 1494; x_wconf 89' lang='lat' dir='ltr'>contractu</span> <span class='ocrx_word' id='word_1_161' title='bbox 1256 1447 1537 1507; x_wconf 82' lang='lat' dir='ltr'>obligantur</span> <span class='ocrx_word' id='word_1_162' title='bbox 1573 1447 1637 1493; x_wconf 89' lang='lat' dir='ltr'>ad</span> <span class='ocrx_word' id='word_1_163' title='bbox 1672 1446 1992 1494; x_wconf 87' lang='lat' dir='ltr'>iudicandum</span> <span class='ocrx_word' id='word_1_164' title='bbox 2029 1462 2100 1494; x_wconf 92' lang='lat' dir='ltr'>se-</span> 
     </span>
     <span class='ocr_line' id='line_1_18' title="bbox 184 1521 2098 1584; baseline 0 -16"><span class='ocrx_word' id='word_1_165' title='bbox 184 1522 400 1569; x_wconf 89' lang='lat' dir='ltr'>cundum</span> <span class='ocrx_word' id='word_1_166' title='bbox 448 1524 582 1584; x_wconf 87' lang='lat' dir='ltr'>leges</span> <span class='ocrx_word' id='word_1_167' title='bbox 629 1523 887 1584; x_wconf 67' lang='lat' dir='ltr'>posstivas,</span> <span class='ocrx_word' id='word_1_168' title='bbox 937 1523 1160 1569; x_wconf 75' lang='lat' dir='ltr'>subdist.:</span> <span class='ocrx_word' id='word_1_169' title='bbox 1205 1522 1269 1569; x_wconf 91' lang='lat' dir='ltr'>ad</span> <span class='ocrx_word' id='word_1_170' title='bbox 1305 1521 1674 1569; x_wconf 88' lang='lat' dir='ltr'>diiudicandam</span> <span class='ocrx_word' id='word_1_171' title='bbox 1713 1521 1942 1568; x_wconf 87' lang='lat' dir='ltr'>iustitiam</span> <span class='ocrx_word' id='word_1_172' title='bbox 1977 1522 2098 1583; x_wconf 89' lang='lat' dir='ltr'>legis</span> 
     </span>
     <span class='ocr_line' id='line_1_19' title="bbox 184 1597 2098 1659; baseline -0.001 -15"><span class='ocrx_word' id='word_1_173' title='bbox 184 1597 435 1659; x_wconf 83' lang='lat' dir='ltr'>positivae,</span> <span class='ocrx_word' id='word_1_174' title='bbox 475 1614 609 1655; x_wconf 68' lang='lat' dir='ltr'>cena,</span> <span class='ocrx_word' id='word_1_175' title='bbox 647 1599 711 1645; x_wconf 90' lang='lat' dir='ltr'>ad</span> <span class='ocrx_word' id='word_1_176' title='bbox 749 1614 859 1645; x_wconf 92' lang='lat' dir='ltr'>eam</span> <span class='ocrx_word' id='word_1_177' title='bbox 892 1597 1398 1659; x_wconf 86' lang='lat' dir='ltr'>praetermittendam,</span> <span class='ocrx_word' id='word_1_178' title='bbox 1437 1597 1691 1658; x_wconf 88' lang='lat' dir='ltr'>supposito</span> <span class='ocrx_word' id='word_1_179' title='bbox 1719 1597 1854 1657; x_wconf 84' lang='lat' dir='ltr'>quod</span> <span class='ocrx_word' id='word_1_180' title='bbox 1881 1597 2098 1644; x_wconf 85' lang='lat' dir='ltr'>officium</span> 
     </span>
     <span class='ocr_line' id='line_1_20' title="bbox 183 1672 2100 1733; baseline 0.001 -15"><span class='ocrx_word' id='word_1_181' title='bbox 183 1673 357 1720; x_wconf 89' lang='lat' dir='ltr'>iudicis</span> <span class='ocrx_word' id='word_1_182' title='bbox 395 1688 626 1720; x_wconf 83' lang='lat' dir='ltr'>exercere</span> <span class='ocrx_word' id='word_1_183' title='bbox 663 1674 837 1731; x_wconf 86' lang='lat' dir='ltr'>velint,</span> <span class='ocrx_word' id='word_1_184' title='bbox 889 1689 1017 1733; x_wconf 68' lang='lat' dir='ltr'>nege.</span> <span class='ocrx_word' id='word_1_185' title='bbox 1089 1672 1252 1719; x_wconf 89' lang='lat' dir='ltr'>Etiam</span> <span class='ocrx_word' id='word_1_186' title='bbox 1289 1672 1476 1719; x_wconf 88' lang='lat' dir='ltr'>iudices</span> <span class='ocrx_word' id='word_1_187' title='bbox 1512 1672 1770 1719; x_wconf 88' lang='lat' dir='ltr'>inferiores</span> <span class='ocrx_word' id='word_1_188' title='bbox 1807 1672 1994 1719; x_wconf 88' lang='lat' dir='ltr'>debent</span> <span class='ocrx_word' id='word_1_189' title='bbox 2029 1687 2100 1719; x_wconf 90' lang='lat' dir='ltr'>re-</span> 
     </span>
     <span class='ocr_line' id='line_1_21' title="bbox 185 1747 2095 1810; baseline 0 -16"><span class='ocrx_word' id='word_1_190' title='bbox 185 1749 376 1810; x_wconf 89' lang='lat' dir='ltr'>spicere</span> <span class='ocrx_word' id='word_1_191' title='bbox 425 1749 489 1796; x_wconf 91' lang='lat' dir='ltr'>ad</span> <span class='ocrx_word' id='word_1_192' title='bbox 534 1749 606 1796; x_wconf 90' lang='lat' dir='ltr'>ius</span> <span class='ocrx_word' id='word_1_193' title='bbox 653 1751 876 1795; x_wconf 89' lang='lat' dir='ltr'>naturale</span> <span class='ocrx_word' id='word_1_194' title='bbox 914 1749 977 1795; x_wconf 86' lang='lat' dir='ltr'>ad</span> <span class='ocrx_word' id='word_1_195' title='bbox 1014 1747 1384 1795; x_wconf 87' lang='lat' dir='ltr'>diiudicandam</span> <span class='ocrx_word' id='word_1_196' title='bbox 1420 1747 1650 1794; x_wconf 89' lang='lat' dir='ltr'>iustitiam</span> <span class='ocrx_word' id='word_1_197' title='bbox 1686 1747 1806 1808; x_wconf 89' lang='lat' dir='ltr'>legis</span> <span class='ocrx_word' id='word_1_198' title='bbox 1843 1747 2095 1808; x_wconf 87' lang='lat' dir='ltr'>positivae.</span> 
     </span>
     <span class='ocr_line' id='line_1_22' title="bbox 186 1822 2102 1885; baseline -0.001 -16"><span class='ocrx_word' id='word_1_199' title='bbox 186 1823 236 1869; x_wconf 86' lang='lat' dir='ltr'>Si</span> <span class='ocrx_word' id='word_1_200' title='bbox 282 1824 446 1884; x_wconf 83' lang='lat' dir='ltr'>legem</span> <span class='ocrx_word' id='word_1_201' title='bbox 492 1823 753 1885; x_wconf 84' lang='lat' dir='ltr'>positivam</span> <span class='ocrx_word' id='word_1_202' title='bbox 799 1823 891 1870; x_wconf 89' lang='lat' dir='ltr'>iuri</span> <span class='ocrx_word' id='word_1_203' title='bbox 938 1823 1146 1869; x_wconf 86' lang='lat' dir='ltr'>naturali</span> <span class='ocrx_word' id='word_1_204' title='bbox 1194 1823 1452 1870; x_wconf 88' lang='lat' dir='ltr'>manifeste</span> <span class='ocrx_word' id='word_1_205' title='bbox 1502 1822 1846 1869; x_wconf 86' lang='lat' dir='ltr'>contradicere</span> <span class='ocrx_word' id='word_1_206' title='bbox 1883 1822 2102 1869; x_wconf 87' lang='lat' dir='ltr'>animad-</span> 
     </span>
     <span class='ocr_line' id='line_1_23' title="bbox 185 1897 2103 1958; baseline -0.001 -14"><span class='ocrx_word' id='word_1_207' title='bbox 185 1907 404 1957; x_wconf 86' lang='lat' dir='ltr'>vertunt,</span> <span class='ocrx_word' id='word_1_208' title='bbox 455 1898 641 1946; x_wconf 87' lang='lat' dir='ltr'>debent</span> <span class='ocrx_word' id='word_1_209' title='bbox 677 1914 852 1946; x_wconf 88' lang='lat' dir='ltr'>munus</span> <span class='ocrx_word' id='word_1_210' title='bbox 890 1898 1064 1946; x_wconf 89' lang='lat' dir='ltr'>iudicis</span> <span class='ocrx_word' id='word_1_211' title='bbox 1100 1913 1343 1945; x_wconf 88' lang='lat' dir='ltr'>recusare.</span> <span class='ocrx_word' id='word_1_212' title='bbox 1415 1897 1583 1944; x_wconf 88' lang='lat' dir='ltr'>Posito</span> <span class='ocrx_word' id='word_1_213' title='bbox 1620 1906 1811 1956; x_wconf 85' lang='lat' dir='ltr'>autem,</span> <span class='ocrx_word' id='word_1_214' title='bbox 1854 1897 1990 1958; x_wconf 84' lang='lat' dir='ltr'>quod</span> <span class='ocrx_word' id='word_1_215' title='bbox 2024 1911 2103 1943; x_wconf 90' lang='lat' dir='ltr'>ve-</span> 
     </span>
     <span class='ocr_line' id='line_1_24' title="bbox 186 1971 2100 2034; baseline -0.001 -15"><span class='ocrx_word' id='word_1_216' title='bbox 186 1974 275 2020; x_wconf 87' lang='lat' dir='ltr'>lint</span> <span class='ocrx_word' id='word_1_217' title='bbox 311 1974 477 2020; x_wconf 89' lang='lat' dir='ltr'>officio</span> <span class='ocrx_word' id='word_1_218' title='bbox 513 1973 686 2021; x_wconf 91' lang='lat' dir='ltr'>iudicis</span> <span class='ocrx_word' id='word_1_219' title='bbox 723 1973 874 2034; x_wconf 85' lang='lat' dir='ltr'>fungi,</span> <span class='ocrx_word' id='word_1_220' title='bbox 914 1974 1101 2022; x_wconf 86' lang='lat' dir='ltr'>debent</span> <span class='ocrx_word' id='word_1_221' title='bbox 1137 1972 1355 2019; x_wconf 87' lang='lat' dir='ltr'>iudicare</span> <span class='ocrx_word' id='word_1_222' title='bbox 1394 1972 1666 2019; x_wconf 88' lang='lat' dir='ltr'>secundum</span> <span class='ocrx_word' id='word_1_223' title='bbox 1692 1972 1828 2033; x_wconf 89' lang='lat' dir='ltr'>leges</span> <span class='ocrx_word' id='word_1_224' title='bbox 1853 1971 2100 2033; x_wconf 86' lang='lat' dir='ltr'>positivas.</span> 
     </span>
     <span class='ocr_line' id='line_1_25' title="bbox 187 2046 2102 2109; baseline -0.002 -14"><span class='ocrx_word' id='word_1_225' title='bbox 187 2049 421 2096; x_wconf 89' lang='lat' dir='ltr'>Ceterum</span> <span class='ocrx_word' id='word_1_226' title='bbox 458 2049 545 2096; x_wconf 87' lang='lat' dir='ltr'>etsi</span> <span class='ocrx_word' id='word_1_227' title='bbox 582 2048 770 2095; x_wconf 90' lang='lat' dir='ltr'>iudices</span> <span class='ocrx_word' id='word_1_228' title='bbox 806 2048 1065 2095; x_wconf 87' lang='lat' dir='ltr'>inferiores</span> <span class='ocrx_word' id='word_1_229' title='bbox 1100 2063 1205 2094; x_wconf 92' lang='lat' dir='ltr'>non</span> <span class='ocrx_word' id='word_1_230' title='bbox 1238 2047 1427 2109; x_wconf 89' lang='lat' dir='ltr'>possint</span> <span class='ocrx_word' id='word_1_231' title='bbox 1453 2055 1628 2094; x_wconf 85' lang='lat' dir='ltr'>contra</span> <span class='ocrx_word' id='word_1_232' title='bbox 1651 2048 1814 2107; x_wconf 88' lang='lat' dir='ltr'>legem</span> <span class='ocrx_word' id='word_1_233' title='bbox 1841 2046 2102 2107; x_wconf 89' lang='lat' dir='ltr'>positivam</span> 
     </span>
     <span class='ocr_line' id='line_1_26' title="bbox 186 2121 2102 2183; baseline -0.002 -13"><span class='ocrx_word' id='word_1_234' title='bbox 186 2139 440 2171; x_wconf 88' lang='lat' dir='ltr'>recurrere</span> <span class='ocrx_word' id='word_1_235' title='bbox 488 2125 552 2171; x_wconf 87' lang='lat' dir='ltr'>ad</span> <span class='ocrx_word' id='word_1_236' title='bbox 600 2124 671 2171; x_wconf 87' lang='lat' dir='ltr'>ius</span> <span class='ocrx_word' id='word_1_237' title='bbox 719 2125 965 2182; x_wconf 86' lang='lat' dir='ltr'>naturale,</span> <span class='ocrx_word' id='word_1_238' title='bbox 1016 2123 1133 2170; x_wconf 86' lang='lat' dir='ltr'>inde</span> <span class='ocrx_word' id='word_1_239' title='bbox 1181 2139 1285 2169; x_wconf 89' lang='lat' dir='ltr'>non</span> <span class='ocrx_word' id='word_1_240' title='bbox 1333 2122 1551 2183; x_wconf 81' lang='lat' dir='ltr'>sequitur</span> <span class='ocrx_word' id='word_1_241' title='bbox 1590 2121 1663 2167; x_wconf 88' lang='lat' dir='ltr'>ius</span> <span class='ocrx_word' id='word_1_242' title='bbox 1699 2121 1963 2183; x_wconf 87' lang='lat' dir='ltr'>positivum</span> <span class='ocrx_word' id='word_1_243' title='bbox 1998 2136 2102 2167; x_wconf 91' lang='lat' dir='ltr'>non</span> 
     </span>
     <span class='ocr_line' id='line_1_27' title="bbox 187 2196 1895 2260; baseline -0.001 -14"><span class='ocrx_word' id='word_1_244' title='bbox 187 2214 467 2260; x_wconf 88' lang='lat' dir='ltr'>supponere</span> <span class='ocrx_word' id='word_1_245' title='bbox 504 2198 575 2245; x_wconf 88' lang='lat' dir='ltr'>ius</span> <span class='ocrx_word' id='word_1_246' title='bbox 612 2199 833 2246; x_wconf 90' lang='lat' dir='ltr'>naturale</span> <span class='ocrx_word' id='word_1_247' title='bbox 869 2207 920 2245; x_wconf 95' lang='lat' dir='ltr'>ut</span> <span class='ocrx_word' id='word_1_248' title='bbox 957 2214 1096 2244; x_wconf 89' lang='lat' dir='ltr'>suum</span> <span class='ocrx_word' id='word_1_249' title='bbox 1131 2196 1467 2244; x_wconf 86' lang='lat' dir='ltr'>necessarium</span> <span class='ocrx_word' id='word_1_250' title='bbox 1503 2196 1895 2244; x_wconf 88' lang='lat' dir='ltr'>fundamentum.</span> 
     </span>
    </p>
   </div>
   <div class='ocr_carea' id='block_1_6' title="bbox 188 2277 2104 2492">
    <p class='ocr_par' dir='ltr' id='par_1_6' title="bbox 188 2277 2104 2492">
     <span class='ocr_line' id='line_1_28' title="bbox 270 2277 2102 2338; baseline -0.002 -11"><span class='ocrx_word' id='word_1_251' title='bbox 270 2288 373 2328; x_wconf 81' lang='lat' dir='ltr'>Obi.</span> <span class='ocrx_word' id='word_1_252' title='bbox 404 2300 447 2338; x_wconf 86' lang='lat'>3·</span> <span class='ocrx_word' id='word_1_253' title='bbox 524 2281 648 2327; x_wconf 86' lang='lat' dir='ltr'>Iuris</span> <span class='ocrx_word' id='word_1_254' title='bbox 699 2281 808 2327; x_wconf 87' lang='lat' dir='ltr'>finis</span> <span class='ocrx_word' id='word_1_255' title='bbox 860 2289 931 2327; x_wconf 88' lang='lat' dir='ltr'>est</span> <span class='ocrx_word' id='word_1_256' title='bbox 982 2279 1214 2326; x_wconf 89' lang='lat' dir='ltr'>ordinare</span> <span class='ocrx_word' id='word_1_257' title='bbox 1262 2278 1528 2326; x_wconf 86' lang='lat' dir='ltr'>relationes</span> <span class='ocrx_word' id='word_1_258' title='bbox 1575 2277 1832 2324; x_wconf 89' lang='lat' dir='ltr'>hominum</span> <span class='ocrx_word' id='word_1_259' title='bbox 1880 2277 2102 2324; x_wconf 89' lang='lat' dir='ltr'>sociales.</span> 
     </span>
     <span class='ocr_line' id='line_1_29' title="bbox 188 2352 2104 2417; baseline -0.002 -16"><span class='ocrx_word' id='word_1_260' title='bbox 188 2355 341 2416; x_wconf 77' lang='lat' dir='ltr'>Az‘qm‘</span> <span class='ocrx_word' id='word_1_261' title='bbox 384 2355 510 2403; x_wconf 89' lang='lat' dir='ltr'>haec</span> <span class='ocrx_word' id='word_1_262' title='bbox 559 2355 804 2402; x_wconf 87' lang='lat' dir='ltr'>ordinatio</span> <span class='ocrx_word' id='word_1_263' title='bbox 852 2354 1082 2417; x_wconf 90' lang='lat' dir='ltr'>procedit</span> <span class='ocrx_word' id='word_1_264' title='bbox 1129 2355 1191 2400; x_wconf 81' lang='lat' dir='ltr'>ab</span> <span class='ocrx_word' id='word_1_265' title='bbox 1240 2352 1529 2400; x_wconf 85' lang='lat' dir='ltr'>auctoritate</span> <span class='ocrx_word' id='word_1_266' title='bbox 1567 2352 1709 2399; x_wconf 87' lang='lat' dir='ltr'>civili.</span> <span class='ocrx_word' id='word_1_267' title='bbox 1781 2352 1920 2412; x_wconf 76' lang='lat' dir='ltr'>Ergo</span> <span class='ocrx_word' id='word_1_268' title='bbox 1957 2352 2104 2399; x_wconf 87' lang='lat' dir='ltr'>etiam</span> 
     </span>
     <span class='ocr_line' id='line_1_30' title="bbox 189 2430 852 2492; baseline -0.002 -15"><span class='ocrx_word' id='word_1_269' title='bbox 189 2430 260 2477; x_wconf 89' lang='lat' dir='ltr'>ius</span> <span class='ocrx_word' id='word_1_270' title='bbox 298 2432 360 2477; x_wconf 86' lang='lat' dir='ltr'>ab</span> <span class='ocrx_word' id='word_1_271' title='bbox 398 2431 574 2478; x_wconf 89' lang='lat' dir='ltr'>eadem</span> <span class='ocrx_word' id='word_1_272' title='bbox 611 2430 852 2492; x_wconf 89' lang='lat' dir='ltr'>procedit.</span> 
     </span>
    </p>
   </div>
   <div class='ocr_carea' id='block_1_7' title="bbox 190 2508 2108 3098">
    <p class='ocr_par' dir='ltr' id='par_1_7' title="bbox 190 2508 2108 3098">
     <span class='ocr_line' id='line_1_31' title="bbox 267 2508 2103 2571; baseline -0.002 -13"><span class='ocrx_word' id='word_1_273' title='bbox 267 2522 417 2571; x_wconf 82' lang='lat' dir='ltr'>Resp.</span> <span class='ocrx_word' id='word_1_274' title='bbox 485 2514 615 2560; x_wconf 74' lang='lat' dir='ltr'>Disf.</span> <span class='ocrx_word' id='word_1_275' title='bbox 666 2513 808 2559; x_wconf 57' lang='lat' dir='ltr'>mall:</span> <span class='ocrx_word' id='word_1_276' title='bbox 853 2512 977 2558; x_wconf 88' lang='lat' dir='ltr'>Iuris</span> <span class='ocrx_word' id='word_1_277' title='bbox 1022 2510 1132 2558; x_wconf 90' lang='lat' dir='ltr'>finis</span> <span class='ocrx_word' id='word_1_278' title='bbox 1181 2518 1253 2557; x_wconf 90' lang='lat' dir='ltr'>est</span> <span class='ocrx_word' id='word_1_279' title='bbox 1300 2510 1533 2557; x_wconf 87' lang='lat' dir='ltr'>ordinare</span> <span class='ocrx_word' id='word_1_280' title='bbox 1580 2509 1847 2556; x_wconf 89' lang='lat' dir='ltr'>relationes</span> <span class='ocrx_word' id='word_1_281' title='bbox 1895 2508 2103 2556; x_wconf 88' lang='lat' dir='ltr'>sociales</span> 
     </span>
     <span class='ocr_line' id='line_1_32' title="bbox 190 2580 2104 2646; baseline -0.002 -12"><span class='ocrx_word' id='word_1_282' title='bbox 190 2597 292 2634; x_wconf 91' lang='lat' dir='ltr'>tum</span> <span class='ocrx_word' id='word_1_283' title='bbox 327 2587 455 2634; x_wconf 90' lang='lat' dir='ltr'>intra</span> <span class='ocrx_word' id='word_1_284' title='bbox 490 2596 591 2634; x_wconf 86' lang='lat' dir='ltr'>tum</span> <span class='ocrx_word' id='word_1_285' title='bbox 630 2596 765 2634; x_wconf 78' lang='lat' dir='ltr'>extra</span> <span class='ocrx_word' id='word_1_286' title='bbox 802 2586 1089 2634; x_wconf 87' lang='lat' dir='ltr'>societatem</span> <span class='ocrx_word' id='word_1_287' title='bbox 1127 2586 1322 2633; x_wconf 85' lang='lat' dir='ltr'>civilem</span> <span class='ocrx_word' id='word_1_288' title='bbox 1361 2580 1420 2646; x_wconf 80' lang='lat' dir='ltr'>(v.</span> <span class='ocrx_word' id='word_1_289' title='bbox 1460 2601 1505 2646; x_wconf 90' lang='lat' dir='ltr'>g.</span> <span class='ocrx_word' id='word_1_290' title='bbox 1545 2584 1802 2641; x_wconf 89' lang='lat' dir='ltr'>familiam,</span> <span class='ocrx_word' id='word_1_291' title='bbox 1842 2583 2104 2631; x_wconf 89' lang='lat' dir='ltr'>relationes</span> 
     </span>
     <span class='ocr_line' id='line_1_33' title="bbox 190 2658 2107 2721; baseline -0.003 -12"><span class='ocrx_word' id='word_1_292' title='bbox 190 2662 396 2710; x_wconf 89' lang='lat' dir='ltr'>sociales</span> <span class='ocrx_word' id='word_1_293' title='bbox 443 2662 569 2709; x_wconf 88' lang='lat' dir='ltr'>inter</span> <span class='ocrx_word' id='word_1_294' title='bbox 617 2662 871 2709; x_wconf 87' lang='lat' dir='ltr'>individua</span> <span class='ocrx_word' id='word_1_295' title='bbox 919 2658 1047 2721; x_wconf 73' lang='lat' dir='ltr'>etc),</span> <span class='ocrx_word' id='word_1_296' title='bbox 1098 2676 1244 2716; x_wconf 58' lang='lat' dir='ltr'>conc„</span> <span class='ocrx_word' id='word_1_297' title='bbox 1296 2661 1451 2706; x_wconf 90' lang='lat' dir='ltr'>solum</span> <span class='ocrx_word' id='word_1_298' title='bbox 1502 2659 1766 2706; x_wconf 90' lang='lat' dir='ltr'>relationes</span> <span class='ocrx_word' id='word_1_299' title='bbox 1814 2658 2020 2705; x_wconf 90' lang='lat' dir='ltr'>sociales</span> <span class='ocrx_word' id='word_1_300' title='bbox 2055 2658 2107 2704; x_wconf 91' lang='lat' dir='ltr'>in</span> 
     </span>
     <span class='ocr_line' id='line_1_34' title="bbox 194 2728 2108 2796; baseline -0.003 -12"><span class='ocrx_word' id='word_1_301' title='bbox 194 2737 427 2785; x_wconf 86' lang='lat' dir='ltr'>societate</span> <span class='ocrx_word' id='word_1_302' title='bbox 466 2737 608 2795; x_wconf 85' lang='lat' dir='ltr'>civili,</span> <span class='ocrx_word' id='word_1_303' title='bbox 649 2753 776 2796; x_wconf 70' lang='lat' dir='ltr'>nego.</span> <span class='ocrx_word' id='word_1_304' title='bbox 829 2737 962 2782; x_wconf 79' lang='lat' dir='ltr'>Dz&#39;st.</span> <span class='ocrx_word' id='word_1_305' title='bbox 990 2737 1133 2782; x_wconf 58' lang='lat' dir='ltr'>min:</span> <span class='ocrx_word' id='word_1_306' title='bbox 1171 2737 1315 2782; x_wconf 89' lang='lat' dir='ltr'>Haec</span> <span class='ocrx_word' id='word_1_307' title='bbox 1352 2728 1605 2781; x_wconf 86' lang='lat' dir='ltr'>ordinatio</span> <span class='ocrx_word' id='word_1_308' title='bbox 1637 2733 1865 2795; x_wconf 91' lang='lat' dir='ltr'>procedit</span> <span class='ocrx_word' id='word_1_309' title='bbox 1900 2734 1963 2780; x_wconf 86' lang='lat' dir='ltr'>ab</span> <span class='ocrx_word' id='word_1_310' title='bbox 1999 2749 2108 2779; x_wconf 89' lang='lat' dir='ltr'>auc-</span> 
     </span>
     <span class='ocr_line' id='line_1_35' title="bbox 191 2807 2107 2872; baseline -0.003 -13"><span class='ocrx_word' id='word_1_311' title='bbox 191 2811 385 2859; x_wconf 88' lang='lat' dir='ltr'>toritate</span> <span class='ocrx_word' id='word_1_312' title='bbox 429 2811 559 2858; x_wconf 82' lang='lat' dir='ltr'>civili</span> <span class='ocrx_word' id='word_1_313' title='bbox 595 2811 763 2872; x_wconf 84' lang='lat' dir='ltr'>quoad</span> <span class='ocrx_word' id='word_1_314' title='bbox 802 2825 974 2857; x_wconf 90' lang='lat' dir='ltr'>omnes</span> <span class='ocrx_word' id='word_1_315' title='bbox 1010 2809 1274 2857; x_wconf 87' lang='lat' dir='ltr'>relationes</span> <span class='ocrx_word' id='word_1_316' title='bbox 1310 2808 1543 2866; x_wconf 89' lang='lat' dir='ltr'>sociales,</span> <span class='ocrx_word' id='word_1_317' title='bbox 1594 2823 1735 2867; x_wconf 66' lang='lat' dir='ltr'>nego,</span> <span class='ocrx_word' id='word_1_318' title='bbox 1785 2807 1952 2868; x_wconf 86' lang='lat' dir='ltr'>quoad</span> <span class='ocrx_word' id='word_1_319' title='bbox 1988 2807 2107 2854; x_wconf 86' lang='lat' dir='ltr'>rela-</span> 
     </span>
     <span class='ocr_line' id='line_1_36' title="bbox 191 2882 2106 2945; baseline -0.002 -12"><span class='ocrx_word' id='word_1_320' title='bbox 191 2888 352 2933; x_wconf 90' lang='lat' dir='ltr'>tiones</span> <span class='ocrx_word' id='word_1_321' title='bbox 400 2886 606 2933; x_wconf 92' lang='lat' dir='ltr'>sociales</span> <span class='ocrx_word' id='word_1_322' title='bbox 653 2886 704 2932; x_wconf 90' lang='lat' dir='ltr'>in</span> <span class='ocrx_word' id='word_1_323' title='bbox 754 2885 974 2943; x_wconf 79' lang='lat' dir='ltr'>civitate,</span> <span class='ocrx_word' id='word_1_324' title='bbox 1021 2885 1243 2931; x_wconf 78' lang='lat' dir='ltr'>subdist.:</span> <span class='ocrx_word' id='word_1_325' title='bbox 1291 2892 1530 2945; x_wconf 85' lang='lat' dir='ltr'>quatenus</span> <span class='ocrx_word' id='word_1_326' title='bbox 1579 2883 1729 2930; x_wconf 88' lang='lat' dir='ltr'>debet</span> <span class='ocrx_word' id='word_1_327' title='bbox 1774 2883 1846 2929; x_wconf 88' lang='lat' dir='ltr'>ius</span> <span class='ocrx_word' id='word_1_328' title='bbox 1885 2882 2106 2929; x_wconf 88' lang='lat' dir='ltr'>naturale</span> 
     </span>
     <span class='ocr_line' id='line_1_37' title="bbox 193 2955 2107 3023; baseline -0.003 -15"><span class='ocrx_word' id='word_1_329' title='bbox 193 2962 443 3023; x_wconf 89' lang='lat' dir='ltr'>applicare</span> <span class='ocrx_word' id='word_1_330' title='bbox 482 2969 530 3008; x_wconf 95' lang='lat' dir='ltr'>et</span> <span class='ocrx_word' id='word_1_331' title='bbox 565 2960 911 3018; x_wconf 83' lang='lat' dir='ltr'>determinare,</span> <span class='ocrx_word' id='word_1_332' title='bbox 950 2975 1087 3016; x_wconf 61' lang='lat' dir='ltr'><em>conc„</em></span> <span class='ocrx_word' id='word_1_333' title='bbox 1139 2968 1380 3020; x_wconf 85' lang='lat' dir='ltr'>quatenus</span> <span class='ocrx_word' id='word_1_334' title='bbox 1416 2966 1570 3005; x_wconf 88' lang='lat' dir='ltr'>totum</span> <span class='ocrx_word' id='word_1_335' title='bbox 1608 2957 1837 3005; x_wconf 87' lang='lat' dir='ltr'>ordinem</span> <span class='ocrx_word' id='word_1_336' title='bbox 1873 2955 2107 3004; x_wconf 89' lang='lat' dir='ltr'>socialem</span> 
     </span>
     <span class='ocr_line' id='line_1_38' title="bbox 192 3035 980 3098; baseline -0.003 -16"><span class='ocrx_word' id='word_1_337' title='bbox 192 3037 404 3098; x_wconf 89' lang='lat' dir='ltr'>primum</span> <span class='ocrx_word' id='word_1_338' title='bbox 442 3051 612 3083; x_wconf 89' lang='lat' dir='ltr'>creare</span> <span class='ocrx_word' id='word_1_339' title='bbox 650 3035 813 3092; x_wconf 86' lang='lat' dir='ltr'>debet,</span> <span class='ocrx_word' id='word_1_340' title='bbox 853 3050 980 3093; x_wconf 68' lang='lat' dir='ltr'>nego.</span> 
     </span>
    </p>
   </div>
   <div class='ocr_carea' id='block_1_8' title="bbox 193 3112 2110 3402">
    <p class='ocr_par' dir='ltr' id='par_1_8' title="bbox 193 3112 2106 3250">
     <span class='ocr_line' id='line_1_39' title="bbox 274 3112 2106 3175; baseline -0.003 -11"><span class='ocrx_word' id='word_1_341' title='bbox 274 3125 376 3165; x_wconf 84' lang='lat' dir='ltr'>Obi.</span> <span class='ocrx_word' id='word_1_342' title='bbox 410 3138 453 3175; x_wconf 90' lang='lat'>4.</span> <span class='ocrx_word' id='word_1_343' title='bbox 520 3119 599 3164; x_wconf 90' lang='lat' dir='ltr'>Ius</span> <span class='ocrx_word' id='word_1_344' title='bbox 637 3126 708 3164; x_wconf 88' lang='lat' dir='ltr'>est</span> <span class='ocrx_word' id='word_1_345' title='bbox 744 3116 1035 3163; x_wconf 85' lang='lat' dir='ltr'>coactivum.</span> <span class='ocrx_word' id='word_1_346' title='bbox 1108 3115 1261 3175; x_wconf 74' lang='lat' dir='ltr'>Atqui</span> <span class='ocrx_word' id='word_1_347' title='bbox 1305 3115 1375 3162; x_wconf 92' lang='lat' dir='ltr'>ius</span> <span class='ocrx_word' id='word_1_348' title='bbox 1414 3123 1550 3162; x_wconf 82' lang='lat' dir='ltr'>extra</span> <span class='ocrx_word' id='word_1_349' title='bbox 1586 3113 1874 3161; x_wconf 87' lang='lat' dir='ltr'>societatem</span> <span class='ocrx_word' id='word_1_350' title='bbox 1912 3112 2106 3159; x_wconf 89' lang='lat' dir='ltr'>civilem</span> 
     </span>
     <span class='ocr_line' id='line_1_40' title="bbox 193 3187 2038 3250; baseline -0.003 -11"><span class='ocrx_word' id='word_1_351' title='bbox 193 3208 297 3239; x_wconf 91' lang='lat' dir='ltr'>non</span> <span class='ocrx_word' id='word_1_352' title='bbox 333 3201 404 3239; x_wconf 87' lang='lat' dir='ltr'>est</span> <span class='ocrx_word' id='word_1_353' title='bbox 440 3192 730 3239; x_wconf 87' lang='lat' dir='ltr'>coactivum.</span> <span class='ocrx_word' id='word_1_354' title='bbox 802 3191 941 3250; x_wconf 68' lang='lat' dir='ltr'>Ergo</span> <span class='ocrx_word' id='word_1_355' title='bbox 975 3205 1079 3236; x_wconf 91' lang='lat' dir='ltr'>non</span> <span class='ocrx_word' id='word_1_356' title='bbox 1117 3189 1300 3236; x_wconf 82' lang='lat' dir='ltr'>exsistit</span> <span class='ocrx_word' id='word_1_357' title='bbox 1337 3198 1471 3236; x_wconf 83' lang='lat' dir='ltr'>extra</span> <span class='ocrx_word' id='word_1_358' title='bbox 1507 3188 1795 3236; x_wconf 90' lang='lat' dir='ltr'>societatem</span> <span class='ocrx_word' id='word_1_359' title='bbox 1830 3187 2038 3235; x_wconf 88' lang='lat' dir='ltr'>civilem.</span> 
     </span>
    </p>

    <p class='ocr_par' dir='ltr' id='par_1_9' title="bbox 195 3262 2110 3402">
     <span class='ocr_line' id='line_1_41' title="bbox 273 3262 2110 3324; baseline -0.003 -11"><span class='ocrx_word' id='word_1_360' title='bbox 273 3276 424 3324; x_wconf 82' lang='lat' dir='ltr'>Resp.</span> <span class='ocrx_word' id='word_1_361' title='bbox 502 3267 636 3312; x_wconf 72' lang='lat' dir='ltr'>Dist.</span> <span class='ocrx_word' id='word_1_362' title='bbox 673 3266 818 3312; x_wconf 82' lang='lat' dir='ltr'>maz&#39;..·</span> <span class='ocrx_word' id='word_1_363' title='bbox 865 3263 1165 3312; x_wconf 85' lang='lat' dir='ltr'>Coactivitas</span> <span class='ocrx_word' id='word_1_364' title='bbox 1203 3272 1274 3311; x_wconf 89' lang='lat' dir='ltr'>est</span> <span class='ocrx_word' id='word_1_365' title='bbox 1310 3263 1372 3310; x_wconf 93' lang='lat' dir='ltr'>de</span> <span class='ocrx_word' id='word_1_366' title='bbox 1411 3263 1622 3310; x_wconf 88' lang='lat' dir='ltr'>essentia</span> <span class='ocrx_word' id='word_1_367' title='bbox 1658 3262 1798 3321; x_wconf 80' lang='lat' dir='ltr'>iuris,</span> <span class='ocrx_word' id='word_1_368' title='bbox 1846 3277 1987 3322; x_wconf 73' lang='lat' dir='ltr'>nego,</span> <span class='ocrx_word' id='word_1_369' title='bbox 2037 3268 2110 3308; x_wconf 85' lang='lat' dir='ltr'>est</span> 
     </span>
     <span class='ocr_line' id='line_1_42' title="bbox 195 3334 2109 3402; baseline -0.004 -14"><span class='ocrx_word' id='word_1_370' title='bbox 195 3340 466 3401; x_wconf 83' lang='lat' dir='ltr'>generatim</span> <span class='ocrx_word' id='word_1_371' title='bbox 493 3340 771 3402; x_wconf 89' lang='lat' dir='ltr'>proprietas</span> <span class='ocrx_word' id='word_1_372' title='bbox 796 3338 925 3396; x_wconf 87' lang='lat' dir='ltr'>iuris,</span> <span class='ocrx_word' id='word_1_373' title='bbox 953 3338 1141 3385; x_wconf 77' lang='lat' dir='ltr'>subdist.</span> <span class='ocrx_word' id='word_1_374' title='bbox 1161 3355 1174 3383; x_wconf 95' lang='lat'>.·</span> <span class='ocrx_word' id='word_1_375' title='bbox 1197 3337 1400 3385; x_wconf 88' lang='lat' dir='ltr'>nomine</span> <span class='ocrx_word' id='word_1_376' title='bbox 1427 3336 1750 3384; x_wconf 89' lang='lat' dir='ltr'>coactivitatis</span> <span class='ocrx_word' id='word_1_377' title='bbox 1775 3334 2109 3397; x_wconf 87' lang='lat' dir='ltr'>intellegendo</span> 
     </span>
    </p>
   </div>
  </div>
 </body>
</html>
