2182 3682
227 196 332 248 270
630 195 741 223 PARS
776 195 823 225 ΙΙ.
877 195 1189 224 PHILOSOPHIA
1223 194 1426 223 MORALIS
1462 195 1710 224 SPECIALIS.

224 331 498 396 acquirere
540 347 648 380 non
688 339 870 395 potest
911 331 1007 380 nisi
1048 331 1262 397 praevia
1301 330 1657 396 inquisitione.
1720 331 1959 382 Debebit
1998 349 2127 398 ergo

223 411 493 478 quaelibet
533 412 754 473 familia,
779 436 782 439 >
810 430 948 478 quae
988 412 1089 462 sibi
1127 413 1407 462 videantur
1447 414 1769 475 necessaria,
1814 413 2129 464 officialibus

221 494 582 556 manifestare,
647 502 704 544 ut
760 494 882 544 dein
939 494 1176 544 collectis
1233 495 1468 560 undique
1525 494 1759 545 elenchis
1815 513 1987 546 rerum
2042 513 2128 546 ne-

222 577 565 626 cessariarum
615 578 667 626 in
719 577 989 626 communi
1043 576 1223 642 aliquo
1280 577 1444 626 totius
1499 577 1768 627 societatis
1820 578 2046 629 concilio
2099 595 2130 628 a
2173 626 2182 638 K

222 659 342 709 viris
399 659 620 709 delectis
676 676 886 708 summa
945 676 1119 708 rerum
1179 659 1632 724 procreandarum
1687 668 1933 710 accurate
1988 677 2129 710 com-

221 750 450 807 putetur.
533 739 697 805 Quod
751 749 893 790 certe
945 741 1222 805 negotium
1273 741 1684 791 innumerabiles
1724 743 2038 809 scriptiones
2079 751 2131 792 et

221 825 489 889 integrum
531 823 826 873 exercitum
867 823 1160 873 scribarum
1202 825 1502 890 requireret.
2104 885 2107 887 ,

297 906 481 955 Potest
522 906 737 971 quidem
779 906 1010 971 supponi
1052 906 1234 971 quoad
1277 924 1358 955 res
1399 907 1632 956 maxime
1674 907 1980 969 ordinarias,
2024 908 2130 974 qui-

223 989 323 1039 bus
364 1005 551 1038 omnes
593 989 787 1038 cotidie
830 988 937 1038 fere
978 989 1246 1054 indigent,
1299 989 1617 1054 gubernium
1658 990 1770 1039 sine
1810 990 2023 1056 praevia
2062 991 2132 1039 in-

223 1071 506 1137 quisitione
536 1070 754 1120 definire
792 1088 951 1136 posse
981 1071 1333 1137 quantitatem
1361 1072 1832 1137 procreandorum.
1890 1071 1999 1122 Sed
2027 1072 2132 1122 hoc

223 1153 402 1219 quoad
444 1153 623 1202 omnia
664 1153 882 1202 omnino
926 1162 1068 1203 certe
1123 1153 1234 1202 fieri
1275 1171 1381 1202 non
1423 1162 1632 1219 potest,
1689 1155 1813 1220 quin
1855 1154 2023 1204 multa
2062 1155 2132 1204 in-

222 1235 416 1285 utiliter
456 1244 815 1301 procreentur.
872 1235 1011 1284 Dein
1054 1235 1250 1284 multae
1293 1252 1374 1284 res
1409 1253 1515 1285 non
1545 1236 1613 1285 ad
1655 1235 1863 1286 libitum
1903 1236 2133 1286 hominis

222 1335 252 1368 a
292 1326 478 1367 natura
518 1318 931 1383 suppeditantur
970 1334 1146 1382 neque
1175 1317 1225 1366 in
1267 1326 1414 1367 tanta
1443 1319 1754 1383 quantitate,
1797 1327 1854 1368 ut
1894 1319 2132 1368 omnium

223 1401 362 1450 votis
403 1399 560 1466 plene
600 1400 772 1466 possit
810 1399 1066 1449 satisfieri.

226 1531 373 1583 342.
457 1534 502 1584 3.
555 1520 729 1570 Multo
775 1520 1040 1570 difficilius
1082 1520 1203 1570 dein
1245 1521 1342 1570 erit
1382 1521 1647 1570 faldonem
1689 1519 1899 1570 laboris
1926 1520 2135 1586 publici

225 1620 320 1669 per
373 1610 548 1652 totum
604 1619 827 1668 regnum
885 1603 1129 1652 ordinare
1176 1603 1624 1669 ‚(«organizare»).
1720 1603 1796 1654 Ut
1848 1602 2131 1653 concilium

225 1701 533 1751 supremum
575 1686 743 1751 possit
783 1685 1003 1750 singulis
1044 1686 1342 1751 provinciis,
1386 1686 1699 1751 municipiis,
1743 1686 1895 1751 pagis
1928 1693 2132 1735 certum

227 1775 279 1816 et
320 1767 732 1816 determinatum
773 1766 970 1817 laboris
1010 1785 1237 1833 pensum
1278 1768 1563 1833 assignare,
1607 1768 1740 1817 scire
1778 1767 1955 1828 debet,
2000 1774 2135 1832 quot

224 1848 468 1898 homines
509 1849 577 1898 ad
618 1848 859 1899 laborem
899 1850 1076 1899 idonei
1105 1850 1156 1899 in
1186 1848 1428 1915 quolibet
1456 1850 1744 1915 municipio
1786 1867 1881 1915 per
1920 1848 2132 1915 longius

223 1930 411 1980 saltem
454 1939 668 1997 tempus
708 1939 922 1997 praesto
963 1932 1080 1981 sint.
1137 1931 1294 1981 Esset
1323 1932 1463 1981 enim
1490 1931 1784 1982 absurdum
1813 1939 1865 1981 et
1892 1931 2132 1996 iniquum

224 2013 510 2079 unicuique
564 2031 708 2079 pago
750 2014 1112 2079 praescribere
1152 2031 1379 2080 pensum
1420 2013 1641 2075 laboris,
1697 2013 1843 2063 nullo
1885 2021 2132 2079 respectu

224 2094 408 2145 habito
451 2096 519 2145 ad
561 2113 839 2145 numerum
884 2097 1247 2161 operariorum
1293 2096 1666 2161 praesentium.
1749 2095 1862 2144 Iam
1902 2111 2129 2161 quaero:

224 2177 489 2242 poteritne
540 2178 591 2227 in
644 2185 785 2227 statu
838 2177 1157 2227 socialistico
1211 2177 1434 2244 quilibet
1482 2178 1634 2238 civis,
1689 2186 1849 2243 prout
1888 2175 2129 2238 voluerit,

225 2259 553 2309 domicilium
595 2268 798 2309 mutare
840 2269 1002 2326 atque
1044 2278 1114 2309 ex
1153 2278 1261 2309 uno
1304 2259 1425 2310 loco
1468 2260 1519 2309 in
1559 2259 1721 2309 aliurn
1762 2260 2004 2324 migrare,
2047 2276 2132 2307 an-

224 2339 363 2390 non?
448 2340 503 2392 Si
555 2342 660 2392 hoc
712 2342 977 2408 posterius
1029 2343 1260 2402 dicatur,
1316 2342 1637 2391 habebimus
1686 2341 1931 2391 homines
1983 2341 2135 2407 quasi

226 2422 417 2489 glebae
458 2424 771 2490 adscriptos.
829 2424 1005 2473 Nemo
1046 2425 1244 2490 poterit
1284 2422 1613 2473 domicilium
1650 2440 1805 2473 suum
1837 2422 2133 2488 relinquere

225 2506 337 2555 sine
377 2505 588 2555 licentia
621 2507 976 2572 magistratus,
1020 2507 1252 2572 ideoque
1294 2505 1509 2555 libertas
1550 2505 1778 2554 hominis
1805 2505 1909 2554 iam
1938 2521 2134 2569 magna

227 2604 297 2636 ex
351 2596 501 2653 parte
556 2588 767 2638 sublata
818 2597 912 2638 est.
1006 2587 1061 2638 Si
1115 2589 1285 2654 prius,
1346 2588 1609 2637 ordinatio
1666 2586 1862 2636 laboris
1913 2594 1993 2636 est
2043 2586 2133 2635 im-

226 2669 509 2734 possibilis,
554 2678 606 2719 et
647 2670 887 2735 plerique
929 2671 981 2719 in
1023 2671 1268 2735 regiones
1309 2670 1644 2718 amoeniores
1685 2667 1971 2729 confluent,
2015 2666 2134 2717 loca

226 2751 433 2817 ingrata
485 2751 820 2812 deserentur,
875 2752 1186 2817 praesertim
1239 2768 1359 2800 cum
1413 2752 1463 2800 in
1515 2751 1772 2800 societate
1817 2748 2134 2799 socialistica

227 2833 354 2883 nihil
394 2834 486 2894 sit,
542 2833 691 2899 quod
744 2834 913 2899 possit
964 2833 1237 2882 hominem
1278 2833 1367 2882 uni
1408 2832 1529 2883 loco
1572 2832 1765 2882 arctius
1805 2831 2133 2896 adstringere
2181 2816 2182 2856 l

227 2931 388 2982 quam
430 2915 566 2965 aliis:
622 2932 729 2964 non
771 2931 899 2980 ager
937 2914 1021 2964 vel
1064 2915 1258 2964 domus
1311 2915 1552 2980 propria,
1608 2914 1732 2979 quia
1783 2913 1915 2963 haec
1957 2912 2134 2962 omnia

228 2997 572 3064 pertinebunt
602 2997 671 3046 ad
712 3005 881 3046 totam
909 2997 1241 3057 societatem,
1286 3005 1337 3045 et
1376 2997 1511 3045 inter
1552 2995 1743 3044 limites
1770 2995 1920 3061 regni
1947 3009 2134 3043 omnes

228 3080 426 3145 ubique
466 3079 657 3128 iisdem
697 3078 897 3128 iuribus
938 3077 1205 3138 fruuntur,
1249 3095 1437 3128 omnes
1478 3078 1677 3143 ubique
1719 3075 1927 3142 aequali
1966 3075 2133 3125 modo

231 3161 378 3211 dorni
418 3177 545 3210 suae
585 3168 874 3210 versantur.

236 3289 381 3341 343.
463 3292 511 3341 4.
555 3277 937 3344 Supponamus
978 3285 1221 3326 constare
1264 3277 1331 3326 de
1372 3293 1594 3326 numero
1624 3275 2001 3341 operariorum,
2045 3273 2134 3339 qui

234 3360 285 3409 in
313 3359 492 3426 aliquo
533 3376 678 3426 pago
707 3359 965 3410 stabiliter
992 3358 1187 3407 adsunt
1214 3358 1282 3407 ad
1312 3357 1523 3408 labores
1551 3355 1921 3423 perficiendos,
1977 3354 2134 3404 Nunc
