2182 3682
457 164 545 193 LIB.
581 164 630 194 ΙΙ.
676 164 778 194 CAP.
812 164 874 193 IV.
916 163 978 191 DE
1010 163 1121 193 IURE
1156 164 1580 195 INTERNATIONALI.
1867 166 1971 220 473

79 299 372 362 nationale,
432 310 486 351 et
539 300 753 350 nomine
810 300 983 365 gentis
1038 298 1392 364 intellegimus
1446 301 1707 368 populum
1762 303 1976 369 politice

78 382 545 449 independentem.

155 493 202 544 3.
246 479 514 529 Dividitur
552 479 631 528 ius
672 478 911 544 gentium
953 494 1043 526 seu
1085 476 1512 528 internationale:

152 568 202 631 a)
252 569 304 617 in
354 567 608 618 naturale
659 575 712 617 et
751 565 1060 632 positivum.
1142 565 1418 615 Nazmale
1470 566 1876 632 comprehendit
1916 585 1977 619 ea

78 648 254 699 officia
299 657 353 700 et
392 650 526 711 iura,
583 666 719 715 quae
759 648 808 698 vi
859 647 1020 697 solius
1072 646 1206 713 legis
1257 647 1508 697 naturalis
1559 649 1693 698 inter
1746 649 1978 701 diversas

76 731 360 782 societates
402 731 580 781 civiles
620 732 907 792 exsistunt;
941 729 1235 795 positivum
1278 746 1354 790 ea,
1399 748 1537 796 quae
1576 730 1659 780 vel
1702 742 1978 783 consuetu-

78 814 199 863 dine
230 813 314 863 vel
343 813 506 863 libera
546 813 900 863 conventione
935 813 1145 878 (pactis)
1176 820 1291 861 orta
1322 821 1459 862 sunt.
1522 813 1819 863 Posz'z‘ivum
1859 815 1977 864 sub-

78 896 242 945 dividi
281 903 460 962 potest
507 895 558 944 in
599 895 679 944 ius
719 893 1124 944 internationale
1172 894 1518 959 particulare
1559 902 1612 944 et
1651 895 1976 958 mziversale,

77 986 237 1044 prout
273 976 357 1027 vel
384 978 518 1027 inter
545 994 732 1027 omnes
771 976 1004 1043 populos
1045 975 1254 1040 (saltem
1285 975 1478 1040 cultos)
1520 976 1666 1042 viget
1692 976 1775 1026 vel
1803 977 1978 1027 solum

76 1061 211 1110 inter
269 1060 545 1126 quosdam.
637 1059 725 1108 Ius
783 1057 1186 1108 internationale
1245 1058 1483 1108 naturale
1543 1060 1839 1109 necessario
1900 1067 1980 1110 est

76 1141 384 1192 universale.

152 1239 267 1288 Nos
294 1239 379 1288 hic
409 1239 475 1289 de
513 1240 621 1288 iure
659 1237 1046 1287 internationali
1085 1238 1335 1288 nalurali
1367 1238 1701 1304 potissimum
1742 1255 1976 1303 agemus.

152 1328 207 1392 b)
261 1329 318 1378 In
366 1329 445 1378 ius
495 1327 896 1378 internationale
937 1327 1209 1393 publicum
1263 1336 1316 1376 et
1357 1328 1673 1393 pneumon,-
1724 1328 1866 1393 prius
1908 1345 1980 1377 re-

77 1411 233 1477 spicit
274 1410 555 1461 relationes
585 1411 852 1460 civitatum
895 1427 997 1475 qua
1027 1409 1224 1470 talium,
1268 1427 1360 1459 seu
1402 1418 1663 1475 quatenus
1689 1418 1811 1459 sunt
1840 1428 1980 1460 com-

79 1493 389 1555 munitates;
433 1494 694 1559 posterius
724 1493 935 1559 respicit
977 1492 1258 1542 relationes
1288 1493 1476 1541 civium
1507 1493 1829 1542 diversarum
1865 1494 1980 1543 civi-

78 1583 247 1625 tatum
304 1576 437 1625 inter
490 1593 562 1627 se.
652 1574 904 1626 Subiecta
960 1575 1082 1624 iuris
1136 1574 1550 1624 internationalis
1606 1574 1801 1640 publici
1857 1584 1981 1625 sunt

80 1657 315 1707 civitates
350 1658 511 1723 ipsae,
551 1675 657 1707 non
687 1657 977 1708 monarcha
1012 1675 1186 1723 neque
1223 1657 1389 1719 cives3
1433 1657 1672 1706 subiecta
1699 1675 1825 1707 vero
1858 1658 1980 1707 iuris

78 1739 493 1789 internationalis
534 1740 722 1805 privati
762 1748 883 1788 sunt
924 1739 1167 1789 homines
1208 1739 1408 1804 privati.
1473 1739 1742 1788 Interdum
1786 1757 1980 1789 nomen

79 1822 202 1871 iuris
241 1821 656 1871 internationalis
698 1822 1026 1887 restringitur
1065 1822 1134 1871 ad
1175 1822 1254 1870 ius
1296 1820 1583 1887 publicum.

154 1911 202 1975 c)
254 1910 313 1959 In
365 1910 442 1960 ius
483 1911 642 1975 pacis
692 1919 743 1960 et
790 1910 934 1960 belli.
1013 1910 1170 1960 Aliae
1224 1911 1362 1959 enim
1416 1919 1538 1960 sunt
1590 1919 1806 1960 mutuae
1859 1910 1983 1960 rela-

79 1992 249 2042 tiones
303 1993 438 2042 intra
493 1993 725 2042 diversas
792 1993 1027 2043 civitates
1075 2000 1318 2059 tempore
1375 1991 1499 2043 belli
1554 2001 1606 2042 et
1664 1992 1796 2043 aliae
1856 2002 1983 2043 tem-

81 2092 211 2141 pore
252 2076 411 2141 pacis,

84 2229 230 2293 643.
313 2229 485 2280 schol.
546 2230 704 2280 Falso
734 2231 950 2296 quidam
982 2240 1223 2281 asserunt
1252 2229 1457 2295 (Jom‘n,
1492 2231 1660 2281 Elem.
1693 2229 1818 2296 phil.
1851 2248 1982 2282 mor.

82 2314 208 2378 307)
247 2321 454 2362 veteres
494 2330 615 2362 cum
656 2312 707 2363 S.
741 2313 953 2363 Thoma
994 2322 1046 2363 et
1086 2312 1330 2364 Suarezio
1372 2314 1594 2363 docere:
1638 2314 1716 2362 ius
1746 2313 1984 2378 gentium

82 2412 197 2445 esse
236 2403 398 2445 tolum
441 2395 724 2461 positivum
768 2413 911 2445 mere
952 2395 1270 2455 humanum,
1327 2397 1588 2445 sumendo
1630 2397 1708 2445 ius
1748 2396 1985 2460 gentium

81 2495 178 2544 pro
218 2478 327 2527 iure
378 2477 781 2528 internationali.
863 2478 1094 2527 Nomine
1136 2479 1275 2528 enim
1327 2479 1450 2528 iuris
1502 2479 1741 2543 gentium
1783 2486 1988 2527 veteres

81 2576 188 2609 non
228 2557 543 2624 intellegunt
582 2560 662 2609 ius
690 2560 1107 2621 internationale‚
1150 2561 1244 2610 sed
1281 2560 1421 2610 aliud
1458 2561 1601 2626 quid,
1645 2569 1701 2610 ut
1736 2560 1838 2609 iam
1875 2560 1985 2626 plu-

81 2641 180 2691 ries
221 2642 539 2692 monuimus.
622 2640 785 2707 Quod
827 2643 904 2692 ius
949 2642 1353 2692 internationale
1394 2642 1630 2692 naturale
1672 2650 1982 2707 agnoscant,

82 2724 299 2773 evidens
339 2732 419 2773 est
459 2725 633 2785 exiis,
678 2741 816 2790 quae
858 2726 1129 2791 disputant
1170 2725 1237 2774 de
1279 2725 1472 2775 iustitia
1513 2724 1651 2774 belli.
1720 2724 1987 2773 Audiatur

82 2806 360 2871 quomodo
403 2804 597 2856 Suarez
638 2807 706 2856 de
747 2806 1088 2856 relationibus
1139 2807 1495 2873 perfectarum
1544 2807 1984 2857 communitatum

82 2888 216 2938 inter
242 2905 298 2938 se
327 2887 598 2954 loquatur:
638 2888 916 2955 «Indigent
948 2887 1386 2958 [communitates]
1419 2889 1598 2955 aliquo
1621 2890 1745 2949 iure,
1779 2906 1886 2954 quo
1910 2929 1917 2938 .
1942 2930 1950 2938 .
1975 2929 1982 2938 .

83 2978 226 3020 recte
267 2970 577 3020 ordinentur
612 2972 663 3020 in
693 2971 796 3021 hoc
838 2989 1033 3036 genere
1074 2973 1570 3022 communicationis
1610 2980 1661 3020 et
1701 2970 1982 3020 societatis.

81 3052 153 3102 Et
180 3053 419 3118 quamvis
448 3070 649 3118 magna
678 3071 747 3102 ex
775 3062 941 3119 parte
970 3055 1066 3104 lzoc
1089 3054 1205 3121 fiat
1226 3064 1333 3120 per
1372 3054 1632 3103 rationem
1661 3052 1985 3113 naturalem,

83 3152 192 3184 non
233 3144 411 3184 tamen
461 3135 784 3186 sufficienter
824 3144 878 3186 et
916 3137 1222 3186 immediate
1275 3137 1455 3202 quoad
1499 3136 1699 3197 omnia;
1754 3135 1986 3200 ideoque

84 3216 258 3282 aliqua
300 3216 549 3283 specialia
594 3218 704 3268 iura
754 3227 1045 3284 potuerunt
1085 3237 1183 3268 usu
1225 3218 1512 3269 earundem
1554 3218 1791 3284 gentium
1832 3217 1986 3266 intro-

86 3299 235 3349 duci»
290 3299 395 3364 (De
435 3299 537 3365 leg.
581 3300 612 3350 l.
659 3314 705 3362 2,
750 3318 793 3352 c.
846 3315 923 3365 19,
967 3319 1016 3351 n.
1061 3302 1131 3365 9).
