2182 3682
202 169 307 218 214
606 166 718 195 PARS
753 167 782 196 Ι.
835 167 1153 196 I'HILOSOPHIA
1187 169 1391 197 MORALIS
1427 169 1704 199 GENERALIS.

198 310 251 352 et
290 302 616 364 amentibUS,
672 304 761 369 qui
802 304 1016 354 rationis
1056 321 1151 354 usu
1194 313 1374 355 carent
1414 306 1748 373 proindeque
1795 307 1942 358 inviti
1989 325 2105 358 esse

198 392 252 435 et
289 385 528 435 iniuriam
566 386 677 451 pati
718 403 878 452 posse
919 404 1026 436 non
1067 387 1328 438 videntur.
1397 387 1747 439 Affirmamus
1785 398 1966 440 autem
2005 391 2105 441 hos

200 485 415 534 quoque
455 468 578 518 iuris
619 485 734 518 esse
776 485 1016 535 capaces

273 572 438 620 Prob.
480 587 520 620 1.
580 571 1010 622 Fundamentum
1053 580 1107 623 et
1146 573 1328 624 titulus
1367 575 1489 625 iuris
1530 582 1611 625 est
1650 577 1892 642 potentia
1923 576 2104 633 volun-
2170 593 2171 596 ’

197 654 334 715 tatis,
379 671 484 720 qua
511 655 626 720 quis
653 654 822 721 possit
856 655 923 704 de
965 672 1019 705 re
1059 663 1116 705 ut
1155 672 1250 706 sua
1280 656 1578 722 disponere,
1621 675 1730 708 non
1770 666 1949 708 autem
1980 676 2104 709 usus

197 735 350 785 huius
390 736 677 802 potentiae.
760 736 930 803 Αίᾳῖιὶ
968 738 1265 803 potentiam
1306 739 1466 789 etiam
1506 732 1731 790 infantes
1772 749 1825 791 et
1864 734 2131 792 amentes

197 818 411 868 habent.
493 819 692 883 Erga.
2040 810 2045 811 ⁷

272 921 430 971 Proh.
482 922 608 972 mai.
683 922 739 973 Si
790 923 1011 973 actualis
1051 923 1236 975 volitio
1288 925 1357 975 ad
1409 927 1807 992 possessionem
1858 927 1980 977 iuris
2031 945 2105 978 re-

198 1004 506 1069 quireretur,
551 1021 726 1070 neque
768 1005 897 1055 ebrii
937 1023 1112 1072 neque
1153 1007 1480 1058 dormientes
1519 1010 1600 1058 ius
1640 1008 1913 1059 haberent.
1990 1005 2104 1060 Suf-

196 1085 305 1136 ficit
345 1104 474 1152 ergo
527 1087 595 1137 ad
636 1088 1032 1153 possessionem
1072 1089 1220 1151 iuris,
1275 1098 1334 1140 ut
1374 1091 1490 1157 quis
1531 1091 1700 1158 possit
1751 1108 1866 1142 esse
1912 1092 2105 1143 invitus

197 1168 493 1219 radicaliter
539 1178 592 1219 et
643 1170 1064 1237 interpretative;
1120 1173 1171 1222 id
1216 1174 1364 1238 quod
1406 1173 1566 1223 etiam
1607 1175 1675 1223 de
1716 1173 2001 1225 infantibus
2053 1183 2106 1225 et

197 1252 496 1301 amentibus
535 1251 688 1302 valet.

271 1359 436 1406 Prob.
475 1373 518 1405 2.
593 1358 794 1408 Iustitia
835 1359 1016 1425 exigit,
1062 1369 1118 1409 ut
1159 1361 1347 1426 cuique
1387 1378 1542 1410 suum
1582 1361 1854 1411 tribuatur.
1936 1361 2109 1427 Atqui

196 1440 356 1488 etiam
396 1439 621 1490 infantes
663 1448 716 1491 et
757 1451 995 1491 amentes
1036 1443 1237 1492 habent
1277 1442 1441 1493 multa
1481 1461 1604 1509 vere
1644 1461 1763 1505 sua,
1819 1444 1848 1494 i.
1893 1461 1936 1494 e.
1981 1461 2103 1494 cum

195 1522 322 1587 ipsis
350 1539 559 1572 conexa
592 1532 644 1572 et
685 1524 734 1573 in
764 1541 945 1573 eorum
980 1525 1258 1575 utilitatem
1301 1526 1558 1576 ordinata.
1618 1527 1771 1591 Ergo
1804 1544 1874 1576 ex
1912 1527 2105 1595 iustitia

196 1605 328 1654 haec
368 1604 469 1655 illis
519 1607 714 1655 servari
756 1607 957 1656 debent
1008 1608 1239 1674 ideoque
1281 1608 1483 1658 habent
1534 1609 1627 1658 ius.
1709 1608 1873 1675 Quod
1925 1598 2102 1659 autem

195 1695 435 1736 amentes
485 1696 608 1737 actu
660 1706 767 1737 non
808 1689 1014 1755 possint
1054 1691 1127 1739 uti
1168 1689 1330 1740 libere
1370 1690 1452 1740 his
1492 1691 1677 1752 rebus,
1732 1708 1841 1741 non
1893 1691 2099 1754 obstat3

195 1769 301 1819 hoc
341 1770 481 1819 enim
523 1778 603 1819 est
643 1788 738 1836 per
779 1771 1042 1822 accidens.
1119 1773 1209 1822 «ld
1251 1774 1397 1839 quod
1440 1774 1582 1823 cadit
1621 1773 1720 1823 sub
1762 1772 1894 1839 legis
1935 1774 2102 1823 deter-

195 1852 509 1913 minatione,
553 1853 814 1903 iudicatur
852 1855 1149 1904 secundum
1188 1855 1266 1916 id,
1311 1856 1459 1921 quod
1501 1857 1854 1906 communiter
1893 1856 2102 1918 accidit,

196 1942 249 1984 et
289 1952 395 1984 non
442 1935 739 1985 secundum
782 1936 861 1997 id,
917 1937 1065 2002 quod
1106 1938 1157 1986 in
1208 1954 1333 1987 casu
1386 1937 1562 2004 aliquo
1603 1946 1784 2004 potest
1824 1939 2097 1988 accidere»

196 2016 272 2081 (S.
312 2017 496 2068 Tlmm.
546 2031 591 2079 2,
638 2032 685 2079 2,
730 2036 778 2084 q.
832 2030 947 2082 154,
991 2036 1035 2069 a.
1083 2020 1149 2083 2).
1219 2020 1453 2070 Infantes
1493 2038 1619 2070 vero
1660 2037 1691 2070 a
1726 2020 1848 2070 Deo
1889 2021 1959 2070 ad
1999 2021 2104 2071 hoc

197 2100 424 2149 ordinati
463 2109 600 2159 sunt,
644 2108 702 2150 ut
735 2101 803 2150 ad
833 2101 1047 2167 plenum
1082 2119 1235 2152 usum
1270 2103 1485 2153 rationis
1512 2103 1824 2169 perveniant
1856 2111 1909 2153 et
1940 2102 2103 2153 libere

197 2182 354 2232 rebus
394 2183 502 2232 suis
542 2184 616 2232 uti
657 2184 875 2249 possint.

200 2345 344 2398 262.
429 2356 595 2395 PARS
626 2357 680 2395 II.
750 2357 915 2395 Solum
952 2369 1044 2395 ens
1076 2359 1315 2396 rationale
1352 2361 1432 2397 est
1463 2361 1551 2397 etc.

271 2460 436 2507 Prob.
478 2474 518 2507 1.
569 2476 637 2509 ex
677 2460 895 2509 notione
936 2460 1058 2510 iuris
1099 2467 1158 2510 ut
1194 2460 1457 2510 facultatis
1486 2459 1713 2521 moralis,
1758 2477 1895 2526 quae
1924 2459 2101 2526 alege

196 2542 439 2607 procedit
480 2550 532 2591 et
572 2541 670 2591 soli
710 2543 817 2592 enti
857 2542 1097 2592 rationali
1139 2543 1365 2593 concedi
1404 2551 1599 2608 potest.

271 2646 436 2706 Prob.
477 2660 519 2693 2.
595 2646 719 2696 Non
770 2653 952 2712 potest
1002 2646 1201 2696 habere
1252 2647 1331 2696 ius
1384 2647 1478 2696 nisi
1532 2648 1622 2713 qui
1674 2664 1849 2713 capax
1899 2654 1980 2696 est
2030 2647 2100 2696 in-

194 2728 353 2777 iuriae
405 2728 701 2793 patiendae.
783 2728 952 2794 Atqui
1001 2730 1140 2778 entia
1194 2729 1513 2780 irrationalia
1566 2730 1805 2779 iniuriam
1855 2729 1966 2796 pati
2016 2745 2101 2778 ne-

196 2817 423 2876 queunt,
478 2811 601 2875 quia
641 2828 748 2860 non
790 2820 1124 2876 cognoscunt
1171 2812 1250 2861 ius
1290 2812 1520 2878 ideoque
1572 2829 1680 2862 non
1721 2818 1946 2878 possunt
1985 2827 2101 2861 esse

195 2893 355 2943 invita
394 2910 486 2943 seu
527 2892 662 2942 velle
704 2894 926 2943 retinere
966 2894 1046 2943 ius
1085 2911 1251 2944 suum.
1333 2894 1488 2960 Ergo
1519 2937 1525 2944 .
1563 2937 1570 2945 .
1606 2937 1613 2944 .

272 2999 437 3046 Prob.
475 3013 518 3060 3.
593 2998 744 3047 Idem
785 3015 1003 3064 quoque
1043 3006 1191 3064 patet
1243 3016 1312 3048 ex
1351 2999 1454 3048 fine
1505 2999 1652 3060 iuris,
1708 2999 1798 3065 qui
1848 3006 1928 3048 est
1967 2999 2100 3049 tueri

195 3079 493 3130 libertatem
535 3080 673 3130 circa
713 3097 795 3129 res
834 3097 970 3130 suas.

270 3186 436 3233 Prob.
474 3199 519 3245 4.
594 3183 753 3234 Nulla
795 3192 1032 3234 creatura
1071 3184 1235 3234 habet
1274 3186 1384 3234 iura
1426 3186 1538 3235 sine
1580 3185 1782 3246 officiis,
1825 3185 1950 3252 quia
1988 3184 2099 3233 iura

196 3266 414 3327 dantur,
469 3274 527 3317 ut
567 3268 682 3333 quis
721 3267 890 3332 possit
940 3266 1245 3317 satisfacere
1297 3267 1484 3317 officiis
1534 3268 1655 3318 suis.
1736 3267 1905 3333 Atqui
1941 3266 2098 3317 bruta
2167 3290 2170 3294 ⁴

195 3366 304 3398 non
343 3357 567 3416 possunt
607 3349 805 3399 habere
847 3348 1036 3399 officia.
1116 3348 1272 3414 Ergo
1312 3366 1487 3416 neque
1526 3350 1619 3400 ius.
