2182 3682
520 165 606 193 LIB.
642 165 688 193 ΙΙ.
738 164 836 194 CAP.
873 163 939 192 111.
986 163 1049 191 DE
1083 162 1338 190 SOCIETATE
1372 162 1530 191 CIVILI.
1855 163 1960 213 399

147 309 248 350 Obi.
288 321 329 359 4.
405 301 573 347 Hodie
625 300 675 346 in
726 299 886 345 multis
938 297 1218 358 regionibus
1269 296 1480 342 feminae
1533 296 1851 343 admittuntur
1898 295 1962 342 ad

66 376 201 423 varia
247 391 452 422 munera
500 373 717 435 publica,
767 390 810 420 v,
849 388 894 433 g.
944 379 1148 433 possunt
1189 371 1294 417 fieri
1342 369 1566 417 medicae
1613 385 1704 430 pro
1753 367 1960 426 feminis,

67 449 329 498 curatrices
366 449 435 496 rei
459 447 787 495 vehiculariae
826 456 873 494 et
909 446 1308 507 telegraphorum
1345 454 1435 491 etc.
1497 444 1635 503 Ergo
1663 459 1689 490 a
1722 446 1827 505 pari
1856 460 1963 505 pos-

67 532 176 572 sunt
210 523 266 570 iis
304 522 517 570 conferri
554 522 657 568 iura
693 522 908 583 politica

143 608 293 656 Resp.
368 598 501 645 Conc
540 603 682 644 antec.
721 603 766 642 et
799 612 882 655 neg
883 613 911 642 υ
947 611 1061 642 conc.
1101 601 1146 640 et
1169 596 1441 656 paritatem.
1501 595 1686 654 Magna
1725 603 1796 640 est
1832 594 1962 640 enim

66 672 343 720 differentia
380 673 507 719 inter
544 670 896 719 admissionem
922 669 1216 717 feminarum
1253 668 1316 715 ad
1353 667 1516 715 officia
1540 667 1737 728 publica
1775 676 1822 714 et
1852 683 1966 714 con-

66 748 340 794 cessionem
387 746 563 793 iurium
599 744 911 807 politicorum
950 744 1065 805 ipsis
1104 744 1295 790 factam.
1371 742 1419 788 Si
1456 742 1587 788 enim
1626 741 1819 787 feminis
1866 741 1967 787 uni-

65 822 241 869 versim
290 823 393 868 iura
429 820 631 882 politica
678 819 1043 875 conceduntur,
1093 818 1191 864 iam
1238 832 1386 864 nemo
1434 825 1597 877 potest
1644 831 1725 863 eas
1770 817 1831 862 ab
1879 831 1966 862 usu

64 897 231 943 lwrum
275 897 449 942 iuriam
494 894 759 955 impedire,
813 902 859 939 et
907 893 1021 939 inde
1071 900 1336 952 sequentur
1383 891 1536 948 mala,
1587 891 1648 937 de
1694 890 1869 950 quibus
1916 890 1967 935 in

65 970 365 1031 argumentis
402 968 624 1015 diximus.
698 969 762 1014 At
797 982 914 1014 vero
951 982 1041 1028 per
1078 966 1431 1013 admissionem
1471 966 1534 1012 ad
1572 965 1735 1011 officia
1770 964 1968 1026 publica

65 1046 195 1092 nulla
232 1043 425 1090 feminis
464 1042 728 1089 universim
780 1042 1120 1088 conceduntur
1156 1041 1284 1098 iura,
1335 1040 1422 1087 sed
1459 1040 1617 1086 solum
1654 1047 1969 1086 removentur

65 1120 332 1176 obstacula,
372 1133 498 1178 quae
537 1133 618 1164 eas
655 1117 716 1163 ab
754 1116 846 1162 illis
883 1115 1055 1162 officiis
1093 1123 1277 1161 arcent.
1338 1116 1482 1161 Haec
1519 1115 1650 1160 enim
1689 1113 1851 1160 officia
1889 1114 1969 1161 de-

65 1195 359 1240 mandantur
394 1192 445 1238 in
472 1206 774 1252 unoquoque
807 1206 921 1237 casu
958 1190 1212 1236 individuo
1239 1205 1328 1250 per
1357 1197 1663 1235 contractum
1694 1197 1742 1235 et
1767 1189 1967 1248 quidem

64 1268 408 1329 dependenter
444 1283 471 1313 a
515 1265 776 1328 prudentia
823 1280 1018 1322 eorum,
1071 1264 1154 1325 qui
1201 1263 1282 1310 illa
1330 1263 1492 1310 officia
1540 1263 1845 1310 demandant
1890 1264 1967 1310 vel

64 1343 324 1404 postulant,
365 1356 573 1402 quorum
612 1349 684 1386 est
715 1340 932 1386 iudicare
959 1339 1021 1385 de
1060 1337 1436 1385 condicionibus
1469 1337 1864 1385 individualibus.
1919 1338 1968 1384 Si

63 1416 208 1478 igitur
243 1417 293 1462 in
330 1415 496 1476 aliquo
536 1430 650 1461 casu
686 1414 940 1460 individuo
981 1414 1145 1473 aliqua
1182 1413 1365 1459 femina
1401 1412 1464 1459 ad
1501 1428 1676 1459 munus
1716 1412 1967 1473 quoddam

65 1491 336 1552 gerendum
374 1498 444 1536 est
480 1489 663 1536 idonea
700 1504 794 1535 nec
833 1487 1033 1548 aliquod
1072 1489 1376 1534 obstaculum
1421 1487 1559 1534 adest
1596 1487 1695 1534 sive
1733 1503 1791 1534 ex
1828 1495 1968 1548 parte

64 1565 276 1612 familiae
313 1565 412 1611 sive
451 1579 511 1611 ex
546 1571 684 1625 parte
721 1563 869 1624 ipsius
907 1561 1120 1608 feminae
1158 1562 1235 1608 vel
1273 1561 1539 1608 honestatis
1576 1561 1826 1622 publicae,
1865 1577 1968 1608 non

65 1648 137 1687 est
170 1639 295 1686 ratio
344 1655 430 1685 cur
479 1655 581 1685 non
618 1637 771 1719 possit
808 1637 870 1683 ad
917 1637 1034 1682 illud
1083 1635 1287 1683 admitti
1360 1638 1428 1682 At
1474 1636 1569 1682 alia
1618 1644 1689 1682 est
1732 1637 1880 1694 ratio,
1931 1635 1970 1683 si

65 1713 260 1761 feminis
285 1729 374 1775 per
398 1714 561 1773 legem
598 1712 925 1758 universalem
964 1709 1341 1757 conceduntur
1330 1726 1434 1757 iura
1459 1710 1674 1772 politica.
1707 1705 1814 1771 (Cf.
1844 1726 1969 1772 quae

65 1788 127 1835 de
163 1789 257 1834 hac
295 1803 346 1834 re
384 1796 554 1833 auctor
589 1787 785 1833 uberius
823 1785 1047 1847 exposuit
1082 1785 1132 1830 in
1170 1786 1429 1846 opusculo:
1470 1786 1564 1831 Die
1600 1782 1969 1846 Frauenfrage.)

257 1916 284 1971 ξ
321 1929 358 1958 2.
407 1920 487 1958 DE
520 1919 792 1968 RELIQUIS
827 1918 1162 1957 ELEMENTIS
1198 1918 1519 1957 ORGANICIS
1552 1918 1771 1957 POPCLI.

70 2016 216 2070 532.
296 2007 509 2056 Praeter
563 2006 810 2067 familias,
866 2007 1177 2071 municipia,
1232 2005 1460 2071 reliquas
1511 2006 1822 2067 societates,
1877 2024 1971 2072 per

66 2105 198 2155 quas
247 2090 398 2154 quasi
438 2106 533 2154 per
574 2089 772 2155 gradus
813 2088 1083 2154 completa
1124 2089 1305 2137 civitas
1345 2089 1655 2148 succrescit,
1711 2089 1971 2138 cernimus

66 2170 211 2236 apud
235 2188 422 2220 omnes
452 2171 558 2220 fere
587 2170 820 2236 populos
847 2179 1016 2220 status
1045 2187 1178 2235 quos
1200 2177 1397 2219 vocant
1417 2170 1656 2219 sociales.
1719 2169 1973 2219 Oriuntur

66 2253 227 2302 iidem
279 2261 392 2302 tum
446 2271 513 2302 eX
567 2252 874 2302 individuali
926 2253 1203 2302 hominum
1260 2252 1635 2319 inaequalitate
1676 2262 1787 2301 tum
1829 2270 1972 2318 prae-

67 2335 246 2384 sertim
300 2352 370 2384 ex
422 2352 512 2396 eo,
570 2335 714 2400 quod
758 2335 959 2384 bonum
1004 2352 1286 2384 commune
1327 2335 1539 2384 maioris
1581 2335 1974 2384 communitatis

67 2434 136 2466 ex
187 2433 382 2481 magna
433 2417 687 2466 varietate
739 2417 1004 2466 bonorum
1056 2416 1330 2466 socialium
1385 2416 1661 2477 coalescit,
1715 2417 1785 2466 ad
1838 2434 1973 2483 quae

68 2499 431 2564 comparanda
482 2498 660 2565 plures
713 2498 937 2548 sociales
985 2500 1136 2564 quasi
1178 2499 1424 2548 officinae
1465 2500 1792 2549 necessariae
1832 2508 1969 2549 sunt.

67 2580 147 2630 Ita
187 2580 270 2642 fit,
313 2588 385 2651 ¹ut
423 2579 619 2630 similes
660 2580 939 2630 facultates
980 2590 1033 2630 et
1074 2582 1418 2630 necessitates
1458 2581 1592 2630 intra
1633 2599 1971 2631 communem

68 2661 253 2728 populi
293 2663 549 2712 unitatem
589 2663 887 2712 secundum
929 2662 1105 2729 legem
1149 2664 1424 2712 cuiusdam
1453 2663 1720 2713 affinitatis
1747 2664 1973 2713 arctiora

71 2761 296 2810 corpora
336 2743 550 2793 socialia
592 2744 850 2804 efficiant,
907 2762 1069 2810 quae,
1126 2745 1251 2793 dum
1296 2744 1504 2811 singula
1550 2744 1808 2811 speciales
1848 2762 1973 2794 suos

71 2825 201 2876 fines
257 2834 676 2891 prosequuntur,
740 2844 804 2875 eo
861 2827 977 2892 ipso
1035 2844 1185 2875 suam
1241 2834 1446 2892 partem
1505 2827 1848 2876 contribuunt
1904 2828 1971 2877 ad

70 2907 333 2957 bonorum
376 2908 585 2973 copiam
629 2909 727 2957 toti
769 2909 1136 2958 communitati
1177 2910 1543 2959 necessariam.

143 2989 243 3039 Pro
283 2990 427 3039 varia
476 2989 798 3055 populorum
851 2989 1032 3039 indole
1086 2990 1331 3055 religiosa
1383 2999 1436 3040 et
1484 2990 1728 3057 politica,
1783 2998 1836 3040 et
1875 3008 1971 3057 pro

70 3071 221 3120 variis
259 3078 564 3137 temporum
605 3080 657 3121 et
697 3073 971 3137 regionum
1014 3073 1277 3122 adiunctis
1305 3073 1358 3122 hi
1386 3081 1553 3122 status
1579 3074 1749 3123 varias
1777 3072 1973 3123 formas

70 3152 322 3214 induunt,
379 3170 515 3219 quae
566 3153 635 3202 ad
689 3153 820 3203 duas
871 3155 1182 3220 praecipuas
1235 3155 1470 3204 revocari
1516 3161 1755 3220 possunt.
1836 3153 1972 3205 Sunt

72 3234 310 3283 nimirum
352 3233 424 3284 illi
462 3242 632 3284 status
672 3242 765 3284 aut
812 3235 1110 3285 hereditarii
1151 3245 1242 3286 aut
1282 3253 1389 3286 non
1430 3235 1755 3296 hereditarii,
1812 3244 1970 3301 prout

71 3317 386 3381 aggregatio
428 3316 792 3366 membrorum
832 3318 1105 3367 nativitate
1145 3318 1205 3367 fit
1244 3317 1328 3367 vel
1369 3335 1492 3367 non.
