2182 3682
196 166 303 227 408
597 173 711 203 PARS
746 173 794 203 Π.
845 173 1163 203 PHILOSOPHIA
1196 172 1404 202 MORALrs
1441 172 1692 202 SPECIALIS.

195 327 359 360 sonae
399 309 628 360 morales
668 308 868 359 habent
909 307 1087 358 officia
1143 307 1480 374 gratitudinis
1533 325 1661 374 erga
1701 324 1827 358 suos
1867 307 2109 358 benefac·

194 401 362 454 toreS‚
418 393 743 442 reverentiae
784 407 911 456 erga
951 407 1077 440 suos
1118 391 1417 456 superiores
1458 399 1511 440 et
1551 390 1826 451 dominOS,
1870 390 2107 440 officium

194 475 470 542 flagitandi
510 475 706 525 auxilia
746 474 941 534 aliena,
999 483 1261 540 quantum
1313 490 1532 523 necesse
1573 482 1654 523 est
1693 474 1762 523 ad
1802 490 1860 523 se
1901 490 2107 523 conser-

192 558 395 608 vandas
436 565 489 608 et
521 559 589 608 ad
632 556 1006 621 attingendum
1048 556 1205 605 finem
1249 573 1419 606 suurn.
1482 556 1654 621 Atqui
1690 556 1918 606 societas
1946 555 2108 605 civilis
2160 598 2170 607 ,

192 640 409 707 speciali
449 641 615 690 modo
657 640 837 689 Deum
889 638 1055 688 habet
1106 647 1382 688 auctorem
1431 646 1483 687 et
1525 647 1982 700 conservatorem,
2035 638 2105 688 ab

193 740 257 773 eo
299 724 533 772 maxima
585 721 845 772 beneficia
897 722 1116 787 accipit,
1173 738 1294 770 eum
1336 720 1500 770 habet
1551 721 1880 786 superiorem
1921 729 1973 770 et
2014 720 2105 770 do-

193 806 393 855 minum
435 806 657 871 eiusque
700 803 898 854 auxilio
941 813 1206 870 perpetuo
1248 803 1468 868 indiget.
1549 803 1703 868 Ergo
1749 845 1757 852 .
1805 845 1811 852 .
1859 844 1867 852 .

266 893 426 944 Prob.
470 893 597 944 mai.
681 893 735 944 Si
783 893 960 959 aliqua
1013 893 1242 942 societas
1295 892 1526 941 humana
1577 892 1645 941 ab
1698 890 1799 941 alia
1848 892 2106 942 societate

192 976 276 1027 vel
318 994 348 1026 a
387 992 617 1042 persona
670 977 874 1042 privata
928 992 1126 1041 magna
1178 974 1439 1024 beneficia
1490 975 1724 1040 accepit,
1780 974 1997 1034 eadem,
2047 983 2106 1024 ut

191 1075 381 1109 omnes
422 1059 668 1119 fatentur,
713 1058 876 1107 habet
906 1057 1140 1107 officium
1171 1057 1506 1123 gratitudinis
1548 1074 1644 1122 pro
1675 1057 1878 1107 ratione
1908 1057 2105 1122 magni-

189 1141 386 1191 tudinis
437 1140 848 1202 beneficiorum;
904 1140 1047 1189 idem
1102 1139 1390 1189 dicendum
1433 1139 1500 1188 de
1543 1138 1730 1188 officiis
1781 1139 2105 1188 reverentiae

190 1241 318 1290 erga
368 1224 669 1290 superiores
709 1233 762 1273 et
805 1223 1112 1273 fundatores
1164 1240 1261 1288 pro
1316 1223 1522 1271 diversa
1574 1221 1843 1285 exigentia
1890 1221 2103 1271 circum-

189 1306 501 1357 stantiarum
543 1314 595 1356 et
638 1306 705 1355 de
747 1305 926 1355 officio
970 1305 1243 1370 flagitandi
1288 1303 1483 1353 auxilia
1523 1303 1693 1353 aliena
1734 1311 1833 1354 etc.

262 1395 421 1446 Prob.
467 1396 592 1445 min.
676 1394 917 1445 Societas
969 1394 1132 1444 civilis
1185 1411 1293 1443 non
1345 1393 1517 1443 solum
1572 1402 1631 1442 ut
1683 1392 1953 1458 quaelibet
2004 1391 2104 1442 alia

188 1479 416 1529 societas
445 1478 624 1527 Deum
661 1477 825 1526 habet
854 1484 1146 1536 auctorem,
1190 1476 1284 1525 sed
1315 1475 1625 1542 specialiore
1654 1476 1848 1538 modo;
1893 1493 1963 1525 ex
1989 1476 2105 1541 ipsa

191 1562 333 1611 enim
402 1569 589 1611 natura
648 1560 881 1609 humana
947 1560 1167 1625 eiusque
1233 1559 1664 1608 inclinationibus
1724 1558 2104 1623 cognoscimus

188 1645 365 1694 Deum
405 1644 601 1704 iubere,
647 1651 703 1692 ut
745 1642 989 1692 homines
1032 1642 1327 1707 generatim
1367 1642 1418 1690 in
1455 1642 1713 1690 societate
1742 1640 1877 1690 civili
1906 1641 2099 1690 vivant.

188 1727 329 1777 Dein
382 1726 669 1775 auctoritas
723 1724 884 1775 civilis
936 1725 1234 1774 secundum
1275 1741 1332 1773 se
1385 1732 1464 1773 est
1515 1723 1823 1772 immediate
1875 1740 1905 1772 a
1944 1722 2097 1784 Deo;

187 1809 488 1874 eademque
528 1808 663 1857 inter
690 1806 956 1857 naturales
984 1808 1326 1856 auctoritates
1358 1823 1609 1872 supremo
1640 1805 1810 1870 gradu
1839 1811 1920 1854 est
1948 1805 2100 1870 parti-

188 1891 384 1958 cipatio
427 1891 709 1956 potestatis
751 1890 974 1939 divinae.
1045 1888 1208 1938 Porro
1252 1889 1401 1938 Deus
1442 1896 1522 1937 est
1563 1888 1722 1937 etiam
1762 1888 2101 1936 immediatus

188 1983 241 2024 et
281 1990 559 2039 supremus
599 1973 846 2022 dominus
888 1980 940 2021 et
980 1972 1222 2036 superior
1262 1971 1531 2021 societatis
1574 1969 1750 2030 civilis,
1795 1986 1825 2019 a
1866 1987 1972 2035 quo
2015 1969 2100 2018 de-

189 2056 390 2122 pendet
431 2063 484 2105 et
524 2055 758 2104 maxima
800 2054 997 2104 cotidie
1040 2053 1298 2102 beneficia
1339 2053 1546 2118 accipit.
1617 2051 1830 2116 Indiget
1870 2052 2101 2116 denique

188 2139 291 2188 Dei
319 2137 515 2187 auxilio
545 2138 613 2187 ad
637 2136 869 2203 pericula
892 2137 1192 2196 avertenda,
1225 2136 1293 2185 ad
1317 2136 1612 2184 necessaria
1640 2133 1975 2200 impetranda
1998 2141 2096 2183 etc.

187 2221 328 2271 Hinc
369 2221 610 2270 videmus
657 2219 906 2269 instinctu
949 2219 1187 2284 quodam
1230 2227 1449 2267 naturae
1492 2218 1731 2267 civitates
1772 2216 1971 2282 ubique
2011 2233 2100 2265 nu-

188 2304 418 2353 minibus
470 2303 777 2352 exhibuisse
820 2300 1020 2352 cultum
1063 2301 1367 2366 religiosum
1410 2318 1504 2366 per
1544 2299 1825 2360 sacrificia,
1881 2298 2098 2364 templa,

188 2386 301 2436 dies
343 2385 509 2436 festos
550 2392 679 2446 etc.;
724 2394 969 2450 tempore
1012 2384 1229 2449 periculi
1262 2382 1343 2432 vel
1387 2382 1700 2433 calamitatis
1739 2380 1987 2447 publicae
2028 2398 2100 2430 re-

188 2469 410 2519 currisse
437 2468 506 2517 ad
535 2467 640 2516 Dei
679 2466 932 2516 auxilium
976 2465 1389 2532 implorandum,
1434 2474 1557 2531 post
1590 2473 1795 2531 partam
1824 2464 2098 2514 victoriam

187 2551 383 2616 gratias
425 2550 597 2616 egisse
639 2558 737 2599 ete.

191 2689 337 2743 549.
419 2680 584 2727 Prob.
624 2693 666 2726 2.
727 2678 815 2727 Ex
843 2678 1160 2727 necessitate
1200 2676 1372 2727 cultus
1410 2676 1641 2742 religiosi
1668 2692 1766 2741 pro
1794 2675 1909 2741 ipsa
1936 2673 2100 2723 socie-

186 2770 295 2812 tate
336 2761 486 2811 civili.
549 2760 787 2810 Tenetur
827 2760 1010 2810 civitas
1044 2777 1106 2809 ea
1147 2759 1335 2819 facere,
1382 2776 1521 2824 quae
1561 2758 1661 2807 sibi
1688 2758 1757 2807 ad
1786 2773 1937 2806 suam
1978 2772 2098 2805 con-

187 2845 540 2894 servationem
564 2852 616 2892 et
637 2844 706 2892 ad
731 2843 1165 2892 consecutionem
1189 2842 1266 2890 sui
1289 2841 1406 2890 finis
1427 2850 1551 2890 sunt
1573 2839 1888 2890 necessnria.
1931 2837 2102 2904 Atqui

189 2928 256 2976 ad
285 2927 417 2976 haec
447 2926 742 2975 necessaria
770 2925 1013 2990 pertinet,
1046 2932 1104 2973 ut
1131 2924 1329 2973 subditi
1352 2923 1529 2972 Deum
1560 2930 1870 2988 agnoscant,
1901 2928 2096 2981 ament,

187 3017 539 3069 revereantur,
582 3007 817 3056 timeant.
874 3006 1026 3071 Ergo
1062 3007 1225 3055 debet
1255 3006 1305 3054 in
1339 3006 1398 3055 iis
1421 3005 1520 3054 hos
1554 3021 1739 3054 sensus
1761 3019 2094 3069 promovere,

189 3092 335 3157 quod
378 3090 527 3140 aliter
566 3089 678 3139 fieri
719 3089 903 3154 nequit
945 3089 1041 3137 nisi
1082 3087 1300 3154 publico
1343 3096 1395 3138 et
1428 3086 1609 3138 sociali
1639 3085 1783 3136 cultu
1813 3085 2094 3151 religionis,

263 3179 458 3229 Maior
498 3196 592 3245 per
631 3195 688 3228 se
717 3177 946 3248 *evidens
988 3187 1082 3227 est.

263 3268 419 3319 Prob.
465 3269 591 3318 min.
674 3266 915 3318 Societas
968 3267 1222 3315 exsistere
1274 3266 1459 3331 nequit
1509 3265 1621 3314 sine
1662 3263 2005 3313 oboedientia
2045 3272 2098 3313 et

191 3352 482 3401 reverentia
534 3367 660 3417 erga
711 3349 1001 3416 legitimam
1055 3348 1453 3409 auctoritatem,
1508 3348 1619 3397 sine
1669 3355 1852 3396 mutua
1898 3344 2005 3395 fide
2045 3353 2098 3396 et
