<?xml version="1.0" encoding="UTF-8"?>
<!DOCTYPE html PUBLIC "-//W3C//DTD XHTML 1.0 Transitional//EN"
    "http://www.w3.org/TR/xhtml1/DTD/xhtml1-transitional.dtd">
<html xmlns="http://www.w3.org/1999/xhtml" xml:lang="en" lang="en">
 <head>
  <title>
</title>
<meta http-equiv="Content-Type" content="text/html;charset=utf-8" />
  <meta name='ocr-system' content='tesseract 3.04.00' />
  <meta name='ocr-capabilities' content='ocr_page ocr_carea ocr_par ocr_line ocrx_word'/>
</head>
<body>
  <div class='ocr_page' id='page_1' title='image "./philosophiamoral00cath_0050.png"; bbox 0 0 2182 3682; ppageno 0'>
   <div class='ocr_carea' id='block_1_1' title="bbox 214 171 1722 220">
    <p class='ocr_par' dir='ltr' id='par_1_1' title="bbox 214 171 1722 220">
     <span class='ocr_line' id='line_1_1' title="bbox 214 171 1722 220; baseline -0.001 -9"><span class='ocrx_word' id='word_1_1' title='bbox 214 171 283 220; x_wconf 74' lang='lat'><strong>26</strong></span> <span class='ocrx_word' id='word_1_2' title='bbox 616 182 729 211; x_wconf 90' lang='lat' dir='ltr'><strong>PARS</strong></span> <span class='ocrx_word' id='word_1_3' title='bbox 765 182 793 212; x_wconf 88' lang='grc' dir='ltr'><strong>Ι.</strong></span> <span class='ocrx_word' id='word_1_4' title='bbox 846 182 1164 211; x_wconf 86' lang='lat' dir='ltr'>PHILOSOPHIA</span> <span class='ocrx_word' id='word_1_5' title='bbox 1198 181 1403 210; x_wconf 89' lang='lat' dir='ltr'><strong>MORALIS</strong></span> <span class='ocrx_word' id='word_1_6' title='bbox 1438 181 1722 210; x_wconf 90' lang='lat' dir='ltr'>GENERALIS.</span> 
     </span>
    </p>
   </div>
   <div class='ocr_carea' id='block_1_2' title="bbox 206 317 2126 516">
    <p class='ocr_par' dir='ltr' id='par_1_2' title="bbox 206 317 2126 516">
     <span class='ocr_line' id='line_1_2' title="bbox 210 317 2125 380; baseline 0.002 -17"><span class='ocrx_word' id='word_1_7' title='bbox 210 317 341 364; x_wconf 94' lang='lat' dir='ltr'><strong>Dein</strong></span> <span class='ocrx_word' id='word_1_8' title='bbox 386 317 576 365; x_wconf 89' lang='lat' dir='ltr'><strong>etiamsi</strong></span> <span class='ocrx_word' id='word_1_9' title='bbox 613 334 792 380; x_wconf 88' lang='lat' dir='ltr'><strong>corpus</strong></span> <span class='ocrx_word' id='word_1_10' title='bbox 828 328 1129 380; x_wconf 80' lang='lat' dir='ltr'><strong>resurgeret,</strong></span> <span class='ocrx_word' id='word_1_11' title='bbox 1180 333 1282 365; x_wconf 86' lang='lat' dir='ltr'><strong>non</strong></span> <span class='ocrx_word' id='word_1_12' title='bbox 1320 327 1488 379; x_wconf 88' lang='lat' dir='ltr'><strong>posset</strong></span> <span class='ocrx_word' id='word_1_13' title='bbox 1523 335 1636 379; x_wconf 90' lang='lat' dir='ltr'><strong>pars</strong></span> <span class='ocrx_word' id='word_1_14' title='bbox 1673 317 1903 365; x_wconf 81' lang='lat' dir='ltr'><strong>sensitiva</strong></span> <span class='ocrx_word' id='word_1_15' title='bbox 1939 318 2125 366; x_wconf 85' lang='lat' dir='ltr'><strong>directe</strong></span> 
     </span>
     <span class='ocr_line' id='line_1_3' title="bbox 209 393 2126 454; baseline 0.001 -16"><span class='ocrx_word' id='word_1_16' title='bbox 209 393 448 453; x_wconf 81' lang='lat' dir='ltr'><strong>consequi</strong></span> <span class='ocrx_word' id='word_1_17' title='bbox 483 393 866 451; x_wconf 81' lang='lat' dir='ltr'><strong>beatitudinem,</strong></span> <span class='ocrx_word' id='word_1_18' title='bbox 917 395 1005 441; x_wconf 89' lang='lat' dir='ltr'><strong>sed</strong></span> <span class='ocrx_word' id='word_1_19' title='bbox 1042 394 1197 440; x_wconf 88' lang='lat' dir='ltr'><strong>solum</strong></span> <span class='ocrx_word' id='word_1_20' title='bbox 1236 393 1478 440; x_wconf 85' lang='lat' dir='ltr'><strong>indirecte</strong></span> <span class='ocrx_word' id='word_1_21' title='bbox 1523 401 1571 440; x_wconf 90' lang='lat' dir='ltr'><strong>et</strong></span> <span class='ocrx_word' id='word_1_22' title='bbox 1606 408 1696 454; x_wconf 90' lang='lat' dir='ltr'><strong>per</strong></span> <span class='ocrx_word' id='word_1_23' title='bbox 1732 393 1983 454; x_wconf 90' lang='lat' dir='ltr'><strong>quandam</strong></span> <span class='ocrx_word' id='word_1_24' title='bbox 2019 393 2126 440; x_wconf 90' lang='lat' dir='ltr'><strong>red-</strong></span> 
     </span>
     <span class='ocr_line' id='line_1_4' title="bbox 206 467 509 516; baseline 0.01 -4"><span class='ocrx_word' id='word_1_25' title='bbox 206 467 509 516; x_wconf 87' lang='lat' dir='ltr'><strong>undantiam.</strong></span> 
     </span>
    </p>
   </div>
   <div class='ocr_carea' id='block_1_3' title="bbox 204 563 2123 776">
    <p class='ocr_par' dir='ltr' id='par_1_3' title="bbox 204 563 2123 776">
     <span class='ocr_line' id='line_1_5' title="bbox 288 563 2122 625; baseline -0.001 -13"><span class='ocrx_word' id='word_1_26' title='bbox 288 571 389 612; x_wconf 70' lang='lat'><strong><em>0121:</em></strong></span> <span class='ocrx_word' id='word_1_27' title='bbox 426 574 465 612; x_wconf 87' lang='grc'><strong>8.</strong></span> <span class='ocrx_word' id='word_1_28' title='bbox 533 566 716 612; x_wconf 86' lang='lat' dir='ltr'><strong>Anima</strong></span> <span class='ocrx_word' id='word_1_29' title='bbox 764 565 1087 612; x_wconf 78' lang='lat' dir='ltr'><strong>essentialiter</strong></span> <span class='ocrx_word' id='word_1_30' title='bbox 1131 573 1203 611; x_wconf 89' lang='lat' dir='ltr'><strong>est</strong></span> <span class='ocrx_word' id='word_1_31' title='bbox 1238 565 1398 611; x_wconf 85' lang='lat' dir='ltr'><strong>forma</strong></span> <span class='ocrx_word' id='word_1_32' title='bbox 1436 564 1658 625; x_wconf 89' lang='lat' dir='ltr'><strong>corporis</strong></span> <span class='ocrx_word' id='word_1_33' title='bbox 1695 573 1743 611; x_wconf 91' lang='lat' dir='ltr'><strong>et</strong></span> <span class='ocrx_word' id='word_1_34' title='bbox 1778 563 2024 611; x_wconf 88' lang='lat' dir='ltr'><strong>destinata</strong></span> <span class='ocrx_word' id='word_1_35' title='bbox 2058 564 2122 610; x_wconf 88' lang='lat' dir='ltr'><strong>ad</strong></span> 
     </span>
     <span class='ocr_line' id='line_1_6' title="bbox 207 638 2123 701; baseline 0.001 -17"><span class='ocrx_word' id='word_1_36' title='bbox 207 639 610 687; x_wconf 89' lang='lat' dir='ltr'><strong>coniunctionem</strong></span> <span class='ocrx_word' id='word_1_37' title='bbox 655 656 766 687; x_wconf 90' lang='lat' dir='ltr'><strong>cum</strong></span> <span class='ocrx_word' id='word_1_38' title='bbox 804 655 1030 701; x_wconf 89' lang='lat' dir='ltr'><strong>corpore.</strong></span> <span class='ocrx_word' id='word_1_39' title='bbox 1102 640 1240 699; x_wconf 69' lang='lat' dir='ltr'><strong>Ergo</strong></span> <span class='ocrx_word' id='word_1_40' title='bbox 1277 639 1382 686; x_wconf 89' lang='lat' dir='ltr'><strong>sine</strong></span> <span class='ocrx_word' id='word_1_41' title='bbox 1421 655 1631 701; x_wconf 89' lang='lat' dir='ltr'><strong>corpore</strong></span> <span class='ocrx_word' id='word_1_42' title='bbox 1669 648 1741 686; x_wconf 89' lang='lat' dir='ltr'><strong>est</strong></span> <span class='ocrx_word' id='word_1_43' title='bbox 1776 640 1828 685; x_wconf 90' lang='lat' dir='ltr'><strong>in</strong></span> <span class='ocrx_word' id='word_1_44' title='bbox 1864 647 1988 687; x_wconf 91' lang='lat' dir='ltr'><strong>statu</strong></span> <span class='ocrx_word' id='word_1_45' title='bbox 2023 638 2123 686; x_wconf 91' lang='lat' dir='ltr'><strong>vio-</strong></span> 
     </span>
     <span class='ocr_line' id='line_1_7' title="bbox 204 713 1406 776; baseline 0.002 -17"><span class='ocrx_word' id='word_1_46' title='bbox 204 715 340 761; x_wconf 91' lang='lat' dir='ltr'><strong>lento</strong></span> <span class='ocrx_word' id='word_1_47' title='bbox 381 713 596 775; x_wconf 88' lang='lat' dir='ltr'><strong>ideoque</strong></span> <span class='ocrx_word' id='word_1_48' title='bbox 634 715 855 776; x_wconf 87' lang='lat' dir='ltr'><strong>perfecte</strong></span> <span class='ocrx_word' id='word_1_49' title='bbox 893 716 1039 761; x_wconf 88' lang='lat' dir='ltr'><strong>beata</strong></span> <span class='ocrx_word' id='word_1_50' title='bbox 1078 729 1181 761; x_wconf 83' lang='lat' dir='ltr'><strong>esse</strong></span> <span class='ocrx_word' id='word_1_51' title='bbox 1219 714 1406 775; x_wconf 87' lang='lat' dir='ltr'><strong>nequit.</strong></span> 
     </span>
    </p>
   </div>
   <div class='ocr_carea' id='block_1_4' title="bbox 148 810 2162 1396">
    <p class='ocr_par' dir='ltr' id='par_1_4' title="bbox 148 810 2162 1396">
     <span class='ocr_line' id='line_1_8' title="bbox 283 810 2120 872; baseline 0.001 -15"><span class='ocrx_word' id='word_1_52' title='bbox 283 820 435 869; x_wconf 80' lang='lat' dir='ltr'><strong>Resp.</strong></span> <span class='ocrx_word' id='word_1_53' title='bbox 489 811 619 858; x_wconf 77' lang='lat' dir='ltr'><strong>Dist.</strong></span> <span class='ocrx_word' id='word_1_54' title='bbox 648 818 824 859; x_wconf 66' lang='lat' dir='ltr'><strong>antea:</strong></span> <span class='ocrx_word' id='word_1_55' title='bbox 860 811 1045 857; x_wconf 82' lang='lat' dir='ltr'><strong>Anima</strong></span> <span class='ocrx_word' id='word_1_56' title='bbox 1082 820 1154 858; x_wconf 87' lang='lat' dir='ltr'><strong>est</strong></span> <span class='ocrx_word' id='word_1_57' title='bbox 1191 810 1516 858; x_wconf 79' lang='lat' dir='ltr'><strong>essentialiter</strong></span> <span class='ocrx_word' id='word_1_58' title='bbox 1552 811 1711 857; x_wconf 88' lang='lat' dir='ltr'><strong>forma</strong></span> <span class='ocrx_word' id='word_1_59' title='bbox 1748 810 1984 872; x_wconf 88' lang='lat' dir='ltr'><strong>corporis,</strong></span> <span class='ocrx_word' id='word_1_60' title='bbox 2021 810 2050 857; x_wconf 92' lang='lat' dir='ltr'><strong>i.</strong></span> <span class='ocrx_word' id='word_1_61' title='bbox 2078 825 2120 858; x_wconf 92' lang='lat' dir='ltr'><strong>e.</strong></span> 
     </span>
     <span class='ocr_line' id='line_1_9' title="bbox 148 885 2124 947; baseline 0 -15"><span class='ocrx_word' id='word_1_62' title='bbox 148 935 150 937; x_wconf 72' lang='grc'><strong>,</strong></span> <span class='ocrx_word' id='word_1_63' title='bbox 205 886 527 932; x_wconf 88' lang='lat' dir='ltr'><strong>essentialiter</strong></span> <span class='ocrx_word' id='word_1_64' title='bbox 563 887 711 932; x_wconf 91' lang='lat' dir='ltr'><strong>habet</strong></span> <span class='ocrx_word' id='word_1_65' title='bbox 737 887 1042 947; x_wconf 70' lang='lat' dir='ltr'><strong>aptitudinem</strong></span> <span class='ocrx_word' id='word_1_66' title='bbox 1069 887 1132 933; x_wconf 90' lang='lat' dir='ltr'><strong>ad</strong></span> <span class='ocrx_word' id='word_1_67' title='bbox 1158 885 1529 932; x_wconf 83' lang='lat' dir='ltr'><strong>informandum</strong></span> <span class='ocrx_word' id='word_1_68' title='bbox 1557 900 1749 946; x_wconf 90' lang='lat' dir='ltr'><strong>corpus,</strong></span> <span class='ocrx_word' id='word_1_69' title='bbox 1789 900 1924 942; x_wconf 61' lang='lat' dir='ltr'><em>conc„</em></span> <span class='ocrx_word' id='word_1_70' title='bbox 1963 900 2124 932; x_wconf 90' lang='lat' dir='ltr'><strong>essen-</strong></span> 
     </span>
     <span class='ocr_line' id='line_1_10' title="bbox 204 960 2122 1022; baseline 0.001 -17"><span class='ocrx_word' id='word_1_71' title='bbox 204 960 381 1006; x_wconf 89' lang='lat' dir='ltr'><strong>tialiter</strong></span> <span class='ocrx_word' id='word_1_72' title='bbox 428 962 576 1020; x_wconf 64' lang='lat' dir='ltr'><strong>engit</strong></span> <span class='ocrx_word' id='word_1_73' title='bbox 619 970 730 1007; x_wconf 89' lang='lat' dir='ltr'><strong>actu</strong></span> <span class='ocrx_word' id='word_1_74' title='bbox 776 961 903 1007; x_wconf 89' lang='lat' dir='ltr'><strong>uniri</strong></span> <span class='ocrx_word' id='word_1_75' title='bbox 943 977 1053 1007; x_wconf 90' lang='lat' dir='ltr'><strong>cum</strong></span> <span class='ocrx_word' id='word_1_76' title='bbox 1092 976 1330 1022; x_wconf 89' lang='lat' dir='ltr'><strong>corpore,</strong></span> <span class='ocrx_word' id='word_1_77' title='bbox 1381 961 1603 1006; x_wconf 67' lang='lat' dir='ltr'><strong>subdist:</strong></span> <span class='ocrx_word' id='word_1_78' title='bbox 1650 960 1886 1021; x_wconf 84' lang='lat' dir='ltr'><strong>quamdiu</strong></span> <span class='ocrx_word' id='word_1_79' title='bbox 1922 961 2122 1021; x_wconf 88' lang='lat' dir='ltr'><strong>plenam</strong></span> 
     </span>
     <span class='ocr_line' id='line_1_11' title="bbox 203 1035 2162 1099; baseline 0 -18"><span class='ocrx_word' id='word_1_80' title='bbox 203 1035 562 1094; x_wconf 83' lang='lat' dir='ltr'><strong>perfectionem</strong></span> <span class='ocrx_word' id='word_1_81' title='bbox 605 1036 771 1095; x_wconf 85' lang='lat' dir='ltr'><strong>quoad</strong></span> <span class='ocrx_word' id='word_1_82' title='bbox 808 1036 1109 1082; x_wconf 89' lang='lat' dir='ltr'><strong>intellectum</strong></span> <span class='ocrx_word' id='word_1_83' title='bbox 1148 1046 1196 1082; x_wconf 93' lang='lat' dir='ltr'><strong>et</strong></span> <span class='ocrx_word' id='word_1_84' title='bbox 1231 1037 1535 1082; x_wconf 76' lang='lat' dir='ltr'><strong>voluntatem</strong></span> <span class='ocrx_word' id='word_1_85' title='bbox 1571 1035 1796 1082; x_wconf 89' lang='lat' dir='ltr'><strong>nondum</strong></span> <span class='ocrx_word' id='word_1_86' title='bbox 1834 1044 1906 1082; x_wconf 90' lang='lat' dir='ltr'><strong>est</strong></span> <span class='ocrx_word' id='word_1_87' title='bbox 1942 1035 2126 1097; x_wconf 91' lang='lat' dir='ltr'><strong>adepta</strong></span> <span class='ocrx_word' id='word_1_88' title='bbox 2159 1098 2162 1099; x_wconf 16' lang='lat'><em>⁷</em></span> 
     </span>
     <span class='ocr_line' id='line_1_12' title="bbox 204 1110 2123 1171; baseline 0 -15"><span class='ocrx_word' id='word_1_89' title='bbox 204 1118 252 1156; x_wconf 90' lang='lat' dir='ltr'><strong>et</strong></span> <span class='ocrx_word' id='word_1_90' title='bbox 288 1125 498 1171; x_wconf 89' lang='lat' dir='ltr'><strong>corpore</strong></span> <span class='ocrx_word' id='word_1_91' title='bbox 535 1110 726 1171; x_wconf 84' lang='lat' dir='ltr'><strong>indiget</strong></span> <span class='ocrx_word' id='word_1_92' title='bbox 760 1120 811 1157; x_wconf 91' lang='lat' dir='ltr'><strong>ut</strong></span> <span class='ocrx_word' id='word_1_93' title='bbox 847 1110 1188 1168; x_wconf 85' lang='lat' dir='ltr'><strong>instrumento,</strong></span> <span class='ocrx_word' id='word_1_94' title='bbox 1228 1126 1363 1166; x_wconf 65' lang='lat' dir='ltr'><strong>conc„</strong></span> <span class='ocrx_word' id='word_1_95' title='bbox 1406 1111 1606 1171; x_wconf 90' lang='lat' dir='ltr'><strong>quando</strong></span> <span class='ocrx_word' id='word_1_96' title='bbox 1645 1119 1807 1157; x_wconf 88' lang='lat' dir='ltr'><strong>autem</strong></span> <span class='ocrx_word' id='word_1_97' title='bbox 1834 1111 1987 1157; x_wconf 87' lang='lat' dir='ltr'><strong>semel</strong></span> <span class='ocrx_word' id='word_1_98' title='bbox 2013 1125 2123 1157; x_wconf 86' lang='lat' dir='ltr'><strong>eam</strong></span> 
     </span>
     <span class='ocr_line' id='line_1_13' title="bbox 203 1184 2122 1247; baseline -0.001 -16"><span class='ocrx_word' id='word_1_99' title='bbox 203 1184 383 1246; x_wconf 91' lang='lat' dir='ltr'><strong>adepta</strong></span> <span class='ocrx_word' id='word_1_100' title='bbox 423 1185 519 1232; x_wconf 87' lang='lat' dir='ltr'><strong>iam</strong></span> <span class='ocrx_word' id='word_1_101' title='bbox 560 1194 657 1242; x_wconf 89' lang='lat' dir='ltr'><strong>est,</strong></span> <span class='ocrx_word' id='word_1_102' title='bbox 706 1201 833 1245; x_wconf 69' lang='lat' dir='ltr'><strong>nego.</strong></span> <span class='ocrx_word' id='word_1_103' title='bbox 909 1186 1035 1232; x_wconf 88' lang='lat' dir='ltr'><strong>Cum</strong></span> <span class='ocrx_word' id='word_1_104' title='bbox 1073 1202 1252 1247; x_wconf 89' lang='lat' dir='ltr'><strong>corpus</strong></span> <span class='ocrx_word' id='word_1_105' title='bbox 1290 1201 1391 1232; x_wconf 92' lang='lat' dir='ltr'><strong>non</strong></span> <span class='ocrx_word' id='word_1_106' title='bbox 1429 1186 1611 1232; x_wconf 88' lang='lat' dir='ltr'><strong>habeat</strong></span> <span class='ocrx_word' id='word_1_107' title='bbox 1646 1185 1888 1232; x_wconf 89' lang='lat' dir='ltr'><strong>rationem</strong></span> <span class='ocrx_word' id='word_1_108' title='bbox 1926 1184 2036 1231; x_wconf 88' lang='lat' dir='ltr'><strong>finis</strong></span> <span class='ocrx_word' id='word_1_109' title='bbox 2071 1185 2122 1230; x_wconf 92' lang='lat' dir='ltr'><strong>in</strong></span> 
     </span>
     <span class='ocr_line' id='line_1_14' title="bbox 203 1256 2121 1321; baseline 0 -15"><span class='ocrx_word' id='word_1_110' title='bbox 203 1275 269 1317; x_wconf 85' lang='lat' dir='ltr'><strong>se,</strong></span> <span class='ocrx_word' id='word_1_111' title='bbox 309 1261 397 1307; x_wconf 90' lang='lat' dir='ltr'><strong>sed</strong></span> <span class='ocrx_word' id='word_1_112' title='bbox 421 1262 724 1307; x_wconf 72' lang='lat' dir='ltr'><strong>instrumenti</strong></span> <span class='ocrx_word' id='word_1_113' title='bbox 746 1258 810 1321; x_wconf 78' lang='lat' dir='ltr'><strong>(S.</strong></span> <span class='ocrx_word' id='word_1_114' title='bbox 847 1261 896 1306; x_wconf 85' lang='lat' dir='ltr'><em>T</em></span> <span class='ocrx_word' id='word_1_115' title='bbox 889 1261 1008 1306; x_wconf 66' lang='lat' dir='ltr'><strong>llam.</strong></span> <span class='ocrx_word' id='word_1_116' title='bbox 1042 1278 1080 1317; x_wconf 90' lang='lat'><strong>1,</strong></span> <span class='ocrx_word' id='word_1_117' title='bbox 1113 1279 1156 1318; x_wconf 90' lang='lat'><strong>2,</strong></span> <span class='ocrx_word' id='word_1_118' title='bbox 1196 1277 1241 1321; x_wconf 89' lang='lat' dir='ltr'><strong>q.</strong></span> <span class='ocrx_word' id='word_1_119' title='bbox 1275 1278 1315 1317; x_wconf 84' lang='lat'><strong>2,</strong></span> <span class='ocrx_word' id='word_1_120' title='bbox 1353 1277 1393 1306; x_wconf 91' lang='lat' dir='ltr'><strong>a.</strong></span> <span class='ocrx_word' id='word_1_121' title='bbox 1425 1256 1485 1321; x_wconf 85' lang='lat'><strong>5),</strong></span> <span class='ocrx_word' id='word_1_122' title='bbox 1526 1261 1629 1307; x_wconf 90' lang='lat' dir='ltr'><strong>sola</strong></span> <span class='ocrx_word' id='word_1_123' title='bbox 1656 1260 1902 1320; x_wconf 77' lang='lat' dir='ltr'><strong>exigentia</strong></span> <span class='ocrx_word' id='word_1_124' title='bbox 1927 1259 2121 1306; x_wconf 86' lang='lat' dir='ltr'><strong>animae</strong></span> 
     </span>
     <span class='ocr_line' id='line_1_15' title="bbox 203 1335 1941 1396; baseline 0 -15"><span class='ocrx_word' id='word_1_125' title='bbox 203 1335 475 1396; x_wconf 90' lang='lat' dir='ltr'><strong>spectanda</strong></span> <span class='ocrx_word' id='word_1_126' title='bbox 513 1345 585 1382; x_wconf 93' lang='lat' dir='ltr'><strong>est</strong></span> <span class='ocrx_word' id='word_1_127' title='bbox 619 1335 670 1381; x_wconf 90' lang='lat' dir='ltr'><strong>in</strong></span> <span class='ocrx_word' id='word_1_128' title='bbox 710 1335 998 1396; x_wconf 81' lang='lat' dir='ltr'><strong>quaestione</strong></span> <span class='ocrx_word' id='word_1_129' title='bbox 1037 1335 1099 1382; x_wconf 93' lang='lat' dir='ltr'><strong>de</strong></span> <span class='ocrx_word' id='word_1_130' title='bbox 1136 1335 1442 1382; x_wconf 83' lang='lat' dir='ltr'><strong>beatitudine</strong></span> <span class='ocrx_word' id='word_1_131' title='bbox 1481 1344 1529 1381; x_wconf 91' lang='lat' dir='ltr'><strong>et</strong></span> <span class='ocrx_word' id='word_1_132' title='bbox 1566 1335 1941 1382; x_wconf 90' lang='lat' dir='ltr'><strong>resurrectione.</strong></span> 
     </span>
    </p>
   </div>
   <div class='ocr_carea' id='block_1_5' title="bbox 154 1431 2124 1568">
    <p class='ocr_par' dir='ltr' id='par_1_5' title="bbox 154 1431 2124 1568">
     <span class='ocr_line' id='line_1_16' title="bbox 285 1431 2124 1493; baseline -0.001 -14"><span class='ocrx_word' id='word_1_133' title='bbox 285 1439 386 1479; x_wconf 84' lang='lat' dir='ltr'><strong>Obi.</strong></span> <span class='ocrx_word' id='word_1_134' title='bbox 420 1453 464 1489; x_wconf 86' lang='lat'><strong>9.</strong></span> <span class='ocrx_word' id='word_1_135' title='bbox 524 1433 705 1478; x_wconf 73' lang='lat' dir='ltr'><strong>Anima</strong></span> <span class='ocrx_word' id='word_1_136' title='bbox 742 1433 958 1478; x_wconf 86' lang='lat' dir='ltr'><strong>humana</strong></span> <span class='ocrx_word' id='word_1_137' title='bbox 996 1440 1069 1478; x_wconf 88' lang='lat' dir='ltr'><strong>est</strong></span> <span class='ocrx_word' id='word_1_138' title='bbox 1104 1432 1375 1478; x_wconf 88' lang='lat' dir='ltr'><strong>substantia</strong></span> <span class='ocrx_word' id='word_1_139' title='bbox 1399 1431 1716 1493; x_wconf 86' lang='lat' dir='ltr'><strong>incompleta.</strong></span> <span class='ocrx_word' id='word_1_140' title='bbox 1772 1431 1910 1491; x_wconf 75' lang='lat' dir='ltr'><strong>Ergo</strong></span> <span class='ocrx_word' id='word_1_141' title='bbox 1935 1431 2124 1492; x_wconf 87' lang='lat' dir='ltr'><strong>absque</strong></span> 
     </span>
     <span class='ocr_line' id='line_1_17' title="bbox 154 1506 1640 1568; baseline 0 -16"><span class='ocrx_word' id='word_1_142' title='bbox 154 1546 158 1551; x_wconf 97' lang='lat'>.</span> <span class='ocrx_word' id='word_1_143' title='bbox 203 1523 412 1568; x_wconf 88' lang='lat' dir='ltr'><strong>corpore</strong></span> <span class='ocrx_word' id='word_1_144' title='bbox 449 1523 553 1553; x_wconf 88' lang='lat' dir='ltr'><strong>non</strong></span> <span class='ocrx_word' id='word_1_145' title='bbox 589 1516 750 1568; x_wconf 86' lang='lat' dir='ltr'><strong>potest</strong></span> <span class='ocrx_word' id='word_1_146' title='bbox 788 1523 893 1554; x_wconf 88' lang='lat' dir='ltr'><strong>esse</strong></span> <span class='ocrx_word' id='word_1_147' title='bbox 931 1507 981 1552; x_wconf 86' lang='lat' dir='ltr'><strong>in</strong></span> <span class='ocrx_word' id='word_1_148' title='bbox 1020 1523 1106 1554; x_wconf 88' lang='lat' dir='ltr'><strong>suo</strong></span> <span class='ocrx_word' id='word_1_149' title='bbox 1146 1516 1269 1553; x_wconf 84' lang='lat' dir='ltr'><strong>statu</strong></span> <span class='ocrx_word' id='word_1_150' title='bbox 1308 1506 1640 1554; x_wconf 83' lang='lat' dir='ltr'><strong>convenienti.</strong></span> 
     </span>
    </p>
   </div>
   <div class='ocr_carea' id='block_1_6' title="bbox 200 1605 2121 2039">
    <p class='ocr_par' dir='ltr' id='par_1_6' title="bbox 200 1605 2121 2039">
     <span class='ocr_line' id='line_1_18' title="bbox 280 1605 2121 1667; baseline -0.001 -15"><span class='ocrx_word' id='word_1_151' title='bbox 280 1616 431 1664; x_wconf 85' lang='lat' dir='ltr'><strong>Resp.</strong></span> <span class='ocrx_word' id='word_1_152' title='bbox 484 1607 615 1653; x_wconf 73' lang='lat' dir='ltr'><strong>Dist.</strong></span> <span class='ocrx_word' id='word_1_153' title='bbox 644 1612 785 1652; x_wconf 76' lang='lat' dir='ltr'><strong>antec.</strong></span> <span class='ocrx_word' id='word_1_154' title='bbox 807 1624 820 1652; x_wconf 89' lang='lat'><strong>.·</strong></span> <span class='ocrx_word' id='word_1_155' title='bbox 856 1606 1038 1652; x_wconf 74' lang='lat' dir='ltr'><strong>Anima</strong></span> <span class='ocrx_word' id='word_1_156' title='bbox 1065 1615 1136 1653; x_wconf 89' lang='lat' dir='ltr'><strong>est</strong></span> <span class='ocrx_word' id='word_1_157' title='bbox 1162 1606 1431 1653; x_wconf 88' lang='lat' dir='ltr'><strong>substantia</strong></span> <span class='ocrx_word' id='word_1_158' title='bbox 1457 1605 1776 1667; x_wconf 86' lang='lat' dir='ltr'><strong>incompleta,</strong></span> <span class='ocrx_word' id='word_1_159' title='bbox 1817 1620 1945 1665; x_wconf 84' lang='lat' dir='ltr'><strong>quae</strong></span> <span class='ocrx_word' id='word_1_160' title='bbox 1970 1605 2121 1651; x_wconf 90' lang='lat' dir='ltr'><strong>habet</strong></span> 
     </span>
     <span class='ocr_line' id='line_1_19' title="bbox 201 1679 2119 1742; baseline -0.002 -14"><span class='ocrx_word' id='word_1_161' title='bbox 201 1696 306 1728; x_wconf 92' lang='lat' dir='ltr'><strong>esse</strong></span> <span class='ocrx_word' id='word_1_162' title='bbox 356 1690 404 1728; x_wconf 88' lang='lat' dir='ltr'><strong>et</strong></span> <span class='ocrx_word' id='word_1_163' title='bbox 451 1696 600 1742; x_wconf 88' lang='lat' dir='ltr'><strong>agere</strong></span> <span class='ocrx_word' id='word_1_164' title='bbox 644 1698 671 1727; x_wconf 89' lang='lat' dir='ltr'><strong>a</strong></span> <span class='ocrx_word' id='word_1_165' title='bbox 709 1680 914 1728; x_wconf 85' lang='lat' dir='ltr'><strong>materia</strong></span> <span class='ocrx_word' id='word_1_166' title='bbox 951 1681 1324 1742; x_wconf 85' lang='lat' dir='ltr'><strong>independens,</strong></span> <span class='ocrx_word' id='word_1_167' title='bbox 1376 1690 1424 1727; x_wconf 86' lang='lat' dir='ltr'><strong>et</strong></span> <span class='ocrx_word' id='word_1_168' title='bbox 1460 1680 1660 1741; x_wconf 90' lang='lat' dir='ltr'><strong>quidem</strong></span> <span class='ocrx_word' id='word_1_169' title='bbox 1699 1679 1971 1726; x_wconf 86' lang='lat' dir='ltr'><strong>secundum</strong></span> <span class='ocrx_word' id='word_1_170' title='bbox 2009 1693 2119 1725; x_wconf 89' lang='lat' dir='ltr'><strong>eam</strong></span> 
     </span>
     <span class='ocr_line' id='line_1_20' title="bbox 201 1754 2120 1817; baseline -0.002 -15"><span class='ocrx_word' id='word_1_171' title='bbox 201 1765 417 1817; x_wconf 85' lang='lat' dir='ltr'><strong>partem,</strong></span> <span class='ocrx_word' id='word_1_172' title='bbox 459 1772 585 1817; x_wconf 87' lang='lat' dir='ltr'><strong>quae</strong></span> <span class='ocrx_word' id='word_1_173' title='bbox 624 1765 697 1803; x_wconf 89' lang='lat' dir='ltr'><strong>est</strong></span> <span class='ocrx_word' id='word_1_174' title='bbox 732 1756 840 1802; x_wconf 86' lang='lat' dir='ltr'><strong>finis</strong></span> <span class='ocrx_word' id='word_1_175' title='bbox 879 1764 1178 1813; x_wconf 78' lang='lat' dir='ltr'><strong>ceterarum,</strong></span> <span class='ocrx_word' id='word_1_176' title='bbox 1219 1771 1364 1810; x_wconf 68' lang='lat' dir='ltr'><strong>cana,</strong></span> <span class='ocrx_word' id='word_1_177' title='bbox 1409 1755 1679 1802; x_wconf 89' lang='lat' dir='ltr'><strong>substantia</strong></span> <span class='ocrx_word' id='word_1_178' title='bbox 1714 1754 2017 1815; x_wconf 86' lang='lat' dir='ltr'><strong>incompleta</strong></span> <span class='ocrx_word' id='word_1_179' title='bbox 2053 1754 2120 1799; x_wconf 93' lang='lat' dir='ltr'><strong>in-</strong></span> 
     </span>
     <span class='ocr_line' id='line_1_21' title="bbox 200 1831 2116 1892; baseline -0.001 -15"><span class='ocrx_word' id='word_1_180' title='bbox 200 1832 410 1878; x_wconf 85' lang='lat' dir='ltr'><strong>trinsece</strong></span> <span class='ocrx_word' id='word_1_181' title='bbox 449 1847 477 1878; x_wconf 91' lang='lat' dir='ltr'><strong>a</strong></span> <span class='ocrx_word' id='word_1_182' title='bbox 512 1831 718 1877; x_wconf 85' lang='lat' dir='ltr'><strong>materia</strong></span> <span class='ocrx_word' id='word_1_183' title='bbox 755 1831 1069 1892; x_wconf 89' lang='lat' dir='ltr'><strong>dependens,</strong></span> <span class='ocrx_word' id='word_1_184' title='bbox 1108 1847 1234 1890; x_wconf 70' lang='lat' dir='ltr'><strong>nego.</strong></span> <span class='ocrx_word' id='word_1_185' title='bbox 1307 1831 1438 1876; x_wconf 68' lang='lat' dir='ltr'><strong>De&#39;st.</strong></span> <span class='ocrx_word' id='word_1_186' title='bbox 1479 1846 1594 1876; x_wconf 69' lang='lat'><em>[0715.</em></span> <span class='ocrx_word' id='word_1_187' title='bbox 1614 1848 1627 1875; x_wconf 93' lang='lat'><strong>.·</strong></span> <span class='ocrx_word' id='word_1_188' title='bbox 1663 1831 1868 1890; x_wconf 87' lang='lat' dir='ltr'><strong>Absque</strong></span> <span class='ocrx_word' id='word_1_189' title='bbox 1907 1844 2116 1890; x_wconf 90' lang='lat' dir='ltr'><strong>corpore</strong></span> 
     </span>
     <span class='ocr_line' id='line_1_22' title="bbox 202 1903 2117 1966; baseline -0.002 -14"><span class='ocrx_word' id='word_1_190' title='bbox 202 1915 273 1952; x_wconf 92' lang='lat' dir='ltr'><strong>est</strong></span> <span class='ocrx_word' id='word_1_191' title='bbox 309 1906 358 1952; x_wconf 91' lang='lat' dir='ltr'><strong>in</strong></span> <span class='ocrx_word' id='word_1_192' title='bbox 397 1915 520 1953; x_wconf 91' lang='lat' dir='ltr'><strong>statu</strong></span> <span class='ocrx_word' id='word_1_193' title='bbox 555 1905 941 1961; x_wconf 82' lang='lat' dir='ltr'><strong>inconvenienti,</strong></span> <span class='ocrx_word' id='word_1_194' title='bbox 983 1906 1217 1965; x_wconf 83' lang='lat' dir='ltr'><strong>quamdiu</strong></span> <span class='ocrx_word' id='word_1_195' title='bbox 1254 1906 1527 1966; x_wconf 82' lang='lat' dir='ltr'><strong>perfectam</strong></span> <span class='ocrx_word' id='word_1_196' title='bbox 1563 1904 1921 1951; x_wconf 87' lang='lat' dir='ltr'><strong>beatitudinem</strong></span> <span class='ocrx_word' id='word_1_197' title='bbox 1951 1903 2117 1964; x_wconf 87' lang='lat' dir='ltr'><strong>quoad</strong></span> 
     </span>
     <span class='ocr_line' id='line_1_23' title="bbox 202 1980 1728 2039; baseline 0 -14"><span class='ocrx_word' id='word_1_198' title='bbox 202 1980 505 2028; x_wconf 85' lang='lat' dir='ltr'><strong>intellectum</strong></span> <span class='ocrx_word' id='word_1_199' title='bbox 541 1981 765 2027; x_wconf 89' lang='lat' dir='ltr'><strong>nondum</strong></span> <span class='ocrx_word' id='word_1_200' title='bbox 805 1991 1072 2027; x_wconf 87' lang='lat' dir='ltr'><strong>consecuta</strong></span> <span class='ocrx_word' id='word_1_201' title='bbox 1110 1990 1194 2039; x_wconf 88' lang='lat' dir='ltr'><strong>est,</strong></span> <span class='ocrx_word' id='word_1_202' title='bbox 1234 1996 1368 2035; x_wconf 60' lang='lat' dir='ltr'><strong>conc„</strong></span> <span class='ocrx_word' id='word_1_203' title='bbox 1408 1995 1562 2037; x_wconf 88' lang='lat' dir='ltr'><strong>secus,</strong></span> <span class='ocrx_word' id='word_1_204' title='bbox 1601 1995 1728 2039; x_wconf 74' lang='lat' dir='ltr'><strong>nege.</strong></span> 
     </span>
    </p>
   </div>
   <div class='ocr_carea' id='block_1_7' title="bbox 154 2080 2118 2295">
    <p class='ocr_par' dir='ltr' id='par_1_7' title="bbox 154 2080 2118 2295">
     <span class='ocr_line' id='line_1_24' title="bbox 154 2080 2115 2149; baseline -0.002 -17"><span class='ocrx_word' id='word_1_205' title='bbox 154 2147 157 2149; x_wconf 26' lang='grc'>-</span> <span class='ocrx_word' id='word_1_206' title='bbox 283 2092 385 2132; x_wconf 81' lang='lat' dir='ltr'><strong>Obi.</strong></span> <span class='ocrx_word' id='word_1_207' title='bbox 420 2104 485 2131; x_wconf 89' lang='lat'><strong>10.</strong></span> <span class='ocrx_word' id='word_1_208' title='bbox 560 2085 820 2132; x_wconf 83' lang='lat' dir='ltr'><strong>Beatitudo</strong></span> <span class='ocrx_word' id='word_1_209' title='bbox 869 2086 1019 2132; x_wconf 92' lang='lat' dir='ltr'><strong>debet</strong></span> <span class='ocrx_word' id='word_1_210' title='bbox 1066 2100 1172 2131; x_wconf 92' lang='lat' dir='ltr'><strong>esse</strong></span> <span class='ocrx_word' id='word_1_211' title='bbox 1220 2085 1431 2130; x_wconf 75' lang='lat' dir='ltr'><strong>lzmncma</strong></span> <span class='ocrx_word' id='word_1_212' title='bbox 1483 2093 1532 2131; x_wconf 88' lang='lat' dir='ltr'><strong>et</strong></span> <span class='ocrx_word' id='word_1_213' title='bbox 1584 2097 1860 2145; x_wconf 88' lang='lat' dir='ltr'><strong>congruere</strong></span> <span class='ocrx_word' id='word_1_214' title='bbox 1910 2080 2115 2129; x_wconf 87' lang='lat' dir='ltr'><strong>homini.</strong></span> 
     </span>
     <span class='ocr_line' id='line_1_25' title="bbox 201 2156 2118 2221; baseline -0.001 -17"><span class='ocrx_word' id='word_1_215' title='bbox 201 2159 353 2220; x_wconf 69' lang='lat' dir='ltr'><strong>Atqui</strong></span> <span class='ocrx_word' id='word_1_216' title='bbox 384 2161 535 2206; x_wconf 89' lang='lat' dir='ltr'><strong>homo</strong></span> <span class='ocrx_word' id='word_1_217' title='bbox 574 2160 895 2207; x_wconf 87' lang='lat' dir='ltr'><strong>essentialiter</strong></span> <span class='ocrx_word' id='word_1_218' title='bbox 922 2169 993 2207; x_wconf 91' lang='lat' dir='ltr'><strong>est</strong></span> <span class='ocrx_word' id='word_1_219' title='bbox 1019 2161 1321 2221; x_wconf 85' lang='lat' dir='ltr'><strong>compositus</strong></span> <span class='ocrx_word' id='word_1_220' title='bbox 1348 2174 1408 2206; x_wconf 74' lang='lat' dir='ltr'><strong>ex</strong></span> <span class='ocrx_word' id='word_1_221' title='bbox 1434 2175 1645 2220; x_wconf 89' lang='lat' dir='ltr'><strong>corpore</strong></span> <span class='ocrx_word' id='word_1_222' title='bbox 1672 2168 1721 2206; x_wconf 91' lang='lat' dir='ltr'><strong>et</strong></span> <span class='ocrx_word' id='word_1_223' title='bbox 1747 2157 1925 2205; x_wconf 89' lang='lat' dir='ltr'><strong>anima.</strong></span> <span class='ocrx_word' id='word_1_224' title='bbox 1978 2156 2118 2216; x_wconf 76' lang='lat' dir='ltr'><strong>Ergo</strong></span> 
     </span>
     <span class='ocr_line' id='line_1_26' title="bbox 202 2234 1074 2295; baseline 0 -15"><span class='ocrx_word' id='word_1_225' title='bbox 202 2250 381 2295; x_wconf 91' lang='lat' dir='ltr'><strong>corpus</strong></span> <span class='ocrx_word' id='word_1_226' title='bbox 418 2243 465 2281; x_wconf 89' lang='lat' dir='ltr'><strong>et</strong></span> <span class='ocrx_word' id='word_1_227' title='bbox 500 2234 665 2281; x_wconf 87' lang='lat' dir='ltr'><strong>anima</strong></span> <span class='ocrx_word' id='word_1_228' title='bbox 702 2235 888 2282; x_wconf 92' lang='lat' dir='ltr'><strong>debent</strong></span> <span class='ocrx_word' id='word_1_229' title='bbox 922 2234 1074 2282; x_wconf 89' lang='lat' dir='ltr'><strong>beari.</strong></span> 
     </span>
    </p>
   </div>
   <div class='ocr_carea' id='block_1_8' title="bbox 193 2335 2158 2848">
    <p class='ocr_par' dir='ltr' id='par_1_8' title="bbox 193 2335 2158 2848">
     <span class='ocr_line' id='line_1_27' title="bbox 280 2335 2119 2396; baseline -0.001 -12"><span class='ocrx_word' id='word_1_230' title='bbox 280 2348 430 2396; x_wconf 84' lang='lat' dir='ltr'><strong>Resp.</strong></span> <span class='ocrx_word' id='word_1_231' title='bbox 504 2339 634 2385; x_wconf 76' lang='lat' dir='ltr'><strong>Dist.</strong></span> <span class='ocrx_word' id='word_1_232' title='bbox 675 2341 815 2386; x_wconf 61' lang='lat' dir='ltr'><strong>mazl:</strong></span> <span class='ocrx_word' id='word_1_233' title='bbox 862 2339 1122 2386; x_wconf 85' lang='lat' dir='ltr'><strong>Beatitudo</strong></span> <span class='ocrx_word' id='word_1_234' title='bbox 1171 2339 1323 2386; x_wconf 89' lang='lat' dir='ltr'><strong>debet</strong></span> <span class='ocrx_word' id='word_1_235' title='bbox 1371 2353 1476 2386; x_wconf 93' lang='lat' dir='ltr'><strong>esse</strong></span> <span class='ocrx_word' id='word_1_236' title='bbox 1526 2339 1768 2394; x_wconf 88' lang='lat' dir='ltr'><strong>humana,</strong></span> <span class='ocrx_word' id='word_1_237' title='bbox 1807 2336 1836 2383; x_wconf 91' lang='lat' dir='ltr'><strong>i.</strong></span> <span class='ocrx_word' id='word_1_238' title='bbox 1876 2352 1917 2383; x_wconf 91' lang='lat' dir='ltr'><strong>e.</strong></span> <span class='ocrx_word' id='word_1_239' title='bbox 1968 2335 2119 2382; x_wconf 90' lang='lat' dir='ltr'><strong>debet</strong></span> 
     </span>
     <span class='ocr_line' id='line_1_28' title="bbox 200 2409 2119 2475; baseline -0.002 -15"><span class='ocrx_word' id='word_1_240' title='bbox 200 2415 372 2461; x_wconf 89' lang='lat' dir='ltr'><strong>saltem</strong></span> <span class='ocrx_word' id='word_1_241' title='bbox 421 2413 591 2474; x_wconf 89' lang='lat' dir='ltr'><strong>attingi</strong></span> <span class='ocrx_word' id='word_1_242' title='bbox 640 2415 701 2460; x_wconf 81' lang='lat' dir='ltr'><strong>ab</strong></span> <span class='ocrx_word' id='word_1_243' title='bbox 743 2429 803 2460; x_wconf 91' lang='lat' dir='ltr'><strong>ea</strong></span> <span class='ocrx_word' id='word_1_244' title='bbox 839 2422 978 2475; x_wconf 89' lang='lat' dir='ltr'><strong>parte</strong></span> <span class='ocrx_word' id='word_1_245' title='bbox 1016 2413 1255 2471; x_wconf 82' lang='lat' dir='ltr'><strong>hominis,</strong></span> <span class='ocrx_word' id='word_1_246' title='bbox 1309 2428 1434 2472; x_wconf 90' lang='lat' dir='ltr'><strong>quae</strong></span> <span class='ocrx_word' id='word_1_247' title='bbox 1474 2421 1546 2458; x_wconf 90' lang='lat' dir='ltr'><strong>est</strong></span> <span class='ocrx_word' id='word_1_248' title='bbox 1581 2411 1795 2458; x_wconf 88' lang='lat' dir='ltr'><strong>hominis</strong></span> <span class='ocrx_word' id='word_1_249' title='bbox 1831 2409 2035 2472; x_wconf 90' lang='lat' dir='ltr'><strong>propria</strong></span> <span class='ocrx_word' id='word_1_250' title='bbox 2070 2417 2119 2456; x_wconf 90' lang='lat' dir='ltr'><strong>et</strong></span> 
     </span>
     <span class='ocr_line' id='line_1_29' title="bbox 200 2485 2119 2550; baseline -0.002 -15"><span class='ocrx_word' id='word_1_251' title='bbox 200 2488 451 2550; x_wconf 83' lang='lat' dir='ltr'><strong>perfectae</strong></span> <span class='ocrx_word' id='word_1_252' title='bbox 487 2488 801 2535; x_wconf 88' lang='lat' dir='ltr'><strong>beatitudinis</strong></span> <span class='ocrx_word' id='word_1_253' title='bbox 839 2504 929 2550; x_wconf 91' lang='lat' dir='ltr'><strong>per</strong></span> <span class='ocrx_word' id='word_1_254' title='bbox 964 2504 1015 2535; x_wconf 94' lang='lat' dir='ltr'><strong>se</strong></span> <span class='ocrx_word' id='word_1_255' title='bbox 1054 2503 1211 2549; x_wconf 84' lang='lat' dir='ltr'><strong>capax</strong></span> <span class='ocrx_word' id='word_1_256' title='bbox 1249 2495 1296 2534; x_wconf 89' lang='lat' dir='ltr'><strong>et</strong></span> <span class='ocrx_word' id='word_1_257' title='bbox 1332 2486 1440 2533; x_wconf 84' lang='lat' dir='ltr'><strong>finis</strong></span> <span class='ocrx_word' id='word_1_258' title='bbox 1467 2494 1756 2544; x_wconf 88' lang='lat' dir='ltr'><strong>ceterarum,</strong></span> <span class='ocrx_word' id='word_1_259' title='bbox 1795 2501 1929 2541; x_wconf 64' lang='lat' dir='ltr'><strong>conc„</strong></span> <span class='ocrx_word' id='word_1_260' title='bbox 1967 2485 2119 2532; x_wconf 91' lang='lat' dir='ltr'><strong>debet</strong></span> 
     </span>
     <span class='ocr_line' id='line_1_30' title="bbox 202 2556 2118 2624; baseline -0.002 -15"><span class='ocrx_word' id='word_1_261' title='bbox 202 2564 264 2610; x_wconf 91' lang='lat' dir='ltr'><strong>ab</strong></span> <span class='ocrx_word' id='word_1_262' title='bbox 313 2563 540 2610; x_wconf 89' lang='lat' dir='ltr'><strong>omnibus</strong></span> <span class='ocrx_word' id='word_1_263' title='bbox 586 2564 805 2624; x_wconf 89' lang='lat' dir='ltr'><strong>partibus</strong></span> <span class='ocrx_word' id='word_1_264' title='bbox 855 2562 1067 2610; x_wconf 87' lang='lat' dir='ltr'><strong>obtineri</strong></span> <span class='ocrx_word' id='word_1_265' title='bbox 1117 2559 1307 2623; x_wconf 89' lang='lat' dir='ltr'><strong>(saltem</strong></span> <span class='ocrx_word' id='word_1_266' title='bbox 1356 2561 1521 2621; x_wconf 91' lang='lat' dir='ltr'><strong>aliquo</strong></span> <span class='ocrx_word' id='word_1_267' title='bbox 1570 2556 1758 2621; x_wconf 82' lang='lat' dir='ltr'><strong>modo),</strong></span> <span class='ocrx_word' id='word_1_268' title='bbox 1811 2561 2032 2606; x_wconf 80' lang='lat' dir='ltr'><strong>subdist.:</strong></span> <span class='ocrx_word' id='word_1_269' title='bbox 2079 2558 2118 2605; x_wconf 91' lang='lat' dir='ltr'><strong>si</strong></span> 
     </span>
     <span class='ocr_line' id='line_1_31' title="bbox 202 2634 2117 2697; baseline -0.003 -13"><span class='ocrx_word' id='word_1_270' title='bbox 202 2639 391 2695; x_wconf 90' lang='lat' dir='ltr'><strong>adsunt,</strong></span> <span class='ocrx_word' id='word_1_271' title='bbox 431 2654 565 2694; x_wconf 62' lang='lat' dir='ltr'><em>conc„</em></span> <span class='ocrx_word' id='word_1_272' title='bbox 605 2653 757 2695; x_wconf 88' lang='lat' dir='ltr'><strong>secus,</strong></span> <span class='ocrx_word' id='word_1_273' title='bbox 797 2653 888 2697; x_wconf 74' lang='lat' dir='ltr'><strong>neg</strong></span> <span class='ocrx_word' id='word_1_274' title='bbox 915 2675 923 2684; x_wconf 94' lang='lat'><strong>.</strong></span> <span class='ocrx_word' id='word_1_275' title='bbox 953 2663 1012 2667; x_wconf 70' lang='lat'>—</span> <span class='ocrx_word' id='word_1_276' title='bbox 1046 2636 1390 2683; x_wconf 88' lang='lat' dir='ltr'><strong>«Desiderium</strong></span> <span class='ocrx_word' id='word_1_277' title='bbox 1425 2635 1616 2682; x_wconf 91' lang='lat' dir='ltr'><strong>ratione</strong></span> <span class='ocrx_word' id='word_1_278' title='bbox 1642 2636 1932 2696; x_wconf 87' lang='lat' dir='ltr'><strong>regulatum,</strong></span> <span class='ocrx_word' id='word_1_279' title='bbox 1972 2634 2117 2694; x_wconf 89' lang='lat' dir='ltr'><strong>quale</strong></span> 
     </span>
     <span class='ocr_line' id='line_1_32' title="bbox 193 2708 2118 2774; baseline -0.003 -14"><span class='ocrx_word' id='word_1_280' title='bbox 193 2722 398 2774; x_wconf 83' lang='lat' dir='ltr'><strong>‘oportet</strong></span> <span class='ocrx_word' id='word_1_281' title='bbox 446 2728 551 2760; x_wconf 91' lang='lat' dir='ltr'><strong>esse</strong></span> <span class='ocrx_word' id='word_1_282' title='bbox 600 2713 780 2770; x_wconf 85' lang='lat' dir='ltr'><strong>felicis,</strong></span> <span class='ocrx_word' id='word_1_283' title='bbox 830 2728 932 2759; x_wconf 91' lang='lat' dir='ltr'><strong>non</strong></span> <span class='ocrx_word' id='word_1_284' title='bbox 979 2713 1130 2758; x_wconf 87' lang='lat' dir='ltr'><strong>habet</strong></span> <span class='ocrx_word' id='word_1_285' title='bbox 1165 2710 1559 2772; x_wconf 86' lang='lat' dir='ltr'><strong>inquietudinem</strong></span> <span class='ocrx_word' id='word_1_286' title='bbox 1596 2710 1659 2756; x_wconf 92' lang='lat' dir='ltr'><strong>de</strong></span> <span class='ocrx_word' id='word_1_287' title='bbox 1695 2708 1798 2767; x_wconf 90' lang='lat' dir='ltr'><strong>his,</strong></span> <span class='ocrx_word' id='word_1_288' title='bbox 1850 2722 1978 2770; x_wconf 93' lang='lat' dir='ltr'><strong>quae</strong></span> <span class='ocrx_word' id='word_1_289' title='bbox 2014 2723 2118 2754; x_wconf 87' lang='lat' dir='ltr'><strong>non</strong></span> 
     </span>
     <span class='ocr_line' id='line_1_33' title="bbox 202 2779 2158 2848; baseline -0.003 -14"><span class='ocrx_word' id='word_1_290' title='bbox 202 2796 312 2834; x_wconf 91' lang='lat' dir='ltr'><strong>sunt</strong></span> <span class='ocrx_word' id='word_1_291' title='bbox 369 2788 673 2846; x_wconf 90' lang='lat' dir='ltr'><strong>necessaria,</strong></span> <span class='ocrx_word' id='word_1_292' title='bbox 734 2787 851 2834; x_wconf 89' lang='lat' dir='ltr'><strong>licet</strong></span> <span class='ocrx_word' id='word_1_293' title='bbox 908 2787 1003 2834; x_wconf 89' lang='lat' dir='ltr'><strong>sint</strong></span> <span class='ocrx_word' id='word_1_294' title='bbox 1061 2786 1316 2848; x_wconf 89' lang='lat' dir='ltr'><strong>possibilia</strong></span> <span class='ocrx_word' id='word_1_295' title='bbox 1374 2785 1609 2846; x_wconf 86' lang='lat' dir='ltr'><strong>adipisci»</strong></span> <span class='ocrx_word' id='word_1_296' title='bbox 1675 2779 1739 2845; x_wconf 81' lang='lat' dir='ltr'><strong>(S.</strong></span> <span class='ocrx_word' id='word_1_297' title='bbox 1802 2783 1999 2839; x_wconf 54' lang='lat' dir='ltr'><strong>Tlmm„</strong></span> <span class='ocrx_word' id='word_1_298' title='bbox 2058 2784 2158 2828; x_wconf 46' lang='lat' dir='ltr'><strong>In*—</strong></span> 
     </span>
    </p>
   </div>
   <div class='ocr_carea' id='block_1_9' title="bbox 202 2858 542 2923">
    <p class='ocr_par' dir='ltr' id='par_1_9' title="bbox 202 2858 542 2923">
     <span class='ocr_line' id='line_1_34' title="bbox 202 2858 542 2923; baseline 0.003 -15"><span class='ocrx_word' id='word_1_299' title='bbox 202 2864 223 2908; x_wconf 76' lang='grc' dir='ltr'>Ι</span> <span class='ocrx_word' id='word_1_300' title='bbox 261 2863 371 2910; x_wconf 82' lang='lat' dir='ltr'><strong>Eth.</strong></span> <span class='ocrx_word' id='word_1_301' title='bbox 411 2863 440 2909; x_wconf 88' lang='lat'><strong>1.</strong></span> <span class='ocrx_word' id='word_1_302' title='bbox 480 2858 542 2923; x_wconf 71' lang='lat'><strong>9).</strong></span> 
     </span>
    </p>
   </div>
   <div class='ocr_carea' id='block_1_10' title="bbox 203 2960 2118 3251">
    <p class='ocr_par' dir='ltr' id='par_1_10' title="bbox 203 2960 2118 3251">
     <span class='ocr_line' id='line_1_35' title="bbox 285 2960 2118 3014; baseline -0.004 -1"><span class='ocrx_word' id='word_1_303' title='bbox 285 2974 478 3014; x_wconf 82' lang='lat' dir='ltr'><strong>Ob1&#39;.11.</strong></span> <span class='ocrx_word' id='word_1_304' title='bbox 549 2968 684 3013; x_wconf 87' lang='lat' dir='ltr'><strong>Intra</strong></span> <span class='ocrx_word' id='word_1_305' title='bbox 731 2966 956 3012; x_wconf 90' lang='lat' dir='ltr'><strong>ordinem</strong></span> <span class='ocrx_word' id='word_1_306' title='bbox 1005 2966 1282 3012; x_wconf 89' lang='lat' dir='ltr'><strong>naturalem</strong></span> <span class='ocrx_word' id='word_1_307' title='bbox 1318 2965 1454 3011; x_wconf 90' lang='lat' dir='ltr'><strong>Deus</strong></span> <span class='ocrx_word' id='word_1_308' title='bbox 1501 2963 1658 3010; x_wconf 90' lang='lat' dir='ltr'><strong>solum</strong></span> <span class='ocrx_word' id='word_1_309' title='bbox 1707 2960 2001 3008; x_wconf 85' lang='lat' dir='ltr'><strong>abstractive</strong></span> <span class='ocrx_word' id='word_1_310' title='bbox 2039 2975 2118 3007; x_wconf 92' lang='lat' dir='ltr'><strong>co-</strong></span> 
     </span>
     <span class='ocr_line' id='line_1_36' title="bbox 203 3034 2117 3102; baseline -0.004 -14"><span class='ocrx_word' id='word_1_311' title='bbox 203 3050 537 3101; x_wconf 87' lang='lat' dir='ltr'><strong>gnosceretur.</strong></span> <span class='ocrx_word' id='word_1_312' title='bbox 600 3041 751 3102; x_wconf 68' lang='lat' dir='ltr'><strong>Atqui</strong></span> <span class='ocrx_word' id='word_1_313' title='bbox 783 3041 918 3087; x_wconf 87' lang='lat' dir='ltr'><strong>Deus</strong></span> <span class='ocrx_word' id='word_1_314' title='bbox 956 3040 1249 3087; x_wconf 79' lang='lat' dir='ltr'><strong>abstractive</strong></span> <span class='ocrx_word' id='word_1_315' title='bbox 1287 3039 1511 3100; x_wconf 88' lang='lat' dir='ltr'><strong>cognitus</strong></span> <span class='ocrx_word' id='word_1_316' title='bbox 1536 3036 1709 3097; x_wconf 88' lang='lat' dir='ltr'><strong>nequit</strong></span> <span class='ocrx_word' id='word_1_317' title='bbox 1734 3051 1840 3083; x_wconf 88' lang='lat' dir='ltr'><strong>esse</strong></span> <span class='ocrx_word' id='word_1_318' title='bbox 1868 3034 2117 3082; x_wconf 91' lang='lat' dir='ltr'><strong>obiectum</strong></span> 
     </span>
     <span class='ocr_line' id='line_1_37' title="bbox 204 3111 2117 3177; baseline -0.004 -15"><span class='ocrx_word' id='word_1_319' title='bbox 204 3115 448 3163; x_wconf 86' lang='lat' dir='ltr'><strong>sufficiens</strong></span> <span class='ocrx_word' id='word_1_320' title='bbox 484 3115 813 3163; x_wconf 88' lang='lat' dir='ltr'><strong>beatitudinis.</strong></span> <span class='ocrx_word' id='word_1_321' title='bbox 874 3115 1012 3174; x_wconf 73' lang='lat' dir='ltr'><strong>Ergo</strong></span> <span class='ocrx_word' id='word_1_322' title='bbox 1039 3153 1048 3161; x_wconf 89' lang='lat'><strong>.</strong></span> <span class='ocrx_word' id='word_1_323' title='bbox 1080 3153 1087 3162; x_wconf 96' lang='lat'><strong><em>.</em></strong></span> <span class='ocrx_word' id='word_1_324' title='bbox 1117 3153 1125 3160; x_wconf 95' lang='lat'><strong><em>.</em></strong></span> <span class='ocrx_word' id='word_1_325' title='bbox 1175 3115 1315 3160; x_wconf 75' lang='lat' dir='ltr'><strong>Proh.</strong></span> <span class='ocrx_word' id='word_1_326' title='bbox 1354 3116 1463 3177; x_wconf 49' lang='lat' dir='ltr'><strong>min:</strong></span> <span class='ocrx_word' id='word_1_327' title='bbox 1485 3130 1498 3159; x_wconf 92' lang='lat'><em>:</em></span> <span class='ocrx_word' id='word_1_328' title='bbox 1536 3111 1635 3170; x_wconf 85' lang='lat' dir='ltr'><strong>Qui</strong></span> <span class='ocrx_word' id='word_1_329' title='bbox 1671 3111 1888 3171; x_wconf 89' lang='lat' dir='ltr'><strong>aliquem</strong></span> <span class='ocrx_word' id='word_1_330' title='bbox 1923 3111 2117 3156; x_wconf 89' lang='lat' dir='ltr'><strong>intense</strong></span> 
     </span>
     <span class='ocr_line' id='line_1_38' title="bbox 204 3184 2115 3251; baseline -0.003 -15"><span class='ocrx_word' id='word_1_331' title='bbox 204 3199 356 3248; x_wconf 89' lang='lat' dir='ltr'><strong>amat,</strong></span> <span class='ocrx_word' id='word_1_332' title='bbox 396 3207 498 3237; x_wconf 89' lang='lat' dir='ltr'><strong>non</strong></span> <span class='ocrx_word' id='word_1_333' title='bbox 536 3190 767 3251; x_wconf 87' lang='lat' dir='ltr'><strong>quiescit,</strong></span> <span class='ocrx_word' id='word_1_334' title='bbox 807 3190 972 3236; x_wconf 88' lang='lat' dir='ltr'><strong>donec</strong></span> <span class='ocrx_word' id='word_1_335' title='bbox 1009 3205 1120 3236; x_wconf 88' lang='lat' dir='ltr'><strong>eum</strong></span> <span class='ocrx_word' id='word_1_336' title='bbox 1157 3189 1402 3235; x_wconf 89' lang='lat' dir='ltr'><strong>intueatur</strong></span> <span class='ocrx_word' id='word_1_337' title='bbox 1439 3187 1641 3247; x_wconf 87' lang='lat' dir='ltr'><strong>eiusque</strong></span> <span class='ocrx_word' id='word_1_338' title='bbox 1678 3193 1881 3247; x_wconf 90' lang='lat' dir='ltr'><strong>aspectu</strong></span> <span class='ocrx_word' id='word_1_339' title='bbox 1917 3184 2115 3231; x_wconf 88' lang='lat' dir='ltr'><strong>fruatur.</strong></span> 
     </span>
    </p>
   </div>
   <div class='ocr_carea' id='block_1_11' title="bbox 206 3287 2114 3427">
    <p class='ocr_par' dir='ltr' id='par_1_11' title="bbox 206 3287 2114 3427">
     <span class='ocr_line' id='line_1_39' title="bbox 284 3287 2114 3354; baseline -0.003 -14"><span class='ocrx_word' id='word_1_340' title='bbox 284 3304 434 3352; x_wconf 85' lang='lat' dir='ltr'><strong>Resp.</strong></span> <span class='ocrx_word' id='word_1_341' title='bbox 509 3295 643 3342; x_wconf 74' lang='lat' dir='ltr'><strong>Cone.</strong></span> <span class='ocrx_word' id='word_1_342' title='bbox 682 3296 790 3341; x_wconf 77' lang='lat' dir='ltr'><strong>mai.</strong></span> <span class='ocrx_word' id='word_1_343' title='bbox 862 3293 1002 3353; x_wconf 74' lang='lat' dir='ltr'><strong>Nego</strong></span> <span class='ocrx_word' id='word_1_344' title='bbox 1037 3295 1146 3340; x_wconf 78' lang='lat' dir='ltr'><strong>min.</strong></span> <span class='ocrx_word' id='word_1_345' title='bbox 1219 3292 1306 3339; x_wconf 79' lang='lat' dir='ltr'><strong>Ad</strong></span> <span class='ocrx_word' id='word_1_346' title='bbox 1325 3292 1514 3354; x_wconf 76' lang='lat' dir='ltr'><strong>probat.</strong></span> <span class='ocrx_word' id='word_1_347' title='bbox 1552 3291 1656 3337; x_wconf 77' lang='lat' dir='ltr'><strong>dist.</strong></span> <span class='ocrx_word' id='word_1_348' title='bbox 1676 3308 1690 3336; x_wconf 93' lang='lat'><strong>.·</strong></span> <span class='ocrx_word' id='word_1_349' title='bbox 1739 3290 1855 3336; x_wconf 91' lang='lat' dir='ltr'><strong>Non</strong></span> <span class='ocrx_word' id='word_1_350' title='bbox 1894 3287 2114 3351; x_wconf 88' lang='lat' dir='ltr'><strong>quiescit,</strong></span> 
     </span>
     <span class='ocr_line' id='line_1_40' title="bbox 206 3363 2111 3427; baseline -0.004 -11"><span class='ocrx_word' id='word_1_351' title='bbox 206 3369 369 3416; x_wconf 90' lang='lat' dir='ltr'><strong>donec</strong></span> <span class='ocrx_word' id='word_1_352' title='bbox 405 3385 517 3416; x_wconf 89' lang='lat' dir='ltr'><strong>eum</strong></span> <span class='ocrx_word' id='word_1_353' title='bbox 545 3370 801 3427; x_wconf 89' lang='lat' dir='ltr'><strong>intueatur,</strong></span> <span class='ocrx_word' id='word_1_354' title='bbox 841 3369 880 3415; x_wconf 93' lang='lat' dir='ltr'><strong>si</strong></span> <span class='ocrx_word' id='word_1_355' title='bbox 904 3368 1043 3415; x_wconf 89' lang='lat' dir='ltr'><strong>huius</strong></span> <span class='ocrx_word' id='word_1_356' title='bbox 1068 3367 1269 3415; x_wconf 87' lang='lat' dir='ltr'><strong>visionis</strong></span> <span class='ocrx_word' id='word_1_357' title='bbox 1293 3366 1568 3414; x_wconf 86' lang='lat' dir='ltr'><strong>naturalem</strong></span> <span class='ocrx_word' id='word_1_358' title='bbox 1594 3365 1746 3412; x_wconf 87' lang='lat' dir='ltr'><strong>habet</strong></span> <span class='ocrx_word' id='word_1_359' title='bbox 1770 3363 2111 3425; x_wconf 84' lang='lat' dir='ltr'><strong>capacitatem,</strong></span> 
     </span>
    </p>
   </div>
  </div>
 </body>
</html>
