2182 3682
110 181 208 210 CAP.
244 182 309 209 111.
358 181 418 208 DF„
454 180 686 208 BONITATE
721 179 778 207 ET
815 179 1012 208 MALITIA
1047 179 1223 207 MORALI
1258 180 1453 209 ACTUUM
1488 182 1810 211 HUMANORUM.
1871 172 1939 234 67

47 333 115 364 ex
155 332 335 364 earum
376 324 559 365 natura
599 316 959 381 dignoscitur,
1015 332 1278 380 quaenam
1334 316 1399 365 sit
1440 318 1678 381 operatio
1720 319 1778 367 iis
1820 336 1942 368 con-

45 397 259 446 veniens
300 405 353 446 et
393 397 549 447 bona.
631 397 783 461 Ergo
824 397 966 446 idem
1009 397 1076 445 de
1116 396 1331 446 homine
1373 397 1675 447 dicendum.

121 477 278 527 Proh.
337 486 502 528 antec.
582 472 749 527 Nam'
789 485 1005 527 «natura
1061 477 1187 526 nihil
1247 477 1388 526 aliud
1451 487 1529 527 est
1590 496 1751 544 quam
1812 483 1942 531 ratio

49 558 320 609 cuiusdam
379 560 530 620 artis,
599 558 690 609 scl.
748 560 983 620 divinae,
1051 559 1217 609 indita
1276 559 1462 620 rebus,
1532 577 1637 625 qua
1691 561 1805 626 ipsa
1864 580 1945 612 res

49 649 328 690 moventur
374 643 461 693 aad
527 642 687 691 finem
755 641 1196 691 determinatum»
1268 642 1337 704 (n.
1409 642 1476 704 7).
1578 641 1719 692 Hinc
1784 660 1945 709 saepe

48 721 99 772 S.
144 721 384 772 Thomas
424 723 676 772 affirmat:
744 723 1076 788 «Unicuique
1118 723 1322 772 bonum
1364 732 1470 783 est,
1525 724 1674 788 quod
1728 734 1808 773 est
1848 725 1946 774 sibi

48 803 353 854 conaturale
405 813 457 854 et
513 805 1006 870 proportionatum»
1055 806 1137 868 (Ι,
1195 818 1252 865 2,
1310 822 1358 870 q.
1406 816 1490 868 27,
1536 821 1578 854 a.
1632 806 1706 868 Ι>ῑ
1766 804 1947 856 «Sicut

47 887 470 952 unumquodque
510 887 675 936 habet
714 886 1007 936 naturalem
1061 887 1463 936 consonantiam
1505 894 1558 936 et
1597 888 1946 952 aptitudinem

46 967 113 1017 ad
153 967 207 1017 id
248 969 397 1034 quod
437 969 536 1018 sibi
576 969 849 1029 convenit,
911 985 1046 1034 quae
1103 976 1184 1018 est
1223 985 1374 1018 amor
1424 969 1701 1029 naturalis,
1756 970 1828 1019 ita
1878 971 1945 1019 ad

45 1049 98 1098 id
140 1050 288 1115 quod
329 1057 409 1100 est
449 1051 548 1100 sibi
589 1068 893 1116 repugnans
935 1060 987 1100 et
1039 1051 1316 1111 nocivum,
1360 1050 1525 1100 habet
1566 1051 1948 1101 dissonantiam

46 1131 353 1192 naturalem,
398 1150 532 1198 quae
574 1141 653 1182 est
694 1133 878 1182 odium
919 1132 1170 1182 naturale.
1217 1174 1224 1182 .
1274 1175 1281 1182 .
1330 1174 1337 1182 .
1394 1131 1543 1182 Sicut
1584 1141 1758 1183 autem
1791 1151 1948 1183 omne

48 1215 383 1275 conveniens,
427 1215 478 1263 in
520 1224 779 1280 quantum
823 1215 1142 1275 huiusmodi,
1187 1214 1352 1264 habet
1393 1216 1651 1264 rationem
1692 1216 1835 1277 boni,
1879 1217 1949 1266 ita

47 1284 205 1345 omn—e
261 1285 590 1362 repugnans,
649 1298 701 1347 in
761 1306 1021 1363 quantum
1081 1297 1415 1357 huiusmodi,
1474 1296 1636 1347 habet
1693 1299 1949 1347 rationem

49 1377 200 1427 mali»
249 1380 319 1442 (1,
366 1392 412 1438 2,
457 1396 505 1444 q.
553 1393 637 1442 29,
680 1396 725 1429 a.
778 1380 840 1442 Ι).

124 1461 287 1508 Prob.
326 1476 370 1522 3.
452 1461 655 1521 Norma
707 1462 1019 1511 moralitatis
1073 1462 1236 1512 debet
1293 1478 1407 1511 esse
1460 1461 1604 1522 talis,
1661 1471 1719 1511 ut
1767 1476 1807 1511 Ι.
1852 1480 1948 1528 pro

51 1543 297 1612 omnihus
360 1543 582 1592 eaedem
640 1543 855 1608 regulae
911 1543 1204 1593 honestatis
1263 1544 1387 1592 inde
1444 1544 1664 1593 derivari
1716 1534 1947 1610 possint3

53 1637 98 1675 2.
143 1631 201 1674 ut
250 1607 382 1697 hae
385 1625 620 1694 legulae
668 1626 770 1675 sint
821 1625 1178 1675 immutabiles
1231 1633 1284 1674 et
1335 1625 1675 1675 nihilominus
1726 1627 1777 1675 in
1831 1644 1952 1676 con-

49 1714 202 1772 creto
249 1690 419 1757 varias
473 1690 862 1774 applicationes
915 1726 1011 1774 pro
1072 1708 1377 1757 dixersitate
1437 1709 1947 1758 circumstantiarum

27 1768 357 1857 ,admittant;
431 1804 477 1854 3.
536 1798 593 1850 ut
649 1791 840 1840 eadem
896 1791 962 1839 sit
1018 1790 1264 1840 omnibus
1320 1790 1626 1840 hominibus
1688 1798 1949 1857 perpetuo

49 1889 332 1949 ΡῑειιὲξθυτῆιξΗ
355 1880 408 1921 et
464 1872 766 1935 manifesta3
825 1887 874 1934 4.
920 1883 977 1922 ut
1034 1890 1221 1922 omnes
1277 1871 1424 1938 leges
1480 1872 1774 1922 honestatis
1829 1873 1953 1922 inde

48 1953 254 2035 OQ
257 1954 485 2021 possint
566 1955 739 2020 Atqm
787 1955 886 2021 hae
927 1956 1281 2020 proprietates
1320 1954 1418 2004 soli
1460 1972 1678 2004 normae
1726 1956 1778 2004 in
1819 1955 1954 2004 thesi

48 2044 279 2087 statutae
321 2037 660 2087 conveniunt.
741 2037 895 2101 Ergo
952 2078 959 2085 .
1009 2080 1015 2087 .

122 2158 262 2205 Proh.
301 2160 409 2205 min.
471 2158 600 2204 Nam
638 2167 810 2205 natura
846 2159 1061 2205 humana
1099 2158 1265 2218 quoad
1303 2158 1581 2205 essentialia
1618 2166 1690 2205 est
1726 2158 1954 2206 omnibus

46 2233 325 2280 hominibus
364 2234 638 2280 communis
677 2241 723 2280 et
760 2233 1089 2280 immutabilis.

127 2310 201 2354 Ex
255 2324 314 2356 ea
368 2317 530 2356 autem
583 2324 755 2356 omnes
806 2309 998 2369 regulas
1049 2307 1317 2355 honestatis
1370 2307 1549 2354 deduci
1608 2322 1752 2368 posse
1813 2308 1955 2355 facile

47 2383 238 2430 ostendi
274 2391 437 2445 potest
466 2384 861 2431 «considerando
888 2392 1112 2430 naturam
1139 2383 1386 2443 complete
1413 2391 1459 2428 et
1484 2382 1757 2429 secundum
1783 2398 1955 2429 omnes

0 2467 6 2469 ·
47 2473 154 2504 suas
202 2459 465 2506 relationes
514 2460 576 2506 ad
624 2459 745 2505 alios
781 2457 1033 2515 homines,
1085 2458 1148 2504 ad
1186 2465 1432 2504 creaturas
1470 2457 1753 2514 inferiores,
1804 2457 1867 2503 ad
1904 2473 1954 2504 se

47 2533 206 2594 ipsum
244 2542 292 2581 et
328 2534 392 2580 ad
422 2536 633 2591 Deum»,
672 2549 733 2581 eo
770 2533 937 2591 modo,
977 2547 1075 2594 quo
1112 2532 1209 2578 iam
1247 2532 1293 2578 S.
1330 2532 1533 2578 lemmzs
1569 2532 1684 2578 fecit
1722 2528 1794 2593 (C.
1823 2542 1952 2593 gent.

47 2608 77 2654 1.
117 2624 160 2668 3,
200 2625 241 2656 c.
286 2605 423 2671 129):

124 2678 169 2743 a)
212 2683 547 2744 «Cuicumque
596 2692 668 2730 est
717 2682 902 2744 aliquid
951 2683 1197 2739 naturale,
1249 2690 1445 2743 oportet
1488 2696 1593 2728 esse
1630 2683 1850 2728 naturale
1887 2681 1951 2738 id,

47 2756 151 2805 sine
188 2774 286 2819 quo
324 2759 443 2806 illud
479 2758 651 2805 haberi
688 2774 789 2804 non
826 2767 1015 2819 potest3
1068 2765 1241 2803 natura
1278 2757 1409 2803 enim
1447 2770 1548 2802 non
1587 2756 1752 2802 deficit
1787 2756 1838 2801 in
1875 2771 1955 2802 ne-

49 2832 281 2880 cessariis.
332 2834 419 2880 Est
455 2842 617 2880 autem
654 2833 843 2879 homini
879 2833 1116 2890 naturale,
1156 2831 1292 2892 quod
1328 2831 1387 2878 sit
1423 2830 1605 2877 animal
1637 2831 1834 2877 sociale.
1867 2869 1874 2877 .
1905 2869 1911 2876 .
1944 2868 1950 2876 .

48 2907 121 2953 Ea
170 2906 339 2967 igitur,
393 2907 498 2954 sine
550 2907 726 2968 quibus
778 2908 987 2954 societas
1034 2908 1250 2953 humana
1298 2905 1581 2953 conservari
1629 2920 1731 2951 non
1778 2914 1951 2966 potest,

49 2990 157 3028 sunt
191 2982 380 3028 homini
417 2983 701 3029 naturaliter
738 2981 1115 3041 convenientia3
1167 2980 1445 3028 huiusmodi
1482 2988 1644 3026 autem
1682 2988 1815 3036 sunt,
1854 2979 1954 3025 uni-

20 3055 224 3116 cuique
261 3057 397 3117 quod
434 3073 572 3103 suum
609 3065 680 3103 est
717 3071 1038 3113 conservare,
1085 3063 1133 3102 et
1169 3057 1231 3102 ab
1268 3054 1454 3102 iniuriis
1492 3054 1784 3110 abstinere»,
1824 3070 1867 3099 v.
1907 3069 1951 3113 g.

48 3145 76 3175 a
111 3130 252 3188 furto,
290 3131 574 3188 homicidio,
613 3130 870 3187 adulterio,
910 3131 1031 3177 falso
1068 3129 1350 3177 testimonio
1389 3138 1479 3176 etc.
1521 3125 1585 3188 (S.
1621 3128 1782 3174 Tlmm.
1816 3128 1844 3174 l.
1875 3123 1950 3187 c.).

122 3199 173 3264 b)
210 3205 476 3252 Inferiores
511 3221 590 3252 res
627 3213 736 3252 sunt
770 3205 960 3252 homini
998 3205 1156 3263 datae,
1199 3213 1250 3251 ut
1286 3204 1342 3250 iis
1379 3211 1538 3250 utatur
1575 3202 1638 3248 ad
1675 3217 1789 3248 suae
1826 3202 1954 3248 vitae

46 3278 404 3325 necessitatem.
474 3281 562 3326 Est
609 3288 770 3326 autem
815 3280 979 3341 aliqua
1014 3294 1245 3326 mensura
1281 3277 1632 3333 determinata,
1684 3275 1952 3322 secundum

49 3366 197 3411 quam
245 3367 356 3399 usus
406 3367 569 3399 rerum
618 3354 984 3414 praedictarum
1036 3360 1108 3400 est
1158 3353 1403 3398 humanae
1455 3352 1582 3398 vitae
1635 3350 1951 3396 conveniens.
