2182 3682
572 173 659 202 LIB.
695 174 723 202 Ι.
769 173 868 211 CAP.
902 173 944 202 V.
991 173 1054 200 DE
1089 172 1459 204 CONTRACTIBUS.
1857 174 1955 228 325

71 310 480 362 determinantes
536 326 837 359 mensuram
895 308 1088 358 fenoris
1142 308 1433 373 abrogatae
1486 318 1632 370 sunt,
1695 310 1960 360 ut’habe-

70 401 210 443 retur
236 391 404 456 plena
445 390 671 441 libertas
710 389 1083 450 oeconomica,
1138 388 1349 454 qualem
1402 390 1670 455 requirunt
1709 392 1963 457 principia

70 472 382 524 liberalismi.
465 472 655 538 Neque
703 472 1008 537 quisquam,
1063 476 1119 520 ut
1160 470 1394 531 videtur,
1448 471 1498 519 in
1539 470 1619 520 his
1660 473 1962 537 regionibus

65 555 163 605 sibi
214 554 458 604 conscius
510 562 590 603 est
639 570 696 603 se
737 553 785 601 vi
841 551 1240 602 consuetudinis
1292 552 1359 601 ad
1412 559 1610 602 certam
1660 570 1959 603 mensuram

68 636 260 686 fenoris
299 635 554 701 restringi.

69 778 215 831 421.
296 766 470 817 Sclcol.
528 783 574 816 I.
656 767 935 832 Principia,
993 765 1183 831 quibus
1235 773 1440 814 veteres
1479 764 1800 815 illiceitatem
1842 783 1961 816 con-

65 856 264 900 tractus
319 848 546 898 fenebris
599 849 857 915 probant,
916 865 1023 897 non
1078 846 1254 896 solum
1306 855 1425 896 sunt
1476 848 1528 896 in
1579 865 1635 896 se
1674 848 1958 909 verissima,

63 931 158 981 sed
199 931 358 981 etiam
398 947 496 996 pro
536 929 625 980 illo
666 938 909 995 tempore
951 937 1091 979 recte
1121 935 1369 994 poterant
1398 929 1463 978 ad
1493 929 1771 995 pecuniam
1800 929 1961 995 appli-

65 1013 182 1063 cari.
281 1011 414 1062 Cum
474 1019 654 1061 tamen
713 1011 872 1061 hodie
928 1011 999 1060 ob
1056 1018 1286 1061 mutatas
1342 1012 1684 1061 condiciones
1739 1009 1962 1061 sociales

63 1095 289 1161 pecunia
340 1111 446 1143 non
497 1095 564 1143 sit
617 1111 697 1143 res
749 1110 891 1142 mere
945 1094 1339 1159 consumptiva,
1393 1111 1672 1159 perperam
1724 1094 1842 1159 quis
1893 1111 1961 1142 ex

62 1185 298 1227 veterum
338 1176 606 1242 principiis
647 1174 991 1225 concluderet
1031 1175 1192 1224 hodie
1232 1192 1450 1241 quoque
1491 1175 1641 1224 fenus
1681 1174 1962 1241 quodlibet

62 1259 258 1308 habere
299 1259 555 1308 rationem
595 1274 786 1307 usurae
825 1255 1048 1307 illicitae.

62 1410 209 1462 422.
291 1397 465 1448 Schel.
499 1413 546 1447 2.
617 1399 832 1447 Novum
874 1398 1094 1448 modum
1137 1397 1452 1448 conciliandi
1482 1398 1759 1463 opiniones
1787 1415 1959 1448 recen-

60 1482 248 1532 tiorum
299 1480 367 1530 de
408 1480 635 1530 liceitate
676 1480 869 1529 fenoris
910 1498 1032 1530 cum
1074 1480 1314 1530 doctrina
1340 1487 1579 1529 veterum
1617 1479 1684 1529 de
1724 1479 1960 1529 eiusdem

61 1563 326 1613 illiceitate
381 1562 710 1628 excogitavit
761 1562 1047 1613 Ballerini
1097 1562 1272 1628 (Opus
1323 1561 1561 1627 theolog.
1617 1561 1818 1612 morale
1868 1562 1956 1622 HI,

60 1652 211 1695 tract.
256 1647 303 1705 8,
345 1662 393 1695 n.
430 1645 570 1708 319).
652 1645 807 1694 Putat
848 1645 970 1694 ideo
1011 1644 1185 1694 solum
1225 1651 1432 1693 veteres
1473 1643 1769 1693 declarasse
1811 1643 1960 1694 fenus

59 1727 312 1789 illicitum,
356 1727 479 1793 quia
519 1727 919 1777 concessionem
964 1727 1221 1792 pecuniae
1253 1725 1402 1775 alteri
1430 1726 1497 1775 ad
1527 1734 1736 1791 tempus
1765 1725 1959 1776 factam

61 1828 131 1860 ex
195 1809 561 1859 consuelucz'ine
626 1809 778 1859 illius
848 1809 1106 1873 temporis
1171 1808 1620 1858 consideraverint
1684 1816 1957 1874 tamquam

60 1899 320 1953 venturum,
378 1891 467 1957 qui
521 1899 825 1941 contractus
878 1908 945 1940 ex
998 1891 1225 1940 essentia
1276 1908 1371 1939 sua
1423 1898 1503 1940 est
1545 1889 1849 1955 grasulfus,
1907 1900 1959 1941 et

57 1974 179 2024 ideo
236 1973 790 2039 recompensationem
844 1981 1053 2039 praeter
1101 1973 1488 2023 restitutionem
1527 1973 1683 2022 sortis
1724 1990 1830 2021 non
1872 1973 1958 2022 ad-

57 2056 230 2106 mittit.
311 2056 492 2121 Negat
539 2064 719 2105 autem
759 2073 828 2105 cx
867 2064 1065 2105 namra
1109 2055 1195 2105 rei
1238 2063 1508 2105 mulualae
1549 2055 1758 2104 ostendi
1799 2072 1958 2121 posse

56 2154 378 2204 repugnare,
439 2146 495 2186 ut
551 2138 667 2203 quis
723 2147 933 2203 practer
984 2139 1372 2188 restitutionem
1425 2138 1495 2187 rei
1548 2146 1821 2187 mutuatae
1873 2137 1957 2188 ali-

57 2237 215 2286 quam
270 2220 823 2284 recompensationem
876 2219 1126 2285 postulet.
1209 2220 1366 2270 Hanc
1418 2228 1594 2269 autem
1640 2220 1957 2270 sententiam

54 2318 234 2352 veram
275 2318 383 2351 non
424 2318 539 2351 esse
579 2301 661 2351 vel
703 2302 825 2351 inde
866 2310 1028 2367 patet,
1074 2303 1221 2368 quod
1251 2310 1458 2352 veteres
1487 2302 1625 2352 duce
1654 2301 1706 2352 S.
1748 2302 1956 2352 leoma

54 2386 124 2450 (2,
170 2398 227 2446 2,
283 2402 333 2451 q.
387 2386 481 2448 78,
538 2402 581 2434 a.
635 2385 680 2449 Ι)
733 2385 1048 2434 unanimiter
1101 2384 1424 2434 illiceitatem
1478 2385 1672 2434 fenoris
1724 2403 1793 2434 ex
1843 2385 1958 2451 ipsa

53 2475 253 2518 natura
283 2466 546 2532 pecuniae
586 2484 690 2532 qua
732 2467 803 2516 rei
839 2467 1264 2533 consumptibilis
1294 2468 1580 2517 deducunt.
1662 2467 1953 2528 Praeterea,

52 2550 97 2599 si
134 2548 266 2599 haec
307 2550 488 2615 opinio
516 2566 640 2599 vera
680 2558 834 2610 esset,
880 2550 1202 2599 feneratores
1231 2549 1357 2599 olim
1386 2550 1685 2616 potuissent
1714 2549 1956 2600 facillime

54 2630 200 2698 leges
241 2630 513 2681 Ecclesiae
555 2631 693 2682 circa
733 2649 944 2682 usuram
988 2631 1230 2694 eludere,
1276 2631 1599 2682 declarando
1639 2650 1696 2682 se
1738 2649 1842 2682 non
1886 2632 1954 2681 in-

53 2713 273 2763 tendere
315 2713 487 2763 facere
528 2721 860 2764 contractum
903 2715 1206 2780 gratuitum,
1249 2714 1345 2764 sed
1387 2731 1687 2764 onerosum.

56 2864 203 2916 423.
284 2852 460 2903 Schol.
504 2869 561 2917 3.
642 2851 875 2918 Quidam
929 2855 1247 2904 recentiores
1289 2854 1619 2920 distinguunt
1659 2855 1793 2904 inter
1834 2871 1953 2903 con-

52 2943 279 2985 tractum
348 2935 621 2985 fenebrem
676 2936 1054 3000 productivum
1113 2945 1167 2986 et
1225 2937 1653 3002 Conslmlpll'vmll.
1755 2937 1954 2985 Dicunt

53 3017 298 3067 nimirum
351 3018 602 3067 iniustum
658 3018 872 3084 quidem
931 3036 1047 3068 esse
1099 3018 1248 3068 fenus
1300 3020 1541 3085 accipere
1593 3019 1661 3068 ab
1714 3036 1804 3078 eo,
1865 3017 1953 3083 qui

54 3101 334 3165 pecuniam
400 3106 666 3150 mutuatur
730 3099 904 3150 solum
961 3118 1031 3150 ex
1084 3101 1376 3166 indigentia
1428 3109 1481 3150 et
1535 3101 1603 3150 ad
1658 3100 1953 3150 necessaria

52 3181 190 3231 vitae
241 3183 606 3248 procuranda3
660 3199 769 3232 non
809 3200 936 3232 vero
988 3183 1240 3233 iniustum
1281 3200 1396 3233 esse
1438 3183 1587 3232 fenus
1628 3183 1843 3248 exigere
1883 3181 1950 3231 ab

53 3279 132 3324 eo,
177 3264 267 3329 qui
305 3264 531 3330 pecunia
570 3265 647 3314 uti
686 3265 912 3315 intendit
939 3265 1007 3315 ad
1036 3266 1422 3331 negotiandum
1452 3273 1504 3314 et
1531 3264 1733 3314 lucrum
1763 3264 1950 3313 facien-

52 3345 181 3395 dum
222 3347 310 3410 (ad
352 3346 802 3412 productionem).
872 3346 980 3398 Sed
1022 3349 1263 3414 quamvis
1304 3347 1436 3397 haec
1470 3347 1674 3396 diversa
1703 3346 1948 3397 condicio
