2182 3682
600 201 752 231 CAPUT
785 201 827 229 V.
878 201 940 229 DE
975 201 1093 228 LEGE
1128 201 1384 231 NATURALI.
1842 203 1940 256 137

133 353 173 389 1.
226 337 463 388 Kantius
513 337 743 387 admittit
794 336 1011 401 quidem
1064 336 1345 386 nobiscum
1397 339 1759 388 exsistentiam
1812 339 1944 405 legis

50 419 327 480 naturalis,
396 436 514 468 eam
579 427 758 468 tamen
824 432 939 466 esse
1005 418 1467 483 participationem
1532 419 1664 485 legis
1729 421 1944 471 alicuius

50 500 247 550 altioris
302 508 477 566 negat.
559 499 868 550 Secundum
924 499 1100 564 ipsum
1157 498 1246 548 lex
1300 499 1549 549 naturalis
1600 503 1839 552 consistit
1889 503 1944 551 2'12

49 582 335 632 dictamine
375 581 606 631 rationis
638 580 916 646 praclicae
944 597 1089 629 mere
1115 580 1363 644 formali
1388 589 1439 630 et
1463 581 1694 631 absolun·
1716 583 1942 632 valoris.

50 664 335 713 Rationem
390 663 680 729 practicam
734 671 893 711 vocat
949 669 1297 711 autonomam
1357 679 1448 712 seu
1508 663 1943 725 nomotheticam‚

50 746 265 811 eiusque
305 744 621 810 dignitatem
660 744 711 793 in
753 761 817 793 eo
858 744 1144 805 constituit,
1189 744 1337 810 quod
1367 743 1508 793 nulla
1535 744 1633 794 alia
1662 744 1781 811 lege
1808 754 1946 795 tene-

49 835 190 888 atur,
245 827 341 876 nisi
392 843 552 892 quam
605 826 719 891 ipsa
773 826 871 875 sibi
926 825 1253 891 imposuerit.
1346 825 1502 875 Hanc
1557 844 1716 891 porro
1772 826 1948 892 legem

49 927 106 958 eo
134 909 265 973 ipso,
308 908 456 974 quod
484 925 514 957 a
543 908 744 957 ratione
772 908 1046 973 procedat,
1091 906 1336 957 absoluta
1361 908 1702 958 veneratione
1731 909 1949 974 dignam

49 1007 164 1040 esse
220 990 541 1056 pronuntiat.
622 988 951 1039 Absolutam
1003 997 1180 1038 autem
1234 989 1486 1050 formam,
1545 1006 1648 1055 qua
1690 990 1822 1040 haec
1862 989 1951 1040 lex

50 1090 80 1122 a
120 1072 320 1121 ratione
361 1072 594 1138 practica
635 1071 810 1132 fertur,
855 1078 1014 1121 vocat
1045 1071 1427 1136 imperalimmz
1456 1072 1811 1136 categoricum
1840 1073 1950 1136 (im-

48 1154 343 1220 perativum
394 1152 698 1216 moralem),
754 1170 914 1218 quem
955 1154 1182 1219 opponit
1222 1153 1534 1219 imperativo
1576 1153 1948 1220 hypothetico,

49 1236 139 1302 qui
202 1252 310 1285 non
373 1235 508 1285 sicut
571 1235 913 1300 imperativus
973 1235 1308 1301 categoricus
1367 1235 1505 1284 circa
1563 1236 1735 1301 ipsum
1778 1236 1949 1302 finem

48 1317 381 1368 essentialem
431 1318 670 1378 rationis,
725 1335 782 1367 se
824 1317 962 1367 circa
1003 1318 1179 1367 media
1219 1318 1287 1366 ad
1328 1316 1475 1366 illum
1514 1324 1765 1367 versatur.
1848 1315 1946 1381 (Cf.

47 1416 208 1466 supra
249 1417 296 1450 n.
347 1400 455 1463 87.)
1912 1406 1918 1407 ’

125 1495 172 1531 2.
217 1481 459 1546 Vasquez
498 1482 682 1531 docuit
722 1482 793 1545 (in
843 1496 894 1542 Ι,
940 1495 997 1542 2,
1042 1481 1175 1547 disp.
1229 1492 1360 1545 150,
1405 1499 1448 1532 c.
1497 1483 1546 1545 3)
1589 1480 1764 1547 legem
1806 1490 1951 1531 natu-

50 1563 211 1614 ralem
263 1564 552 1613 consistere
600 1563 650 1612 in
692 1564 805 1629 ipsa
846 1573 1032 1612 natura
1073 1563 1313 1613 rationali
1351 1563 1649 1613 secundum
1690 1580 1773 1624 se,
1828 1579 1950 1629 qua-

51 1654 203 1696 tenus
243 1646 405 1695 habet
446 1644 606 1695 talem
636 1645 935 1706 essentiam,
980 1654 1037 1694 ut
1077 1645 1122 1694 ei
1151 1645 1359 1711 aliquae
1387 1645 1624 1695 actiones
1652 1646 1951 1695 necessario

52 1728 386 1789 conveniant,
431 1727 563 1778 aliae
604 1727 1023 1778 disconveniant.

129 1824 174 1873 3.
218 1809 343 1859 Alii
380 1802 635 1875 (Gerdiff)
678 1819 996 1860 censuerunt
1036 1809 1419 1875 obligationem
1464 1810 1636 1860 enasci
1680 1827 1748 1859 ex
1780 1826 1950 1859 essen-

50 1891 157 1942 tiali
197 1909 369 1941 rerum
410 1892 610 1953 ordine,
655 1900 916 1958 quatenus
957 1892 1209 1953 actiones,
1254 1909 1392 1958 quae
1427 1892 1720 1942 secundum
1749 1900 1951 1942 rectum

50 1973 292 2023 ordinem
332 1973 490 2035 fiunt,
546 1991 666 2024 curn
708 1973 1035 2040 perfectione
1077 1975 1290 2040 propria
1331 1974 1560 2023 hominis
1601 1974 1950 2024 necessariam

50 2056 406 2106 conexionem
456 2055 680 2118 habent;
732 2055 864 2106 haec
904 2065 1084 2106 autem
1135 2057 1364 2106 conexio
1406 2056 1788 2122 obligationem
1831 2073 1951 2106 con-

48 2138 229 2189 stituit.

57 2268 198 2321 160.
314 2280 479 2319 PARS
511 2281 543 2318 I.
611 2280 793 2319 Contra
826 2281 1069 2319 Kantium.

123 2368 288 2415 Prob.
360 2366 454 2417 Illa
495 2367 737 2418 doctrina
777 2368 984 2418 admitti
1024 2370 1223 2435 nequit,
1268 2387 1404 2435 quae
1443 2384 1482 2419 Ι.
1514 2387 1638 2420 vero
1668 2370 1952 2435 conceptui

50 2455 102 2498 et
153 2448 242 2517 fini
294 2449 634 2521 obligationis
686 2451 898 2501 moralis
940 2460 1233 2517 repugnat,
1290 2466 1335 2502 2.
1381 2453 1560 2501 nititur
1600 2442 1732 2502 falso
1776 2452 1952 2501 funda-

49 2539 257 2593 mento,
317 2546 361 2596 3.
417 2523 628 2598 apertas
680 2533 1130 2583 contradictiones
1181 2533 1425 2595 involvit,
1479 2549 1528 2596 4.
1585 2533 1760 2599 logice
1812 2534 1955 2583 ducit

49 2621 140 2663 aut
179 2613 246 2663 ad
289 2613 607 2664 fatalismum
647 2623 738 2664 aut
779 2615 846 2664 ad
889 2615 1300 2681 pantheismum.
1383 2615 1552 2681 Atqui
1591 2616 1723 2666 haec
1777 2616 1954 2665 omnia

49 2694 157 2744 iure
208 2703 512 2746 asseruntur
565 2697 632 2746 de
672 2698 984 2746 autonomia
1026 2697 1242 2747 rationis
1281 2697 1564 2748 Kantiana.
1646 2698 1839 2763 Ergo.
1888 2741 1894 2746 .
1943 2740 1949 2746 .

124 2783 280 2833 Proh.
325 2785 451 2834 min.
487 2794 594 2850 per
621 2794 829 2851 parles.

127 2871 218 2922 Ad
267 2887 307 2922 Ι.
382 2871 656 2940 Oblzgatio
697 2875 944 2938 moralis)
989 2877 1074 2926 cui
1115 2885 1355 2926 creatura
1391 2875 1656 2925 rationalis
1683 2875 1950 2935 subicitur,

51 2955 260 3027 concipi
300 2955 465 3025 debet
505 2965 563 3006 ut
602 2957 858 3028 lg'gamen,
902 2958 1051 3007 cuius
1074 2955 1214 3024 finis
1240 2957 1313 3007 sil
1339 2967 1481 3007 recta
1512 2958 1782 3008 ordinatio
1811 2974 1953 3006 crea-

50 3043 206 3086 turae
247 3027 567 3099 ratiohalis,
618 3027 874 3105 idwquod
915 3039 1145 3089 Kantius
1196 3057 1302 3089 non
1351 3048 1527 3106 negat.
1607 3039 1777 3104 Alqm'
1813 3047 1954 3088 recte

53 3117 295 3167 ordinare
335 3127 630 3170 creaturam
671 3120 983 3171 rationalem
1025 3121 1303 3171 ultimatim
1345 3130 1424 3171 est
1452 3121 1666 3171 rationis
1694 3119 1953 3189 etvvolun·

53 3199 172 3248 tatis
199 3200 478 3268 increatae,
509 3202 539 3252 i.
571 3219 615 3253 e.
647 3203 772 3264 eius,
804 3221 940 3269 quae
969 3221 1075 3253 non
1104 3204 1332 3269 ipsamet
1358 3189 1828 3268 indigetordinari,
1858 3202 1953 3251 sed

53 3296 215 3345 quae,
277 3289 335 3331 ut
386 3282 536 3333 dedit
589 3283 808 3349 singulis
863 3285 1254 3344 exsistentiam,
1312 3284 1384 3333 ita
1437 3283 1653 3349 singulis
1707 3283 1952 3349 praefigit

53 3360 240 3423 finem,
294 3371 348 3412 et
387 3365 682 3414 secundum
723 3366 864 3416 hunc
906 3366 1067 3416 finem
1106 3365 1315 3431 singula
1351 3365 1592 3430 disponit
1631 3371 1684 3414 et
1724 3364 1948 3414 ordinat.
