2182 3682
513 185 599 214 LIB.
635 185 682 214 ΙΙ.
729 185 829 216 CAP.
864 185 930 213 ΙΙΙ.
979 186 1040 213 DE
1075 184 1332 214 SOCIETATE
1368 186 1526 216 CIVILI.
1844 185 1947 238 425

56 320 386 371 tormandam
427 318 661 368 indolem
704 327 756 368 et
796 318 1067 383 ingenium
1107 318 1392 367 iuventutis
1433 326 1486 367 et
1537 321 1846 386 praeprimis
1886 321 1954 370 ad

55 402 412 452 educationem
454 400 732 450 moralem.
815 399 949 449 Cum
991 400 1130 448 enim
1181 399 1346 448 homo
1389 401 1694 465 cognitione
1736 403 1957 452 ducatur

57 493 110 534 et
150 484 402 549 magister
441 483 583 548 apud
624 483 952 531 iuventutem
988 497 1184 546 magna
1224 482 1538 530 auctoritate
1583 481 1804 544 fruatur,
1848 484 1958 533 fieri

57 583 164 615 non
205 573 400 631 potest,
444 573 516 625 ut,
562 581 699 630 quae
739 565 852 629 ipse
883 564 1019 613 circa
1048 580 1128 612 res
1157 562 1428 628 religiosas
1457 572 1510 612 et
1538 564 1765 614 morales
1792 566 1957 615 verbo

54 656 107 696 et
147 645 398 712 exemplo
441 646 617 704 docet,
660 646 855 695 sensim
896 646 947 694 in
981 645 1217 694 animum
1257 653 1310 694 et
1337 644 1670 695 voluntatem
1709 647 1957 696 iuvenum

53 746 161 779 non
200 728 484 778 illabantur
524 745 726 793 eosque
766 727 835 777 ad
878 727 1080 777 bonum
1120 726 1204 776 vel
1247 726 1442 776 malum
1485 727 1728 778 alliciant.
1798 729 1953 789 Dein,

53 811 200 877 quod
242 818 402 876 caput
443 818 550 870 est,
592 810 809 859 iuvenes
849 827 878 858 a
920 809 1112 858 teneris
1153 810 1302 858 annis
1343 809 1411 858 ad
1453 827 1668 859 omnem
1711 810 1959 860 virtutem

54 893 266 942 formari
307 892 521 941 debent.
603 891 839 941 Necesse
880 898 959 940 est
1000 908 1145 955 ergo,
1190 899 1247 940 ut
1289 898 1492 940 mature
1535 892 1741 941 discant
1781 891 1959 941 Deum

52 990 228 1023 amare
270 983 322 1023 et
358 975 559 1034 timere,
603 981 839 1038 peccata,
884 973 1193 1038 praesertim
1222 990 1358 1038 quae
1388 974 1614 1022 castitati
1642 983 1956 1039 repugnant,

52 1056 293 1116 horrere,
344 1072 451 1104 non
493 1071 655 1104 caeco
697 1055 899 1119 impetu
941 1054 1262 1120 passionum,
1306 1055 1402 1103 sed
1444 1055 1646 1103 ratione
1687 1063 1740 1104 et
1781 1054 1958 1105 officio

51 1138 186 1188 duci.
280 1137 445 1203 Quod
501 1145 557 1185 ut
613 1136 940 1197 obtineatur,
1004 1153 1139 1202 opus
1195 1144 1301 1197 est,
1360 1142 1418 1185 ut
1473 1135 1700 1186 infantes
1755 1146 1958 1187 mature

50 1219 256 1269 discant
294 1237 351 1269 se
401 1220 546 1284 ipsos
585 1219 796 1268 vincere
837 1226 890 1267 et
936 1235 1042 1267 non
1085 1218 1333 1267 obstante
1376 1217 1687 1268 difficultate
1728 1219 1778 1267 in
1821 1219 1958 1269 bene

52 1302 258 1367 coeptis
299 1309 606 1351 constanter
657 1317 1009 1366 perseverare.
1092 1298 1198 1364 Qui
1250 1301 1408 1365 igitur
1448 1301 1849 1350 instructionem
1888 1302 1957 1352 ab

52 1384 371 1434 educatione
413 1381 701 1443 divelleret,
745 1392 1025 1448 utramque
1066 1381 1331 1431 mutilaret
1371 1381 1453 1432 vel
1496 1383 1804 1433 destrueret.

55 1540 200 1595 579.
283 1532 447 1578 Prob.
486 1545 529 1578 2.
608 1529 982 1596 Monopolium
1024 1539 1286 1596 repugnat
1327 1530 1547 1579 naturali
1599 1530 1827 1580 libertati
1869 1531 1957 1580 do-

52 1613 207 1663 cendi
259 1620 312 1662 et
364 1613 620 1662 discendi.
713 1612 926 1662 Etenim
982 1613 1116 1661 intra
1170 1613 1410 1661 ordinem
1468 1630 1611 1661 mere
1666 1612 1958 1662 naturalem

54 1694 275 1761 quilibet
314 1694 479 1744 homo
528 1694 693 1744 habet
732 1695 810 1743 ius
852 1694 1090 1744 naturale
1133 1711 1251 1744 cum
1293 1694 1405 1743 aliis
1445 1711 1567 1744 suas
1608 1695 1961 1760 cogitationes

53 1777 482 1827 communicandi
521 1776 605 1826 vel
647 1776 715 1826 ab
757 1776 868 1825 aliis
909 1777 1162 1837 discendi,
1208 1784 1365 1842 prout
1393 1776 1519 1837 vult,
1564 1785 1615 1826 et
1649 1794 1807 1826 nemo
1837 1795 1957 1826 eum

52 1860 103 1908 in
144 1858 244 1908 hac
286 1876 340 1908 re
381 1858 617 1924 legitime
658 1859 916 1923 impedire
958 1867 1162 1924 potest,
1207 1860 1464 1924 quamdiu
1506 1877 1611 1909 non
1653 1867 1868 1926 apertos
1909 1869 1961 1909 et

52 1941 290 1991 funestos
330 1958 534 1990 errores
572 1957 825 2006 spargere
867 1950 1104 1991 conatur.
1163 1941 1316 1990 Dixi:
1361 1941 1508 1991 inlra
1538 1942 1780 1991 ordinem
1815 1960 1961 1991 mere

51 2023 373 2073 naturalem.
458 2022 597 2072 Nam
646 2023 696 2071 in
751 2023 937 2072 ordine
988 2023 1373 2088 supernaturali
1424 2023 1664 2073 Ecclesia
1716 2023 1830 2074 sola
1881 2025 1960 2074 ius

50 2105 214 2155 habet
256 2105 555 2155 doctrinam
596 2104 930 2154 christianam
975 2105 1232 2164 docendi,
1288 2114 1340 2154 et
1382 2106 1503 2171 quia
1543 2106 1675 2155 haec
1718 2106 1961 2156 doctrina

52 2188 211 2237 etiam
251 2187 302 2236 in
344 2186 630 2252 disciplinis
683 2186 917 2252 profanis
970 2188 1197 2252 perverti
1250 2196 1456 2252 potest,
1511 2189 1588 2237 ius
1628 2188 1792 2238 habet
1832 2188 1961 2238 illud

52 2269 129 2318 ius
171 2268 407 2318 naturale
449 2269 824 2334 restringendi,
868 2278 1027 2334 prout
1071 2268 1193 2318 fecit
1232 2287 1278 2318 v.
1325 2287 1375 2335 g.
1420 2269 1539 2319 Pius
1580 2271 1673 2331 IV,
1719 2271 1805 2336 qui
1847 2288 1962 2336 pro-

51 2350 235 2412 hibuit,
286 2368 352 2400 ne
394 2351 512 2416 quis
552 2351 661 2399 sive
703 2350 917 2416 publice
957 2351 1067 2400 sive
1108 2352 1355 2417 privatim
1397 2353 1711 2417 magistrum
1751 2369 1807 2402 se
1849 2371 1964 2419 pro-

31 2432 264 2490 ,fiteatur
304 2433 401 2482 nisi
442 2434 731 2499 praemissa
771 2432 1102 2498 professione
1143 2433 1282 2483 fidei.

128 2523 292 2570 Prob.
343 2538 386 2584 3.
476 2522 520 2571 E
580 2522 684 2571 fine
744 2523 1073 2572 auctoritatis
1131 2523 1298 2573 Civilis
1359 2532 1507 2589 patet
1568 2525 1795 2574 eandem
1857 2542 1963 2575 non

53 2603 251 2653 habere
307 2605 385 2654 ius
445 2604 769 2654 excludendi
828 2605 1153 2654 activitatem
1213 2606 1470 2671 privatam
1532 2607 1600 2656 ab
1662 2606 1837 2673 aliqua
1894 2625 1964 2668 re,

54 2687 308 2751 quamdiu
360 2687 414 2735 id
467 2704 575 2736 non
617 2696 696 2736 est
749 2687 1101 2737 necessarium
1157 2706 1253 2754 pro
1297 2687 1443 2738 bono
1485 2688 1717 2755 publico.
1799 2689 1970 2755 Alqnz‘

53 2767 289 2818 exclusio
345 2769 627 2819 activitatis
683 2769 918 2834 privatae
974 2787 1004 2818 a
1063 2787 1280 2820 munere
1338 2771 1568 2821 docendi
1626 2789 1734 2821 non
1790 2771 1964 2821 solum

53 2848 346 2900 necessaria
401 2868 509 2901 non
564 2859 643 2900 est
695 2852 762 2900 ad
820 2869 1106 2901 commune
1164 2852 1368 2902 bonum
1426 2853 1569 2903 dicto
1626 2854 1792 2903 modo
1848 2872 1966 2920 pro-

37 2933 394 2994 ¹movendum,
439 2933 533 2982 sed
577 2934 752 2982 eidem
793 2934 970 2999 potius
1011 2934 1335 2996 adversatur,
1381 2944 1438 2985 ut
1479 2954 1548 2985 ex
1590 2936 1743 2986 dictis
1772 2935 1960 2986 elucet.

55 3012 194 3065 Sane
234 3014 495 3081 profectui
538 3014 827 3064 litterarum
869 3015 1154 3081 plurimum
1195 3018 1444 3083 prodest,
1500 3027 1556 3067 ut
1609 3027 1819 3084 praeter
1859 3036 1962 3068 ma-

55 3096 247 3162 gistros
288 3114 318 3146 a
369 3098 629 3163 gubernio
683 3098 992 3163 designatos
1045 3099 1203 3149 etiam
1251 3099 1337 3150 alii
1376 3117 1472 3150 sua
1512 3109 1706 3166 sponte
1758 3102 1964 3166 possint

55 3178 287 3229 diversas
327 3179 630 3246 disciplinas
672 3181 882 3230 docere.

130 3269 294 3316 Prob.
331 3283 376 3329 4.
453 3268 743 3335 Speciatim
795 3270 1165 3336 monopolium
1223 3272 1361 3321 circa
1399 3271 1616 3321 scholas
1654 3272 1962 3336 superiores

55 3348 368 3414 (gymnasia,
411 3352 776 3402 universitates
818 3354 940 3417 etc.)
983 3371 1327 3419 progressum
1354 3355 1691 3403 scientiarum
1718 3354 1956 3420 impedit,
