2182 3682
673 965 1290 1026 INTRODUCTIO.

369 1255 397 1310 ἓ
435 1269 470 1297 1.
518 1258 821 1296 DEFINITIO
856 1256 1290 1296 PHILOSOPHIAE
1324 1257 1596 1296 MORALIS.

44 1386 96 1424 Ι.
212 1373 557 1441 Philosophia
606 1374 855 1423 dividitur
901 1374 953 1422 in
992 1372 1393 1438 Philosophiam
1434 1372 1741 1422 namralcm
1784 1372 1937 1438 (Phy-

34 1457 196 1505 sicam
250 1464 303 1504 et
353 1456 829 1521 Metaphysicam),
894 1455 1221 1504 rationalem
1281 1454 1611 1519 (Logicam),
1672 1454 1937 1504 77201‘alem

39 1537 309 1602 (Ethicam
350 1537 459 1586 sive
501 1537 588 1586 Ius
628 1546 847 1586 naturae
888 1553 1046 1586 sensu
1088 1535 1196 1585 lato
1238 1537 1560 1602 acceptum).

111 1632 456 1699 Philosophia
518 1633 795 1682 naturalis
847 1632 1038 1696 (realis)
1104 1633 1344 1682 ordinem
1404 1650 1578 1681 rerum
1637 1631 1941 1696 considerat

38 1733 131 1765 seu
178 1715 494 1781 speculatur,
551 1732 659 1783 non
711 1714 862 1776 facit3
919 1714 1062 1763 unde
1114 1723 1166 1763 et
1218 1713 1563 1779 Philosophia
1613 1713 1943 1779 speculativa

37 1797 297 1847 strictiore
348 1814 505 1846 sensu
558 1805 909 1861 nuncupatur.
992 1795 1336 1861 Philosophia
1388 1813 1513 1845 vero
1558 1796 1852 1858 ralionalis
1891 1803 1945 1845 et

39 1878 272 1929 moralis
320 1879 561 1928 ordinem
603 1879 995 1928 considerando
1038 1877 1301 1938 efficiunt,
1357 1887 1409 1927 et
1450 1878 1592 1943 prior
1633 1879 1851 1944 quidem
1893 1878 1943 1927 in

40 1949 262 2027 actibus*
299 1961 560 2022 rationis,
613 1961 876 2026 posterior
930 1977 1056 2009 vero
1098 1960 1145 2009 in
1191 1959 1398 2009 actibus
1439 1959 1614 2009 liberis
1655 1960 1947 2010 volzmtasz's
1982 1952 1985 1955 ’

41 2030 118 2105 (S.
173 2042 378 2104 sltem„
420 2042 479 2092 In
520 2043 542 2092 Ι
582 2042 703 2092 Eth.
748 2041 778 2092 l.
830 2043 892 2106 Ι).

116 2138 461 2204 Philosophia
523 2156 653 2204 ergo
707 2138 940 2205 moralis
993 2145 1073 2187 est
1137 2154 1198 2187 ea
1250 2137 1627 2203 Philosophiae
1680 2139 1947 2204 practicae

42 2237 191 2287 pars,
246 2238 382 2287 quae
438 2220 505 2270 de
559 2229 706 2270 recto
759 2221 944 2270 ordine
998 2221 1269 2270 actionum
1323 2219 1605 2270 liberarum
1658 2221 1948 2270 voluntatis

44 2302 307 2369 disputat,
362 2303 506 2352 unde
548 2303 753 2365 definiri
793 2311 997 2369 potest:
1051 2303 1274 2367 sgl'enlia
1318 2303 1451 2352 recti
1490 2303 1700 2353 ordinis
1741 2311 1948 2352 actuum

43 2383 402 2434 humanorum
444 2403 513 2435 ex
551 2385 757 2435 ultimis
798 2385 1030 2434 rationis
1058 2385 1369 2449 principiis.
1451 2384 1642 2450 Igitur:

126 2496 165 2530 Ι.
212 2490 292 2531 est
330 2481 572 2541 scientia,
612 2481 641 2530 i.
674 2499 718 2531 e.
763 2490 999 2546 systema
1028 2479 1431 2530 conclusionum
1464 2481 1950 2531 demonstratarum

48 2562 117 2612 de
157 2564 351 2613 eodem
394 2563 637 2625 obiecto;

125 2672 172 2708 2.
217 2659 489 2709 obiectum
530 2659 820 2709 materiale
860 2659 1014 2708 huius
1054 2660 1305 2708 scientiae
1347 2667 1427 2709 est
1455 2677 1547 2709 ens
1575 2659 1803 2719 morale,
1844 2660 1873 2710 i.
1906 2678 1948 2710 e.

50 2740 335 2807 quodlibet
375 2759 483 2803 ens,
528 2741 674 2807 quod
716 2742 785 2791 ad
827 2750 1007 2791 actum
1050 2740 1274 2790 liberum
1317 2741 1549 2792 refertur.

123 2836 270 2898 Mos,
327 2836 370 2887 si
421 2837 576 2887 latius
627 2838 910 2903 accipitur,
974 2836 1237 2902 significat
1278 2837 1570 2903 quemlibet
1622 2837 1954 2903 frequentem

51 2924 106 2967 et
139 2911 308 2985 *saepe
349 2921 630 2986 repetitum
673 2919 815 2969 idem
858 2919 1052 2984 agendi
1094 2919 1332 2980 modum,
1378 2937 1484 2985 quo
1512 2936 1670 2969 sensu
1699 2919 1858 2968 etiam
1887 2919 1954 2968 de

51 3000 217 3049 brutis
258 3010 556 3068 usurpatur,
598 3003 829 3068 strictius
869 3009 1049 3050 tamen
1078 3001 1220 3050 idern
1250 3010 1330 3063 est
1359 3002 1506 3067 quod
1535 3001 1859 3067 consuetude,
1903 3008 1956 3049 et

51 3081 314 3152 significat
339 3084 684 3150 frequentem
737 3084 877 3134 idem
940 3083 1142 3147 agendi
1190 3083 1400 3132 modum
1453 3101 1522 3132 ex
1575 3083 1748 3132 libera
1790 3081 1955 3131 deler-

56 3163 577 3233 mz'natz'onaortum.
648 3165 780 3216 Inde
822 3165 1116 3215 derivatum
1160 3173 1240 3214 est
1280 3182 1478 3214 nomen
1519 3164 1719 3232 morale
1759 3163 1828 3213 ad
1870 3164 1957 3213 de-

55 3244 347 3309 signandos
386 3256 550 3310 actus,
594 3265 663 3297 ex
704 3264 933 3314 quorum
975 3245 1269 3312 frequentia
1310 3263 1430 3296 mos
1457 3246 1681 3296 efficitur
1707 3244 1790 3294 vel
1819 3245 1957 3295 effici

58 3333 252 3391 potest,
295 3328 326 3378 i.
369 3346 415 3381 e.
459 3340 610 3380 actus
650 3329 860 3380 liberos.

149 3419 388 3460 Cathrein,
414 3418 537 3452 Philos
578 3421 733 3453 moralis.
777 3422 844 3454 Ed.
873 3432 906 3461 5.
1674 3426 1687 3454 1
