2182 3682
528 135 680 164 CAPUT
713 135 740 163 1.
792 135 854 162 DE
889 133 1000 162 FINE
1033 132 1214 161 ULTIMO
1247 132 1463 160 HOMINIS.
1885 128 1942 181 15

54 272 139 320 De
178 288 389 320 summo
431 272 576 320 bono
619 270 648 320 l.
701 285 756 330 Ι,
809 287 852 319 0.
899 283 956 329 2,
1001 285 1048 317 3.
1099 268 1173 332 5),
1217 276 1331 316 tum
1358 266 1527 334 etiam
1569 283 1743 337 saepe
1768 266 1950 338 quoad

55 352 367 402 ι’,ῑεῑεὶίῑπυι
409 361 585 411 actus,
629 352 753 416 quia
794 351 904 399 fieri
943 367 1050 398 non
1092 356 1296 414 potest,
1336 331 1399 396 ut
1433 332 1601 395 homo
1643 364 1750 396 non
1790 363 1951 413 saepe

54 424 158 483 01Αο
178 422 320 483 statu
376 421 644 500 perfectae
703 431 1046 481 beatitudinis
1105 430 1306 495 cogitet
1365 427 1620 493 illumque
1678 436 1950 493 tamquam

54 515 256 564 bonum
316 515 416 564 sibi
475 513 1032 564 convenientissimum
1087 518 1321 576 appetat.
1414 509 1475 579 Id
1532 508 1809 558 manifesto
1866 510 1951 578 010-

53 603 315 646 monstrat
383 596 710 662 experientia
777 594 1057 644 cotidiana.
1152 591 1421 657 Quorsum
1489 591 1627 639 enim
1690 590 1953 640 indefessa

53 671 331 728 bominum
384 667 643 727 activitas
674 683 884 742 spectat
934 670 1029 724 nisi
1082 681 1140 723 ut
1193 681 1399 722 remoto
1442 673 1587 720 031111
1627 671 1768 721 malo
1809 673 1953 721 omni

55 760 200 810 bono
254 758 520 809 fruantur?
597 758 690 808 Ad
740 775 850 807 rem
891 756 944 807 S.
989 755 1321 820 Augustinus
1361 754 1466 818 (De
1508 754 1604 803 civ.
1648 753 1750 802 Dei
1790 752 1819 802 l.
1872 767 1949 814 10,

55 859 98 891 c.
138 842 210 905 1):
261 840 548 891 «Omnium
590 848 733 890 certa
760 839 1021 889 sententia
1050 846 1144 897 est,
1188 837 1278 902 qui
1307 836 1508 885 ratione
1537 853 1757 901 quoquo
1787 836 1952 884 modo

54 924 128 973 uti
180 932 427 989 possunt,
483 924 672 972 beatos
713 939 828 971 esse
870 937 1056 969 omnes
1103 919 1347 968 homines
1390 917 1577 968 velle».
1659 917 1827 982 Atqui
1867 934 1953 983 ap-

54 1006 251 1071 petitus
307 1004 508 1054 elicitus
564 1004 654 1054 tali
710 1004 875 1053 modo
933 1002 1283 1061 necessarius,
1343 1008 1593 1050 constans
1649 1008 1701 1048 et
1756 999 1953 1049 univer-

53 1086 176 1136 salis
254 1087 554 1136 necessario
633 1085 888 1151 supponit
965 1084 1264 1149 appetitum
1331 1080 1623 1131 naturalem
1688 1080 1955 1146 perfectae

55 1168 412 1218 beatitudinis.

130 1272 285 1321 Prob.
331 1272 456 1322 7122'72.
539 1271 830 1347 Repugnat
871 1271 1037 1345 enirn:

128 1368 177 1431 a)
219 1368 674 1439 Qfficgggejgliac,
717 1384 906 1433 urgere
948 1374 1241 1415 creaturam
1283 1363 1592 1414 rationalem
1631 1363 1951 1429 admotum,

56 1450 206 1517 cuius
246 1449 420 1510 nullus
460 1451 542 1511 sit
548 1458 741 1511 certus
782 1449 1062 1515 10131111;115

130 1539 187 1602 b)
224 1539 467 1603 Egi-§KZ
469 1539 660 1599 acllalz'
698 1547 750 1587 et
771 1537 1056 1604 fideli'l‘afl,
1099 1536 1370 1585 hominem
1412 1533 1631 1584 naturali
1662 1534 1812 1599 quasi
1839 1551 1954 1600 pro
1962 1588 1978 1591 „

58 1621 331 1690 missione,
384 1621 498 1686 ipsa
549 1628 769 1669 naturae
810 1619 1149 1669 inclinatione
1191 1634 1470 1683 expressa,
1525 1617 1594 1685 301
1619 1616 1687 1683 rid
1729 1616 1956 1685 31110010,

52 1702 206 1781 quod
247 1703 294 1752 ei
334 1702 632 1752 concedere
673 1701 829 1763 nolit3

132 1792 196 1854 0)
222 1791 324 1840 Dei
365 1791 614 1853 bonz‘sstalz
658 1791 931 1840 hominem
972 1807 1066 1856 per
1105 1790 1275 1855 ipsam
1317 1788 1602 1847 rationem,
1647 1804 1750 1853 qua
1791 1788 1956 1837 brutis

15 1919 18 1921 .
57 1872 284 1943 excellit,
329 1873 515 1922 iisdem
558 1873 993 1922 miserabiliorem
1034 1872 1272 1921 reddere.
1340 1871 1502 1919 Bruta
1546 1871 1686 1919 enim
1726 1887 1832 1919 non
1861 1871 1958 1919 nisi

56 1955 199 2004 bona
249 1955 517 2005 sensibilia
569 1973 741 2021 eaque
792 1955 1091 2021 praesentia
1143 1961 1403 2019 appetunt
1451 1962 1502 2002 et
1543 1953 1696 2018 proin
1736 1952 1957 2001 beatitu-

58 2037 193 2086 dinis
234 2055 408 2103 neque
449 2038 802 2104 capacitatem
844 2054 1018 2103 neque
1060 2036 1380 2085 desiderium
1421 2034 1635 2084 habent.

137 2130 387 2198 Confirr'lz.
471 2132 728 2198 Quamvis
769 2133 918 2182 Deus
969 2133 1019 2181 in
1074 2132 1305 2181 creando
1358 2131 1605 2196 primario
1657 2147 1806 2180 suam
1850 2130 1958 2196 glo-

58 2215 187 2264 riam
247 2222 492 2280 quaerat,
561 2215 712 2264 simul
773 2224 951 2264 tamen
1010 2214 1324 2264 secundario
1384 2212 1494 2262 vult
1554 2213 1803 2262 creaturis
1862 2231 1957 2278 pro

58 2313 237 2346 earum
280 2297 575 2362 capacitate
618 2298 684 2346 de
713 2297 868 2346 bonis
895 2297 1002 2346 suis
1031 2296 1440 2355 communicare,
1484 2295 1537 2344 id
1567 2311 1697 2360 ergo
1727 2295 1960 2344 maxime

58 2379 126 2428 de
178 2378 395 2428 homine
446 2378 623 2428 valere
676 2379 866 2440 debet,
926 2379 1008 2429 cui
1061 2395 1248 2427 omnes
1300 2387 1570 2426 creaturae
1624 2386 1679 2426 ut
1730 2377 1818 2426 fini
1869 2379 1958 2426 131-

59 2460 293 2510 mediato
333 2461 762 2511 subordinantur.
832 2462 939 2510 Iam
982 2478 1109 2510 vero
1151 2460 1315 2509 homo
1353 2476 1457 2508 non
1487 2457 1662 2508 solum
1692 2458 1959 2524 perfectae

59 2542 401 2592 beatitudinis
453 2552 532 2592 est
585 2560 786 2609 capax,
840 2544 935 2592 sed
990 2560 1108 2592 eam
1153 2544 1311 2591 etiam
1352 2541 1698 2590 vehementer
1738 2542 1956 2607 appetit.

69 2721 165 2772 14.
276 2709 478 2761 Coroll.
548 2726 588 2762 Ι.
621 2711 766 2777 Ergo
797 2721 942 2762 certo
972 2720 1148 2761 exstat
1176 2711 1404 2776 aliquod
1419 2711 1670 2761 obiectum
1690 2710 1961 2777 sufficiens

61 2792 724 2863 &mitudinishumanae,
770 2794 916 2859 quod
960 2795 1026 2843 ab
1068 2811 1394 2860 unoquoque
1426 2794 1658 2854 homine,
1701 2801 1960 2858 quantum

60 2874 112 2922 in
152 2873 272 2923 Deo
313 2875 474 2924 situm
514 2883 610 2935 est,
654 2875 880 2924 obtineri
919 2883 1114 2941 potest.

137 2982 183 3018 2.
237 2969 385 3036 Ergo
447 2987 634 3020 omnes
693 2970 938 3021 homines
998 2971 1216 3020 eundem
1276 2971 1438 3020 finem
1497 2970 1740 3019 ultimum
1802 2985 1959 3035 appe-

61 3058 177 3100 tunt
229 3051 466 3116 appetitu
516 3053 792 3113 naturali,
845 3054 1086 3118 quamvis
1137 3053 1378 3119 appetitu
1431 3052 1604 3113 elicito
1656 3051 1706 3099 in
1756 3051 1960 3099 diversa

36 3131 204 3187 *bona
256 3132 502 3184 ferantur.
584 3132 789 3184 Omnes
837 3134 1203 3184 enim-volunt
1244 3133 1534 3200 perfectam
1576 3132 1959 3182 beatitudinem

64 3215 343 3279 consequi,
402 3216 642 3280 quamvis
682 3216 909 3265 eandem
950 3217 1001 3265 in
1043 3216 1262 3265 diversis
1302 3215 1457 3264 bonis
1498 3222 1755 3280 quaerant
1796 3212 1864 3276 (Ι,
1910 3227 1957 3274 2,

66 3310 116 3359 q.
168 3309 209 3355 1,
252 3311 297 3345 a.
343 3297 411 3359 7).
