2182 3682
509 192 595 221 LIB.
631 192 678 221 ΙΙ.
726 190 825 220 CAP.
861 191 927 219 111.
975 191 1037 218 DE
1073 189 1329 219 SOCIETATE
1364 189 1520 219 CIVILI.
1843 179 1939 241 381

54 329 224 397 prium
261 328 432 394 finem
493 327 667 392 operis
724 325 823 374 sibi
882 324 950 374 ab
1011 330 1229 373 auctore
1289 331 1504 372 naturae
1563 323 1951 388 praestitutum.

56 410 186 460 Inde
236 416 384 475 patet
437 407 622 458 falsam
673 423 788 456 esse
841 422 1025 455 eorum
1077 405 1413 471 opinionem,
1473 404 1560 469 qui
1612 403 1812 453 nullum
1866 404 1956 453 ad-

58 492 271 542 mittunt
318 490 478 539 finem
519 487 809 538 naturalem
851 487 1097 537 omnibus
1137 486 1434 536 civitatibus
1476 502 1842 544 communem,
1898 494 1954 533 ut

57 571 266 622 Haller
291 571 358 635 (n.
392 571 536 634 490),
566 569 784 628 Pl‘ezlss,
812 567 1072 629 Jcllinek,
1109 567 1484 632 szzplmcrz'cz.
1554 565 1711 616 Falsa
1738 583 1954 631 quoque

59 663 139 704 est
185 653 445 702 sententia
484 651 817 716 llffonlesqm'i
862 651 1062 715 (Esprit
1113 651 1208 699 des
1260 648 1356 698 lois
1408 647 1438 698 l.
1502 662 1591 708 ΙΙ,
1647 665 1690 697 6.
1740 649 1814 712 5),
1870 648 1958 712 qui

57 735 239 786 asserit
278 751 465 784 omnes
506 734 744 783 civitates
783 732 982 781 habere
1023 731 1241 797 quidem
1283 748 1447 779 unum
1488 729 1649 779 finem
1690 729 1788 779 sibi
1816 746 1958 778 com-

60 834 288 878 munem,
331 815 421 866 scl.
464 832 522 865 se
563 814 913 865 conservandi
956 813 1041 876 (dc
1080 831 1135 862 se
1176 813 1508 876 mal'm‘em‘r),
1551 811 1648 861 sed
1690 818 1963 877 praeterea

61 914 495 964 unamquamque
551 897 815 946 civitatem
875 895 1072 944 habere
1128 894 1290 944 finem
1345 894 1444 943 sibi
1498 894 1796 959 proprium:
1853 892 1962 942 reli-

61 980 275 1045 gionem
332 980 489 1029 fuisse
543 978 701 1027 finem
744 977 924 1043 legum
966 977 1312 1035 Iudaeorum,
1368 975 1565 1025 bellum
1609 975 1768 1025 finem
1810 974 1962 1041 Spar-

57 1071 329 1122 tanorum,
383 1059 815 1126 tranquillitatem
872 1058 1141 1125 publicam
1193 1058 1354 1108 finem
1395 1058 1544 1123 regni
1585 1056 1820 1108 Sinensis
1861 1065 1961 1106 etc.

61 1142 168 1194 Sed
223 1143 369 1209 quod
421 1143 490 1192 ad
544 1143 772 1208 priorem
825 1141 985 1190 finem
1041 1147 1278 1206 spectat,
1334 1139 1536 1190 nullum
1588 1157 1681 1189 ens
1729 1147 1965 1189 creatum

60 1224 224 1274 habet
262 1241 360 1290 pro
401 1224 505 1273 fine
545 1224 644 1273 sibi
685 1224 900 1289 proprio
942 1222 1112 1272 solam
1154 1222 1614 1272 conservationem
1653 1222 1759 1282 sui,
1812 1237 1966 1270 secus

63 1315 203 1357 esset
251 1307 368 1356 finis
408 1307 459 1355 in
500 1323 557 1355 se
598 1313 651 1355 et
691 1306 912 1355 deberet
953 1322 1067 1354 esse
1107 1305 1157 1353 in
1199 1313 1339 1354 statu
1380 1303 1746 1369 perfectionis,
1800 1303 1871 1352 ita
1910 1311 1967 1351 ut

64 1388 364 1439 ulteriorem
417 1388 801 1453 perfectionem
853 1388 1126 1453 acquirere
1176 1404 1282 1436 non
1324 1394 1523 1452 posset.
1604 1386 1744 1435 Dein
1786 1385 1965 1452 quoad

63 1471 287 1521 alterum
339 1470 526 1531 finem,
582 1487 744 1535 quem
798 1470 1063 1518 diversum
1115 1468 1333 1518 diversis
1375 1468 1677 1518 civitatibus
1716 1468 1968 1532 assignat,

64 1560 245 1619 aperte
299 1552 577 1602 confundit
628 1552 804 1601 media
857 1568 976 1601 cum
1030 1551 1149 1601 fine.
1244 1550 1401 1600 Certe
1457 1551 1752 1615 navigatio,
1813 1549 1968 1609 bella,

65 1634 414 1700 tranquillitas
456 1650 564 1683 non
598 1642 717 1683 sunt
759 1634 876 1683 finis
918 1633 1157 1694 civitatiS,
1200 1633 1294 1682 sed
1338 1632 1530 1692 media,
1574 1632 1768 1698 quibus
1810 1631 1967 1681 finem

68 1716 325 1783 consequi
368 1717 562 1766 studet.

171 1895 315 1948 509.
400 1890 427 1944 ξ
466 1904 499 1932 1.
549 1892 773 1930 FALSAE
808 1891 984 1930 CIRCA
1016 1891 1199 1929 FINEM
1235 1891 1523 1929 CIVITATIS
1559 1892 1872 1930 OPINIONES

534 1959 961 2001 RECENSENTUR
994 1959 1067 1996 ET
1102 1958 1511 1997 REFUTANTL‘R.

772 2061 1035 2115 (Moralphil.
1071 2063 1110 2100 II
1146 2060 1268 2113 489.)

145 2171 333 2221 Falsae
385 2172 664 2238 opiniones
717 2172 785 2221 de
837 2171 941 2221 fine
995 2172 1217 2222 civitatis
1267 2172 1514 2221 videntur
1567 2172 1854 2221 commode
1907 2172 1974 2221 ad

74 2254 206 2304 duas
235 2253 430 2303 classes
460 2254 639 2303 reduci
669 2271 843 2319 posse,
876 2271 1098 2320 quarum
1128 2255 1269 2319 prior
1297 2253 1456 2303 finem
1486 2252 1626 2303 hunc
1657 2253 1773 2319 plus
1801 2270 1976 2320 aequo

73 2336 357 2401 restringit
393 2344 445 2385 ct
483 2344 749 2397 cnrlemml,
791 2337 1054 2402 posterior
1095 2345 1413 2401 exaggeras.

1010 2500 1048 2550 I.

147 2616 240 2666 Ad
293 2618 522 2683 priorem
575 2618 797 2668 classem
850 2619 882 2667 ii
935 2635 1121 2667 omnes
1174 2618 1464 2683 pertinent,
1521 2619 1609 2684 qui
1661 2618 1819 2668 finem
1863 2619 1976 2668 civi-

77 2700 199 2748 tatis
238 2700 289 2748 in
330 2702 665 2766 procuranda
705 2699 912 2766 aequali
955 2700 1193 2750 omnium
1233 2699 1475 2749 libertate
1502 2717 1594 2749 seu
1623 2701 1674 2750 in
1703 2700 1982 2750 efficienda

75 2780 353 2832 harmonia
386 2782 641 2832 libertatis
683 2784 921 2832 omnium
963 2782 1246 2833 collocant.
1317 2782 1626 2833 Secundum
1669 2782 1768 2832 hos
1806 2791 1982 2832 aucto-

78 2863 240 2913 ritatis
282 2864 444 2914 civilis
484 2873 564 2914 est
605 2882 694 2914 eas
735 2883 922 2915 omnes
963 2872 1016 2915 et
1055 2864 1195 2914 solas
1233 2866 1473 2915 actiones
1502 2864 1802 2930 prohibere,
1848 2880 1983 2930 quae

80 2945 357 3011 aequalem
391 2948 630 2996 omnium
670 2947 892 2997 aliorum
934 2947 1233 2997 libertatem
1277 2947 1602 2997 coexsistere
1643 2964 1751 2996 non
1791 2947 1981 2995 sinunt.

79 3026 166 3075 Ex
216 3027 405 3093 triplici
459 3028 589 3078 falso
644 3029 993 3079 fundamento
1046 3030 1115 3079 ad
1156 3030 1293 3079 hanc
1335 3029 1651 3079 sententiam
1694 3029 1983 3078 deventum

82 3117 174 3158 est.
244 3110 293 3175 a)
336 3109 585 3176 Quidam,
630 3120 687 3160 ut
727 3112 894 3171 Kant,
943 3112 1001 3161 G.
1047 3111 1255 3173 Ficltse,
1305 3111 1446 3161 Gm‘l.
1479 3130 1524 3161 v.
1559 3110 1859 3160 Humboldt
1884 3110 1984 3159 alii-

83 3207 202 3255 que,
245 3192 313 3241 ad
354 3192 491 3242 hanc
531 3195 849 3243 sententiam
892 3203 1248 3260 pervenerunt
1289 3212 1358 3243 ex
1400 3193 1531 3243 falso
1573 3210 1671 3241 suo
1720 3201 1984 3258 conceptu

83 3271 216 3323 iuris.
287 3273 478 3324 Putant
518 3276 657 3325 enim
700 3277 943 3326 ordinem
983 3277 1259 3326 iuridicum
1303 3294 1400 3342 pro
1443 3275 1547 3324 fine
1588 3275 1745 3323 unico
1787 3274 1986 3324 habere

86 3355 215 3403 tueri
274 3355 572 3407 libertatem
635 3366 911 3408 externam
972 3367 1024 3408 et
1080 3357 1356 3424 aequalem
1414 3356 1650 3406 omnium
1709 3356 1776 3420 (n.
1840 3356 1981 3419 240).
