2182 3682
588 180 739 210 CAPUT
771 179 812 209 v.
865 181 926 208 DE
960 179 1079 208 LEGE
1114 179 1370 208 NATURALI.
1831 180 1929 234 127

34 317 274 377 sitatem,
343 314 719 380 eutrapeliam;
776 315 940 363 immo
993 313 1153 362 etiarn
1210 312 1548 363 clementiam
1612 314 1686 378 (S.
1752 315 1934 366 sltem.

42 413 89 460 2,
136 411 183 459 2,
229 415 278 463 q.
331 399 445 458 160,
489 413 534 446 a.
581 396 649 459 2).

113 515 279 562 Nota:
331 515 547 562 Virtutes
598 529 813 560 annexae
858 512 1111 559 virtutibus
1163 511 1492 559 cardinalibus
1546 513 1839 560 fortitudinis
1892 524 1939 561 et

38 590 398 651 temperantiae
436 604 539 635 non
576 587 858 635 necessario
896 595 1007 633 sunt
1043 587 1092 632 in
1131 588 1310 633 eodem
1348 586 1597 643 subiecto,
1646 587 1697 632 in
1735 603 1834 647 quo
1873 597 1944 635 est

32 666 143 725 ipsa
189 663 338 710 virtus
387 663 664 710 cardinalis.
737 662 865 708 Nam
924 669 1116 722 «partes
1164 660 1520 722 principalibus
1568 661 1822 708 virtutibus
1871 678 1940 709 as-

41 739 294 799 signantur
330 754 434 784 non
471 737 743 784 secundum
781 735 1182 782 convenientiam
1219 736 1269 781 in
1296 734 1515 782 subiecto
1541 737 1620 782 vel
1646 735 1696 781 in
1721 737 1937 794 materia,

37 812 125 859 sed
163 812 436 859 secundum
473 810 875 858 convenientiam
922 810 973 855 in
1020 809 1171 856 modo
1222 811 1444 856 formali»
1488 806 1552 871 (S.
1599 810 1759 857 leom.
1802 828 1853 867 2,
1896 828 1937 869 2,

42 903 87 947 q.
134 889 250 944 161,
289 903 330 933 a.
370 903 400 945 4
437 887 499 933 ad
540 882 600 947 2).
674 887 767 932 Scl.
807 885 1030 939 virtutes,
1073 899 1197 944 quae
1235 885 1488 932 refrenant
1524 884 1761 946 impetum
1798 886 1942 932 affec-

39 962 227 1007 tionum
264 962 315 1007 in
352 961 539 1021 aliquid
578 960 897 1016 delectabile,
937 959 1246 1020 assignantur
1282 968 1333 1005 ut
1368 968 1532 1020 partes
1568 960 1939 1020 temperantiae,

41 1035 129 1082 etsi
165 1051 268 1082 non
306 1035 402 1082 sint
437 1035 486 1081 in
525 1034 899 1096 concupiscibili
936 1042 1187 1094 tamquam
1236 1033 1285 1079 in
1335 1034 1584 1094 subiecto3
1634 1035 1742 1095 pari
1789 1036 1940 1082 modo

37 1111 262 1166 virtutes,
318 1125 445 1170 quae
492 1111 659 1156 iuvant
705 1109 756 1155 in
804 1108 1143 1169 aggrediendo
1191 1107 1434 1165 difficilia,
1488 1117 1737 1170 ponuntur
1779 1118 1942 1170 partes

39 1184 364 1241 fortitudinis,
405 1183 494 1231 etsi
531 1201 631 1231 non
670 1185 764 1230 sint
799 1183 849 1229 in
886 1182 1132 1230 irascibili.
1199 1182 1279 1229 Sic
1316 1200 1356 1229 v
1396 1199 1440 1244 g.
1480 1185 1776 1240 continentia,
1815 1200 1940 1244 quae

34 1268 106 1306 est
142 1258 291 1306 virtus
329 1274 531 1306 annexa
563 1258 937 1320 temperantiae,
977 1267 1048 1305 est
1074 1258 1124 1304 in
1149 1259 1399 1304 1613111316
1429 1254 1489 1319 (2,
1522 1275 1562 1315 2,
1592 1275 1638 1319 q.
1673 1272 1778 1320 155,
1806 1276 1848 1306 a.
1877 1255 1939 1318 3).

34 1333 265 1380 Similiter
301 1334 543 1380 lamni'lztczs
579 1342 652 1380 est
688 1333 738 1378 in
774 1335 1039 1380 voluntate.
1113 1332 1228 1379 Eius
1277 1332 1409 1379 enim
1457 1341 1529 1379 est
1577 1333 1829 1380 refrenare
1875 1334 1943 1379 in·

33 1408 315 1455 ordinatum
353 1408 627 1470 appetitum
666 1409 1004 1455 excellentiae.
1056 1408 1223 1454 Debet
1259 1422 1378 1468 ergo
1417 1408 1465 1453 in
1505 1407 1682 1454 eadem
1719 1409 1942 1469 potentia

34 1498 166 1541 esse,
216 1483 265 1529 in
316 1499 413 1543 qua
460 1491 532 1530 est
573 1482 817 1544 superbia.
891 1482 988 1529 Sed
1025 1482 1256 1543 superbia
1295 1491 1366 1529 est
1402 1482 1452 1528 in
1489 1483 1742 1529 voluntate
1781 1478 1855 1544 (2,
1899 1500 1939 1540 2,

34 1573 81 1618 q.
115 1560 221 1617 162,
253 1574 293 1604 a.
323 1553 386 1618 3).
437 1559 700 1604 Praeterea
737 1557 887 1603 habet
924 1556 1171 1603 humilitas
1210 1557 1459 1604 obiectum
1496 1556 1771 1619 principale
1809 1557 1944 1619 spiri-

32 1633 175 1688 tuale,
217 1633 354 1693 quod
390 1647 560 1683 sensus
597 1632 838 1693 attingere
874 1647 977 1678 non
1015 1641 1232 1693 possunt.

109 1722 283 1767 Dices:
320 1721 602 1768 Secundum
630 1720 676 1767 S.
713 1721 940 1767 Tlmmam
967 1715 1029 1781 (2,
1062 1737 1103 1778 2,
1133 1736 1180 1780 q.
1214 1723 1320 1775 161,
1361 1736 1400 1766 a.
1431 1738 1460 1779 4
1487 1720 1549 1766 ad
1580 1715 1623 1780 2)
1668 1720 1940 1767 «humilitas

34 1805 106 1843 est
142 1795 192 1842 in
228 1796 459 1843 irascibili
498 1796 620 1843 sicut
657 1795 706 1842 in
744 1795 1014 1842 subiecto».
1087 1796 1224 1856 Resp.
1266 1811 1377 1841 cum
1416 1795 1595 1841 eodem
1634 1796 1678 1841 S.
1719 1797 1940 1842 Doctore

36 1867 108 1933 (2,
152 1888 203 1928 2,
244 1887 291 1932 q.
335 1873 453 1927 162,
506 1887 546 1918 a.
588 1866 660 1931 3):
717 1870 1011 1917 «Irascibilis
1049 1870 1311 1931 dupliciter
1348 1870 1570 1930 intellegi
1606 1878 1792 1931 potest:
1841 1885 1940 1916 uno

33 1946 185 1992 modo
221 1946 452 2007 proprie3
490 1955 538 1993 et
574 1947 643 1992 sic
681 1954 753 1993 est
788 1962 902 2006 pars
940 1946 1185 2006 appetitus
1223 1944 1466 2003 sensitivi3
1506 1983 1514 1991 .
1557 1984 1564 1991 .
1607 1984 1614 1991 .
1655 1945 1751 1991 alio
1789 1945 1939 1992 modo

32 2028 195 2083 potest
232 2021 391 2082 accipi
429 2021 686 2067 irascibilis
724 2022 930 2082 largius,
981 2020 1065 2067 scl.
1106 2028 1156 2066 ut
1193 2020 1438 2081 pertineat
1485 2020 1630 2066 etiam
1682 2020 1744 2066 ad
1793 2035 1939 2081 appe-

31 2096 170 2143 titum
222 2095 600 2154 intellectivum,
657 2096 735 2142 cui
788 2097 936 2143 etiam
991 2096 1295 2156 quandoque
1345 2094 1621 2141 attribuitur
1668 2094 1784 2141 ira.»
1830 2133 1837 2141 .
1878 2133 1886 2140 .
1929 2133 1937 2142 .

33 2171 167 2217 Sicut
214 2186 333 2231 ergo
372 2172 417 2217 S.
456 2172 675 2217 Thomas
724 2172 753 2216 l.
805 2187 845 2218 c.
897 2170 1069 2217 dicens
1118 2169 1399 2231 superbiam
1450 2185 1555 2216 esse
1605 2170 1655 2215 in
1706 2169 1939 2216 irascibili

32 2246 155 2292 sicut
201 2245 252 2291 in
299 2245 521 2292 subiecto
570 2246 773 2292 nomine
822 2245 1079 2292 irascibilis
1127 2245 1368 2305 intellegit
1414 2245 1742 2301 voluntatem,
1792 2253 1939 2306 prout

31 2320 189 2367 tendit
236 2320 287 2371 in
335 2321 511 2378 ardua,
562 2321 628 2367 ita
674 2320 821 2367 etiam
870 2319 1042 2367 dicens
1090 2319 1414 2366 humilitatem
1464 2334 1569 2366 esse
1619 2320 1669 2365 in
1707 2318 1938 2365 irascibili

30 2394 392 2456 intellegendus
430 2404 503 2442 est
538 2395 601 2442 de
638 2396 906 2442 voluntate.

820 2658 1048 2705 CAPUT
1085 2659 1145 2704 V.

533 2780 649 2837 DE
698 2778 922 2838 LEGE
971 2779 1428 2838 NATURALI.

40 2940 178 2994 147.
258 2931 463 2980 Norma
502 2930 812 2992 honestatis,
857 2931 925 2980 de
966 2947 1071 2996 qua
1112 2931 1163 2980 in
1206 2931 1380 2996 capite
1424 2944 1468 2993 3.
1515 2929 1748 2995 egimus,
1792 2945 1932 2977 mere

30 3011 323 3062 theoretica
382 3021 489 3073 est,
551 3013 815 3074 indicans,
879 3030 1143 3078 quaenam
1202 3013 1306 3062 sint
1361 3012 1599 3061 actiones
1654 3010 1932 3059 intrinsece

30 3093 205 3144 bonae
258 3093 341 3144 vel
394 3093 580 3145 malae
680 3094 838 3171 Nunc
890 3094 958 3143 ad
1011 3111 1254 3163 normam
1298 3101 1605 3163 placllcam
1661 3091 1931 3141 actionum

30 3174 379 3253 11111113113111111
419 3177 724 3237 transimus,
748 3166 919 3253 quae
959 3176 1223 3226 voluntati
1262 3176 1634 3225 necessitatem
1674 3171 1928 3222 moralem

30 3272 122 3324 seu
158 3255 552 3323 oblzgatwnem
603 3259 844 3326 imponit.
937 3258 1088 3308 Haec
1140 3265 1318 3307 autem
1370 3273 1556 3306 norma
1607 3263 1686 3304 est
1738 3254 1826 3304 lex
1877 3263 1930 3304 et

30 3322 255 3403 quidem
287 3337 534 3405 primario
575 3338 664 3390 lex
703 3339 968 3391 naturalis
