<?xml version="1.0" encoding="UTF-8"?>
<!DOCTYPE html PUBLIC "-//W3C//DTD XHTML 1.0 Transitional//EN"
    "http://www.w3.org/TR/xhtml1/DTD/xhtml1-transitional.dtd">
<html xmlns="http://www.w3.org/1999/xhtml" xml:lang="en" lang="en">
 <head>
  <title>
</title>
<meta http-equiv="Content-Type" content="text/html;charset=utf-8" />
  <meta name='ocr-system' content='tesseract 3.04.00' />
  <meta name='ocr-capabilities' content='ocr_page ocr_carea ocr_par ocr_line ocrx_word'/>
</head>
<body>
  <div class='ocr_page' id='page_1' title='image "./philosophiamoral00cath_0142.png"; bbox 0 0 2182 3682; ppageno 0'>
   <div class='ocr_carea' id='block_1_1' title="bbox 189 175 1686 223">
    <p class='ocr_par' dir='ltr' id='par_1_1' title="bbox 189 175 1686 223">
     <span class='ocr_line' id='line_1_1' title="bbox 189 175 1686 223; baseline -0.001 -13"><span class='ocrx_word' id='word_1_1' title='bbox 189 175 288 223; x_wconf 78' lang='lat'>118</span> <span class='ocrx_word' id='word_1_2' title='bbox 589 180 705 209; x_wconf 86' lang='lat' dir='ltr'>PARS</span> <span class='ocrx_word' id='word_1_3' title='bbox 738 180 767 210; x_wconf 91' lang='lat'>1.</span> <span class='ocrx_word' id='word_1_4' title='bbox 818 179 1134 210; x_wconf 85' lang='lat' dir='ltr'>PHILOSOPHIA</span> <span class='ocrx_word' id='word_1_5' title='bbox 1167 179 1372 208; x_wconf 86' lang='lat' dir='ltr'>MORALIS</span> <span class='ocrx_word' id='word_1_6' title='bbox 1407 178 1686 208; x_wconf 83' lang='lat' dir='ltr'>GENERALIS.</span> 
     </span>
    </p>
   </div>
   <div class='ocr_carea' id='block_1_2' title="bbox 180 317 2095 2123">
    <p class='ocr_par' dir='ltr' id='par_1_2' title="bbox 180 317 2094 1538">
     <span class='ocr_line' id='line_1_2' title="bbox 183 317 2091 383; baseline -0.002 -14"><span class='ocrx_word' id='word_1_7' title='bbox 183 319 363 370; x_wconf 91' lang='lat' dir='ltr'>dentia</span> <span class='ocrx_word' id='word_1_8' title='bbox 403 327 485 369; x_wconf 91' lang='lat' dir='ltr'>est</span> <span class='ocrx_word' id='word_1_9' title='bbox 523 319 688 368; x_wconf 90' lang='lat' dir='ltr'>virtus</span> <span class='ocrx_word' id='word_1_10' title='bbox 729 318 945 368; x_wconf 90' lang='lat' dir='ltr'>rationis</span> <span class='ocrx_word' id='word_1_11' title='bbox 984 317 1269 383; x_wconf 65' lang='lat' dir='ltr'>practicae</span> <span class='ocrx_word' id='word_1_12' title='bbox 1307 317 1376 367; x_wconf 92' lang='lat' dir='ltr'>ad</span> <span class='ocrx_word' id='word_1_13' title='bbox 1430 317 1775 367; x_wconf 89' lang='lat' dir='ltr'>directionem</span> <span class='ocrx_word' id='word_1_14' title='bbox 1819 317 2091 367; x_wconf 87' lang='lat' dir='ltr'>actionum</span> 
     </span>
     <span class='ocr_line' id='line_1_3' title="bbox 181 397 2091 465; baseline -0.001 -14"><span class='ocrx_word' id='word_1_15' title='bbox 181 402 530 452; x_wconf 87' lang='lat' dir='ltr'>humanarum</span> <span class='ocrx_word' id='word_1_16' title='bbox 594 402 851 451; x_wconf 90' lang='lat' dir='ltr'>ordinata.</span> <span class='ocrx_word' id='word_1_17' title='bbox 947 400 1046 450; x_wconf 88' lang='lat' dir='ltr'>Per</span> <span class='ocrx_word' id='word_1_18' title='bbox 1103 399 1208 449; x_wconf 93' lang='lat' dir='ltr'>hoc</span> <span class='ocrx_word' id='word_1_19' title='bbox 1269 399 1606 465; x_wconf 80' lang='lat' dir='ltr'>distinguitur</span> <span class='ocrx_word' id='word_1_20' title='bbox 1664 415 1772 448; x_wconf 91' lang='lat' dir='ltr'>non</span> <span class='ocrx_word' id='word_1_21' title='bbox 1831 397 2006 448; x_wconf 89' lang='lat' dir='ltr'>solum</span> <span class='ocrx_word' id='word_1_22' title='bbox 2061 416 2091 449; x_wconf 90' lang='lat' dir='ltr'>a</span> 
     </span>
     <span class='ocr_line' id='line_1_4' title="bbox 180 481 2091 550; baseline -0.001 -17"><span class='ocrx_word' id='word_1_23' title='bbox 180 484 475 544; x_wconf 86' lang='lat' dir='ltr'>virtutibus,</span> <span class='ocrx_word' id='word_1_24' title='bbox 519 500 656 550; x_wconf 89' lang='lat' dir='ltr'>quae</span> <span class='ocrx_word' id='word_1_25' title='bbox 696 490 820 532; x_wconf 91' lang='lat' dir='ltr'>sunt</span> <span class='ocrx_word' id='word_1_26' title='bbox 847 483 899 532; x_wconf 93' lang='lat' dir='ltr'>in</span> <span class='ocrx_word' id='word_1_27' title='bbox 939 483 1199 548; x_wconf 89' lang='lat' dir='ltr'>appetitu,</span> <span class='ocrx_word' id='word_1_28' title='bbox 1243 482 1339 531; x_wconf 90' lang='lat' dir='ltr'>sed</span> <span class='ocrx_word' id='word_1_29' title='bbox 1369 482 1528 531; x_wconf 91' lang='lat' dir='ltr'>etiam</span> <span class='ocrx_word' id='word_1_30' title='bbox 1557 498 1586 531; x_wconf 92' lang='lat' dir='ltr'>a</span> <span class='ocrx_word' id='word_1_31' title='bbox 1613 481 1910 542; x_wconf 88' lang='lat' dir='ltr'>virtutibus,</span> <span class='ocrx_word' id='word_1_32' title='bbox 1954 497 2091 546; x_wconf 89' lang='lat' dir='ltr'>quae</span> 
     </span>
     <span class='ocr_line' id='line_1_5' title="bbox 180 563 2093 631; baseline -0.002 -15"><span class='ocrx_word' id='word_1_33' title='bbox 180 575 303 616; x_wconf 93' lang='lat' dir='ltr'>sunt</span> <span class='ocrx_word' id='word_1_34' title='bbox 337 566 388 615; x_wconf 92' lang='lat' dir='ltr'>in</span> <span class='ocrx_word' id='word_1_35' title='bbox 428 565 700 616; x_wconf 89' lang='lat' dir='ltr'>intellectu</span> <span class='ocrx_word' id='word_1_36' title='bbox 728 564 1075 631; x_wconf 85' lang='lat' dir='ltr'>speculativo.</span> <span class='ocrx_word' id='word_1_37' title='bbox 1130 563 1410 613; x_wconf 88' lang='lat' dir='ltr'>Addendo</span> <span class='ocrx_word' id='word_1_38' title='bbox 1439 563 1725 628; x_wconf 73' lang='lat' dir='ltr'>agibz‘lz‘zlm</span> <span class='ocrx_word' id='word_1_39' title='bbox 1755 563 2093 628; x_wconf 79' lang='lat' dir='ltr'>distinguitur</span> 
     </span>
     <span class='ocr_line' id='line_1_6' title="bbox 182 645 2092 714; baseline -0.003 -15"><span class='ocrx_word' id='word_1_40' title='bbox 182 650 250 699; x_wconf 93' lang='lat' dir='ltr'>ab</span> <span class='ocrx_word' id='word_1_41' title='bbox 292 656 429 710; x_wconf 64' lang='lat' dir='ltr'>arte,</span> <span class='ocrx_word' id='word_1_42' title='bbox 474 665 611 714; x_wconf 90' lang='lat' dir='ltr'>quae</span> <span class='ocrx_word' id='word_1_43' title='bbox 651 654 733 697; x_wconf 90' lang='lat' dir='ltr'>est</span> <span class='ocrx_word' id='word_1_44' title='bbox 775 655 920 696; x_wconf 67' lang='lat' dir='ltr'>recta</span> <span class='ocrx_word' id='word_1_45' title='bbox 961 647 1106 696; x_wconf 66' lang='lat' dir='ltr'>ratio</span> <span class='ocrx_word' id='word_1_46' title='bbox 1131 645 1487 711; x_wconf 70' lang='lat' dir='ltr'>faclz&#39;bz&#39;lium.</span> <span class='ocrx_word' id='word_1_47' title='bbox 1569 645 1678 694; x_wconf 84' lang='lat' dir='ltr'>Ars</span> <span class='ocrx_word' id='word_1_48' title='bbox 1718 653 1772 695; x_wconf 92' lang='lat' dir='ltr'>et</span> <span class='ocrx_word' id='word_1_49' title='bbox 1812 645 2092 711; x_wconf 90' lang='lat' dir='ltr'>prudentia</span> 
     </span>
     <span class='ocr_line' id='line_1_7' title="bbox 180 726 2092 794; baseline -0.002 -14"><span class='ocrx_word' id='word_1_50' title='bbox 180 731 232 780; x_wconf 92' lang='lat' dir='ltr'>in</span> <span class='ocrx_word' id='word_1_51' title='bbox 273 748 339 780; x_wconf 93' lang='lat' dir='ltr'>eo</span> <span class='ocrx_word' id='word_1_52' title='bbox 381 730 730 790; x_wconf 85' lang='lat' dir='ltr'>conveniunt,</span> <span class='ocrx_word' id='word_1_53' title='bbox 788 729 936 794; x_wconf 91' lang='lat' dir='ltr'>quod</span> <span class='ocrx_word' id='word_1_54' title='bbox 989 737 1212 794; x_wconf 89' lang='lat' dir='ltr'>utraque</span> <span class='ocrx_word' id='word_1_55' title='bbox 1253 737 1491 778; x_wconf 85' lang='lat' dir='ltr'>versatur</span> <span class='ocrx_word' id='word_1_56' title='bbox 1532 728 1670 777; x_wconf 89' lang='lat' dir='ltr'>circa</span> <span class='ocrx_word' id='word_1_57' title='bbox 1708 727 1948 777; x_wconf 78' lang='lat' dir='ltr'>actiones</span> <span class='ocrx_word' id='word_1_58' title='bbox 1999 726 2092 776; x_wconf 92' lang='lat' dir='ltr'>hu-</span> 
     </span>
     <span class='ocr_line' id='line_1_8' title="bbox 182 809 2092 878; baseline -0.002 -16"><span class='ocrx_word' id='word_1_59' title='bbox 182 829 367 863; x_wconf 88' lang='lat' dir='ltr'>manas</span> <span class='ocrx_word' id='word_1_60' title='bbox 406 812 715 878; x_wconf 74' lang='lat' dir='ltr'>singulares.</span> <span class='ocrx_word' id='word_1_61' title='bbox 799 811 1067 860; x_wconf 84' lang='lat' dir='ltr'>Differunt</span> <span class='ocrx_word' id='word_1_62' title='bbox 1107 828 1198 871; x_wconf 89' lang='lat' dir='ltr'>eo,</span> <span class='ocrx_word' id='word_1_63' title='bbox 1255 810 1402 876; x_wconf 91' lang='lat' dir='ltr'>quod</span> <span class='ocrx_word' id='word_1_64' title='bbox 1455 827 1538 859; x_wconf 90' lang='lat' dir='ltr'>ars</span> <span class='ocrx_word' id='word_1_65' title='bbox 1589 810 1640 859; x_wconf 92' lang='lat' dir='ltr'>in</span> <span class='ocrx_word' id='word_1_66' title='bbox 1693 809 2092 875; x_wconf 82' lang='lat' dir='ltr'>operationibus</span> 
     </span>
     <span class='ocr_line' id='line_1_9' title="bbox 182 891 2093 959; baseline -0.002 -14"><span class='ocrx_word' id='word_1_67' title='bbox 182 895 425 945; x_wconf 88' lang='lat' dir='ltr'>humanis</span> <span class='ocrx_word' id='word_1_68' title='bbox 466 894 642 944; x_wconf 90' lang='lat' dir='ltr'>solum</span> <span class='ocrx_word' id='word_1_69' title='bbox 693 894 908 959; x_wconf 84' lang='lat' dir='ltr'>respicit</span> <span class='ocrx_word' id='word_1_70' title='bbox 954 893 1328 943; x_wconf 85' lang='lat' dir='ltr'>rectitudinem</span> <span class='ocrx_word' id='word_1_71' title='bbox 1369 901 1422 942; x_wconf 92' lang='lat' dir='ltr'>et</span> <span class='ocrx_word' id='word_1_72' title='bbox 1461 900 1644 959; x_wconf 88' lang='lat' dir='ltr'>aptam</span> <span class='ocrx_word' id='word_1_73' title='bbox 1686 891 2093 958; x_wconf 90' lang='lat' dir='ltr'>dispositionem</span> 
     </span>
     <span class='ocr_line' id='line_1_10' title="bbox 182 974 2093 1042; baseline -0.002 -15"><span class='ocrx_word' id='word_1_74' title='bbox 182 979 233 1027; x_wconf 92' lang='lat' dir='ltr'>in</span> <span class='ocrx_word' id='word_1_75' title='bbox 275 978 462 1027; x_wconf 87' lang='lat' dir='ltr'>ordine</span> <span class='ocrx_word' id='word_1_76' title='bbox 504 977 571 1026; x_wconf 87' lang='lat' dir='ltr'>ad</span> <span class='ocrx_word' id='word_1_77' title='bbox 624 976 855 1042; x_wconf 77' lang='lat' dir='ltr'>aliquem</span> <span class='ocrx_word' id='word_1_78' title='bbox 908 977 1160 1026; x_wconf 84' lang='lat' dir='ltr'>effectum</span> <span class='ocrx_word' id='word_1_79' title='bbox 1213 975 1593 1036; x_wconf 87' lang='lat' dir='ltr'>obtinendum,</span> <span class='ocrx_word' id='word_1_80' title='bbox 1648 974 1928 1041; x_wconf 85' lang='lat' dir='ltr'>prudentia</span> <span class='ocrx_word' id='word_1_81' title='bbox 1967 991 2093 1024; x_wconf 86' lang='lat' dir='ltr'>vero</span> 
     </span>
     <span class='ocr_line' id='line_1_11' title="bbox 182 1056 2093 1126; baseline -0.002 -17"><span class='ocrx_word' id='word_1_82' title='bbox 182 1059 396 1126; x_wconf 88' lang='lat' dir='ltr'>respicit</span> <span class='ocrx_word' id='word_1_83' title='bbox 435 1059 485 1109; x_wconf 92' lang='lat' dir='ltr'>in</span> <span class='ocrx_word' id='word_1_84' title='bbox 526 1059 715 1108; x_wconf 90' lang='lat' dir='ltr'>iisdem</span> <span class='ocrx_word' id='word_1_85' title='bbox 757 1059 1186 1108; x_wconf 78' lang='lat' dir='ltr'>convenientiam</span> <span class='ocrx_word' id='word_1_86' title='bbox 1227 1058 1295 1107; x_wconf 89' lang='lat' dir='ltr'>ad</span> <span class='ocrx_word' id='word_1_87' title='bbox 1330 1058 1500 1123; x_wconf 90' lang='lat' dir='ltr'>ipsum</span> <span class='ocrx_word' id='word_1_88' title='bbox 1530 1066 1782 1123; x_wconf 88' lang='lat' dir='ltr'>agentem</span> <span class='ocrx_word' id='word_1_89' title='bbox 1808 1073 1903 1106; x_wconf 92' lang='lat' dir='ltr'>seu</span> <span class='ocrx_word' id='word_1_90' title='bbox 1933 1056 2093 1105; x_wconf 89' lang='lat' dir='ltr'>hone-</span> 
     </span>
     <span class='ocr_line' id='line_1_12' title="bbox 180 1130 2093 1207; baseline -0.002 -15"><span class='ocrx_word' id='word_1_91' title='bbox 180 1130 390 1192; x_wconf 88' lang='lat' dir='ltr'>statem.</span> <span class='ocrx_word' id='word_1_92' title='bbox 465 1141 752 1191; x_wconf 88' lang='lat' dir='ltr'>Prudentia</span> <span class='ocrx_word' id='word_1_93' title='bbox 791 1159 886 1207; x_wconf 91' lang='lat' dir='ltr'>per</span> <span class='ocrx_word' id='word_1_94' title='bbox 925 1158 983 1191; x_wconf 90' lang='lat' dir='ltr'>se</span> <span class='ocrx_word' id='word_1_95' title='bbox 1023 1142 1194 1207; x_wconf 89' lang='lat' dir='ltr'>primo</span> <span class='ocrx_word' id='word_1_96' title='bbox 1236 1140 1463 1190; x_wconf 87' lang='lat' dir='ltr'>intendit</span> <span class='ocrx_word' id='word_1_97' title='bbox 1504 1140 1826 1189; x_wconf 67' lang='lat' dir='ltr'>voluntalem</span> <span class='ocrx_word' id='word_1_98' title='bbox 1868 1138 2093 1188; x_wconf 90' lang='lat' dir='ltr'>reddere</span> 
     </span>
     <span class='ocr_line' id='line_1_13' title="bbox 182 1221 2090 1291; baseline -0.002 -17"><span class='ocrx_word' id='word_1_99' title='bbox 182 1225 396 1286; x_wconf 89' lang='lat' dir='ltr'>bonam,</span> <span class='ocrx_word' id='word_1_100' title='bbox 441 1225 565 1291; x_wconf 91' lang='lat' dir='ltr'>quia</span> <span class='ocrx_word' id='word_1_101' title='bbox 605 1225 672 1274; x_wconf 89' lang='lat' dir='ltr'>ab</span> <span class='ocrx_word' id='word_1_102' title='bbox 715 1242 776 1274; x_wconf 91' lang='lat' dir='ltr'>ea</span> <span class='ocrx_word' id='word_1_103' title='bbox 817 1225 988 1274; x_wconf 85' lang='lat' dir='ltr'>onmis</span> <span class='ocrx_word' id='word_1_104' title='bbox 1016 1223 1228 1273; x_wconf 87' lang='lat' dir='ltr'>bonitas</span> <span class='ocrx_word' id='word_1_105' title='bbox 1255 1222 1323 1272; x_wconf 89' lang='lat' dir='ltr'>ad</span> <span class='ocrx_word' id='word_1_106' title='bbox 1353 1238 1517 1288; x_wconf 85' lang='lat' dir='ltr'>opera</span> <span class='ocrx_word' id='word_1_107' title='bbox 1546 1222 1810 1272; x_wconf 78' lang='lat' dir='ltr'>exteriora</span> <span class='ocrx_word' id='word_1_108' title='bbox 1838 1221 2090 1282; x_wconf 89' lang='lat' dir='ltr'>dimanat,</span> 
     </span>
     <span class='ocr_line' id='line_1_14' title="bbox 181 1303 2094 1373; baseline -0.002 -16"><span class='ocrx_word' id='word_1_109' title='bbox 181 1325 264 1357; x_wconf 91' lang='lat' dir='ltr'>ars</span> <span class='ocrx_word' id='word_1_110' title='bbox 304 1325 429 1357; x_wconf 83' lang='lat' dir='ltr'>vero</span> <span class='ocrx_word' id='word_1_111' title='bbox 477 1324 573 1373; x_wconf 90' lang='lat' dir='ltr'>per</span> <span class='ocrx_word' id='word_1_112' title='bbox 612 1324 669 1356; x_wconf 90' lang='lat' dir='ltr'>se</span> <span class='ocrx_word' id='word_1_113' title='bbox 710 1324 847 1373; x_wconf 86' lang='lat' dir='ltr'>opus</span> <span class='ocrx_word' id='word_1_114' title='bbox 888 1314 1168 1356; x_wconf 80' lang='lat' dir='ltr'>externum</span> <span class='ocrx_word' id='word_1_115' title='bbox 1210 1305 1400 1371; x_wconf 80' lang='lat' dir='ltr'>dirigit.</span> <span class='ocrx_word' id='word_1_116' title='bbox 1483 1304 1772 1370; x_wconf 80' lang='lat' dir='ltr'>Propterea</span> <span class='ocrx_word' id='word_1_117' title='bbox 1811 1303 2094 1369; x_wconf 91' lang='lat' dir='ltr'>prudentia</span> 
     </span>
     <span class='ocr_line' id='line_1_15' title="bbox 182 1386 2093 1455; baseline -0.002 -15"><span class='ocrx_word' id='word_1_118' title='bbox 182 1391 342 1440; x_wconf 89' lang='lat' dir='ltr'>etiam</span> <span class='ocrx_word' id='word_1_119' title='bbox 372 1389 575 1439; x_wconf 86' lang='lat' dir='ltr'>definiri</span> <span class='ocrx_word' id='word_1_120' title='bbox 607 1398 787 1455; x_wconf 91' lang='lat' dir='ltr'>potest</span> <span class='ocrx_word' id='word_1_121' title='bbox 825 1405 944 1438; x_wconf 88' lang='lat' dir='ltr'>cum</span> <span class='ocrx_word' id='word_1_122' title='bbox 977 1388 1190 1437; x_wconf 89' lang='lat' dir='ltr'>Lessio:</span> <span class='ocrx_word' id='word_1_123' title='bbox 1224 1388 1396 1436; x_wconf 56' lang='lat' dir='ltr'>vimus</span> <span class='ocrx_word' id='word_1_124' title='bbox 1423 1386 1733 1448; x_wconf 69' lang='lat' dir='ltr'>z&#39;ntellectus,</span> <span class='ocrx_word' id='word_1_125' title='bbox 1764 1403 1863 1452; x_wconf 71' lang='lat' dir='ltr'>qao</span> <span class='ocrx_word' id='word_1_126' title='bbox 1893 1386 1947 1436; x_wconf 73' lang='lat' dir='ltr'>in</span> <span class='ocrx_word' id='word_1_127' title='bbox 1974 1403 2093 1452; x_wconf 78' lang='lat' dir='ltr'><em>quo-</em></span> 
     </span>
     <span class='ocr_line' id='line_1_16' title="bbox 180 1468 2089 1538; baseline -0.003 -16"><span class='ocrx_word' id='word_1_128' title='bbox 180 1473 266 1522; x_wconf 70' lang='lat' dir='ltr'>vis</span> <span class='ocrx_word' id='word_1_129' title='bbox 305 1472 515 1538; x_wconf 63' lang='lat' dir='ltr'>m’gotio</span> <span class='ocrx_word' id='word_1_130' title='bbox 545 1472 843 1521; x_wconf 69' lang='lat' dir='ltr'>occnrmlz‘z&#39;</span> <span class='ocrx_word' id='word_1_131' title='bbox 879 1471 1139 1531; x_wconf 71' lang='lat' dir='ltr'>novimus,</span> <span class='ocrx_word' id='word_1_132' title='bbox 1182 1470 1316 1536; x_wconf 70' lang='lat' dir='ltr'>quid</span> <span class='ocrx_word' id='word_1_133' title='bbox 1337 1469 1611 1518; x_wconf 72' lang='lat' dir='ltr'>honestum</span> <span class='ocrx_word' id='word_1_134' title='bbox 1639 1469 1725 1531; x_wconf 77' lang='lat' dir='ltr'>sit,</span> <span class='ocrx_word' id='word_1_135' title='bbox 1768 1468 1903 1535; x_wconf 75' lang='lat' dir='ltr'>quid</span> <span class='ocrx_word' id='word_1_136' title='bbox 1923 1476 2089 1534; x_wconf 69' lang='lat' dir='ltr'>turpe.</span> 
     </span>
    </p>

    <p class='ocr_par' dir='ltr' id='par_1_3' title="bbox 182 1558 2095 2123">
     <span class='ocr_line' id='line_1_17' title="bbox 255 1558 2092 1623; baseline -0.002 -12"><span class='ocrx_word' id='word_1_137' title='bbox 255 1562 539 1611; x_wconf 87' lang='lat' dir='ltr'>Prudentia</span> <span class='ocrx_word' id='word_1_138' title='bbox 589 1560 704 1610; x_wconf 91' lang='lat' dir='ltr'>sola</span> <span class='ocrx_word' id='word_1_139' title='bbox 755 1578 824 1610; x_wconf 75' lang='lat' dir='ltr'>ex</span> <span class='ocrx_word' id='word_1_140' title='bbox 875 1560 1157 1610; x_wconf 76' lang='lat' dir='ltr'>virtutibus</span> <span class='ocrx_word' id='word_1_141' title='bbox 1209 1558 1509 1609; x_wconf 88' lang='lat' dir='ltr'>intellectus</span> <span class='ocrx_word' id='word_1_142' title='bbox 1556 1567 1636 1608; x_wconf 92' lang='lat' dir='ltr'>est</span> <span class='ocrx_word' id='word_1_143' title='bbox 1676 1558 1851 1608; x_wconf 72' lang='lat' dir='ltr'>virtus</span> <span class='ocrx_word' id='word_1_144' title='bbox 1887 1558 2092 1623; x_wconf 72' lang='lat' dir='ltr'>simpli-</span> 
     </span>
     <span class='ocr_line' id='line_1_18' title="bbox 182 1640 2094 1708; baseline -0.001 -15"><span class='ocrx_word' id='word_1_145' title='bbox 182 1645 314 1694; x_wconf 69' lang='lat' dir='ltr'>citer</span> <span class='ocrx_word' id='word_1_146' title='bbox 355 1643 588 1708; x_wconf 88' lang='lat' dir='ltr'>(moralis</span> <span class='ocrx_word' id='word_1_147' title='bbox 628 1642 813 1692; x_wconf 89' lang='lat' dir='ltr'>latiore</span> <span class='ocrx_word' id='word_1_148' title='bbox 852 1644 1062 1707; x_wconf 77' lang='lat' dir='ltr'>sensu),</span> <span class='ocrx_word' id='word_1_149' title='bbox 1121 1659 1256 1708; x_wconf 90' lang='lat' dir='ltr'>quae</span> <span class='ocrx_word' id='word_1_150' title='bbox 1299 1642 1502 1691; x_wconf 90' lang='lat' dir='ltr'>bonum</span> <span class='ocrx_word' id='word_1_151' title='bbox 1544 1641 1670 1691; x_wconf 87' lang='lat' dir='ltr'>facit</span> <span class='ocrx_word' id='word_1_152' title='bbox 1709 1640 2000 1690; x_wconf 86' lang='lat' dir='ltr'>habentem</span> <span class='ocrx_word' id='word_1_153' title='bbox 2041 1648 2094 1691; x_wconf 90' lang='lat' dir='ltr'>et</span> 
     </span>
     <span class='ocr_line' id='line_1_19' title="bbox 183 1723 2094 1792; baseline -0.002 -16"><span class='ocrx_word' id='word_1_154' title='bbox 183 1745 320 1792; x_wconf 90' lang='lat' dir='ltr'>opus</span> <span class='ocrx_word' id='word_1_155' title='bbox 361 1727 472 1776; x_wconf 91' lang='lat' dir='ltr'>eius</span> <span class='ocrx_word' id='word_1_156' title='bbox 513 1726 715 1776; x_wconf 90' lang='lat' dir='ltr'>bonum</span> <span class='ocrx_word' id='word_1_157' title='bbox 759 1725 947 1775; x_wconf 88' lang='lat' dir='ltr'>reddit.</span> <span class='ocrx_word' id='word_1_158' title='bbox 1006 1724 1274 1791; x_wconf 78' lang='lat' dir='ltr'>Supponit</span> <span class='ocrx_word' id='word_1_159' title='bbox 1317 1725 1472 1785; x_wconf 90' lang='lat' dir='ltr'>enim,</span> <span class='ocrx_word' id='word_1_160' title='bbox 1516 1723 1706 1774; x_wconf 90' lang='lat' dir='ltr'>saltem</span> <span class='ocrx_word' id='word_1_161' title='bbox 1733 1724 1784 1772; x_wconf 92' lang='lat' dir='ltr'>in</span> <span class='ocrx_word' id='word_1_162' title='bbox 1811 1730 1952 1772; x_wconf 89' lang='lat' dir='ltr'>statu</span> <span class='ocrx_word' id='word_1_163' title='bbox 1982 1740 2094 1789; x_wconf 90' lang='lat' dir='ltr'>per-</span> 
     </span>
     <span class='ocr_line' id='line_1_20' title="bbox 182 1804 2095 1875; baseline -0.002 -17"><span class='ocrx_word' id='word_1_164' title='bbox 182 1809 339 1870; x_wconf 88' lang='lat' dir='ltr'>fecto,</span> <span class='ocrx_word' id='word_1_165' title='bbox 384 1810 683 1875; x_wconf 89' lang='lat' dir='ltr'>appetitum</span> <span class='ocrx_word' id='word_1_166' title='bbox 725 1815 867 1858; x_wconf 91' lang='lat' dir='ltr'>recte</span> <span class='ocrx_word' id='word_1_167' title='bbox 910 1808 1228 1874; x_wconf 88' lang='lat' dir='ltr'>dispositum</span> <span class='ocrx_word' id='word_1_168' title='bbox 1270 1825 1364 1873; x_wconf 91' lang='lat' dir='ltr'>per</span> <span class='ocrx_word' id='word_1_169' title='bbox 1403 1808 1573 1857; x_wconf 85' lang='lat' dir='ltr'>varias</span> <span class='ocrx_word' id='word_1_170' title='bbox 1612 1807 1834 1856; x_wconf 77' lang='lat' dir='ltr'>virtutes</span> <span class='ocrx_word' id='word_1_171' title='bbox 1866 1804 2095 1855; x_wconf 87' lang='lat' dir='ltr'>morales</span> 
     </span>
     <span class='ocr_line' id='line_1_21' title="bbox 184 1888 2092 1957; baseline -0.003 -15"><span class='ocrx_word' id='word_1_172' title='bbox 184 1894 252 1957; x_wconf 82' lang='lat' dir='ltr'>(n.</span> <span class='ocrx_word' id='word_1_173' title='bbox 306 1906 440 1955; x_wconf 77' lang='lat'>133.</span> <span class='ocrx_word' id='word_1_174' title='bbox 513 1892 685 1941; x_wconf 86' lang='lat' dir='ltr'>Immo</span> <span class='ocrx_word' id='word_1_175' title='bbox 728 1898 807 1940; x_wconf 90' lang='lat' dir='ltr'>est</span> <span class='ocrx_word' id='word_1_176' title='bbox 849 1891 1032 1957; x_wconf 90' lang='lat' dir='ltr'>regina</span> <span class='ocrx_word' id='word_1_177' title='bbox 1070 1891 1326 1939; x_wconf 72' lang='lat' dir='ltr'>virtutum</span> <span class='ocrx_word' id='word_1_178' title='bbox 1367 1889 1670 1949; x_wconf 88' lang='lat' dir='ltr'>moralium,</span> <span class='ocrx_word' id='word_1_179' title='bbox 1715 1888 1911 1954; x_wconf 90' lang='lat' dir='ltr'>quibus</span> <span class='ocrx_word' id='word_1_180' title='bbox 1951 1905 2092 1938; x_wconf 90' lang='lat' dir='ltr'>men-</span> 
     </span>
     <span class='ocr_line' id='line_1_22' title="bbox 182 1970 2093 2041; baseline -0.002 -17"><span class='ocrx_word' id='word_1_181' title='bbox 182 1993 358 2024; x_wconf 89' lang='lat' dir='ltr'>suram</span> <span class='ocrx_word' id='word_1_182' title='bbox 400 1974 724 2041; x_wconf 75' lang='lat' dir='ltr'>praescribit,</span> <span class='ocrx_word' id='word_1_183' title='bbox 768 1991 798 2022; x_wconf 90' lang='lat' dir='ltr'>a</span> <span class='ocrx_word' id='word_1_184' title='bbox 838 1991 944 2040; x_wconf 90' lang='lat' dir='ltr'>qua</span> <span class='ocrx_word' id='word_1_185' title='bbox 985 1990 1082 2022; x_wconf 88' lang='lat' dir='ltr'>nec</span> <span class='ocrx_word' id='word_1_186' title='bbox 1123 1990 1219 2039; x_wconf 90' lang='lat' dir='ltr'>per</span> <span class='ocrx_word' id='word_1_187' title='bbox 1259 1989 1541 2022; x_wconf 72' lang='lat' dir='ltr'>excessum</span> <span class='ocrx_word' id='word_1_188' title='bbox 1574 1989 1672 2022; x_wconf 88' lang='lat' dir='ltr'>nec</span> <span class='ocrx_word' id='word_1_189' title='bbox 1702 1988 1796 2037; x_wconf 90' lang='lat' dir='ltr'>per</span> <span class='ocrx_word' id='word_1_190' title='bbox 1824 1970 2093 2021; x_wconf 85' lang='lat' dir='ltr'>defectum</span> 
     </span>
     <span class='ocr_line' id='line_1_23' title="bbox 185 2056 1426 2123; baseline -0.002 -16"><span class='ocrx_word' id='word_1_191' title='bbox 185 2058 395 2107; x_wconf 80' lang='lat' dir='ltr'>deviare</span> <span class='ocrx_word' id='word_1_192' title='bbox 437 2065 675 2123; x_wconf 86' lang='lat' dir='ltr'>possunt,</span> <span class='ocrx_word' id='word_1_193' title='bbox 721 2056 846 2121; x_wconf 91' lang='lat' dir='ltr'>quin</span> <span class='ocrx_word' id='word_1_194' title='bbox 886 2056 938 2105; x_wconf 91' lang='lat' dir='ltr'>in</span> <span class='ocrx_word' id='word_1_195' title='bbox 978 2056 1103 2105; x_wconf 85' lang='lat' dir='ltr'>vitia</span> <span class='ocrx_word' id='word_1_196' title='bbox 1143 2063 1426 2105; x_wconf 81' lang='lat' dir='ltr'>vertantur.</span> 
     </span>
    </p>
   </div>
   <div class='ocr_carea' id='block_1_3' title="bbox 185 2143 2097 2954">
    <p class='ocr_par' dir='ltr' id='par_1_4' title="bbox 185 2143 2097 2954">
     <span class='ocr_line' id='line_1_24' title="bbox 261 2143 2093 2213; baseline -0.002 -17"><span class='ocrx_word' id='word_1_197' title='bbox 261 2146 514 2213; x_wconf 74' lang='lat' dir='ltr'>Quaeres,</span> <span class='ocrx_word' id='word_1_198' title='bbox 559 2146 836 2211; x_wconf 86' lang='lat' dir='ltr'>quomodo</span> <span class='ocrx_word' id='word_1_199' title='bbox 865 2162 1047 2195; x_wconf 81' lang='lat' dir='ltr'>verum</span> <span class='ocrx_word' id='word_1_200' title='bbox 1089 2145 1155 2194; x_wconf 92' lang='lat' dir='ltr'>sit</span> <span class='ocrx_word' id='word_1_201' title='bbox 1197 2145 1264 2194; x_wconf 92' lang='lat' dir='ltr'>de</span> <span class='ocrx_word' id='word_1_202' title='bbox 1305 2144 1602 2210; x_wconf 90' lang='lat' dir='ltr'>prudentia,</span> <span class='ocrx_word' id='word_1_203' title='bbox 1646 2143 1797 2209; x_wconf 92' lang='lat' dir='ltr'>quod</span> <span class='ocrx_word' id='word_1_204' title='bbox 1837 2160 1997 2210; x_wconf 89' lang='lat' dir='ltr'>supra</span> <span class='ocrx_word' id='word_1_205' title='bbox 2024 2143 2093 2193; x_wconf 91' lang='lat' dir='ltr'>de</span> 
     </span>
     <span class='ocr_line' id='line_1_25' title="bbox 185 2225 2091 2295; baseline -0.002 -16"><span class='ocrx_word' id='word_1_206' title='bbox 185 2230 375 2279; x_wconf 81' lang='lat' dir='ltr'>virtute</span> <span class='ocrx_word' id='word_1_207' title='bbox 435 2229 730 2295; x_wconf 89' lang='lat' dir='ltr'>generatim</span> <span class='ocrx_word' id='word_1_208' title='bbox 790 2228 1048 2277; x_wconf 77' lang='lat' dir='ltr'>diximus:</span> <span class='ocrx_word' id='word_1_209' title='bbox 1112 2244 1229 2276; x_wconf 89' lang='lat' dir='ltr'>earn</span> <span class='ocrx_word' id='word_1_210' title='bbox 1290 2244 1396 2276; x_wconf 94' lang='lat' dir='ltr'>non</span> <span class='ocrx_word' id='word_1_211' title='bbox 1446 2234 1608 2291; x_wconf 69' lang='lat' dir='ltr'>posse</span> <span class='ocrx_word' id='word_1_212' title='bbox 1666 2225 1891 2276; x_wconf 63' lang='lat' dir='ltr'>versari</span> <span class='ocrx_word' id='word_1_213' title='bbox 1946 2226 2091 2275; x_wconf 64' lang='lat' dir='ltr'>circa</span> 
     </span>
     <span class='ocr_line' id='line_1_26' title="bbox 186 2308 2094 2376; baseline -0.002 -15"><span class='ocrx_word' id='word_1_214' title='bbox 186 2312 390 2361; x_wconf 73' lang='lat' dir='ltr'>malum</span> <span class='ocrx_word' id='word_1_215' title='bbox 431 2312 707 2376; x_wconf 68' lang='lat' dir='ltr'>polentiae</span> <span class='ocrx_word' id='word_1_216' title='bbox 746 2328 872 2360; x_wconf 90' lang='lat' dir='ltr'>suae</span> <span class='ocrx_word' id='word_1_217' title='bbox 911 2327 1005 2360; x_wconf 89' lang='lat' dir='ltr'>seu</span> <span class='ocrx_word' id='word_1_218' title='bbox 1047 2309 1313 2359; x_wconf 69' lang='lat' dir='ltr'>hominem</span> <span class='ocrx_word' id='word_1_219' title='bbox 1356 2327 1419 2358; x_wconf 75' lang='lat' dir='ltr'>ea</span> <span class='ocrx_word' id='word_1_220' title='bbox 1461 2309 1606 2358; x_wconf 77' lang='lat' dir='ltr'>male</span> <span class='ocrx_word' id='word_1_221' title='bbox 1645 2308 1724 2358; x_wconf 75' lang='lat' dir='ltr'>uli</span> <span class='ocrx_word' id='word_1_222' title='bbox 1760 2326 1863 2358; x_wconf 77' lang='lat' dir='ltr'>non</span> <span class='ocrx_word' id='word_1_223' title='bbox 1891 2309 2094 2373; x_wconf 61' lang='lat' dir='ltr'>posse?</span> 
     </span>
     <span class='ocr_line' id='line_1_27' title="bbox 186 2389 2094 2459; baseline -0.002 -16"><span class='ocrx_word' id='word_1_224' title='bbox 186 2395 375 2459; x_wconf 63' lang='lat' dir='ltr'>Resp:</span> <span class='ocrx_word' id='word_1_225' title='bbox 428 2394 712 2443; x_wconf 87' lang='lat' dir='ltr'>Prudentia</span> <span class='ocrx_word' id='word_1_226' title='bbox 763 2394 815 2442; x_wconf 91' lang='lat' dir='ltr'>in</span> <span class='ocrx_word' id='word_1_227' title='bbox 863 2410 961 2442; x_wconf 88' lang='lat' dir='ltr'>suo</span> <span class='ocrx_word' id='word_1_228' title='bbox 1015 2392 1210 2442; x_wconf 89' lang='lat' dir='ltr'>iudicio</span> <span class='ocrx_word' id='word_1_229' title='bbox 1239 2391 1389 2456; x_wconf 77' lang='lat' dir='ltr'><em>falli</em></span> <span class='ocrx_word' id='word_1_230' title='bbox 1426 2409 1529 2441; x_wconf 60' lang='grc' dir='ltr'>που</span> <span class='ocrx_word' id='word_1_231' title='bbox 1558 2398 1748 2455; x_wconf 73' lang='lat' dir='ltr'>polest.</span> <span class='ocrx_word' id='word_1_232' title='bbox 1831 2389 1924 2439; x_wconf 84' lang='lat' dir='ltr'>Ad</span> <span class='ocrx_word' id='word_1_233' title='bbox 1975 2407 2094 2456; x_wconf 91' lang='lat' dir='ltr'>pru-</span> 
     </span>
     <span class='ocr_line' id='line_1_28' title="bbox 188 2472 2097 2542; baseline -0.003 -16"><span class='ocrx_word' id='word_1_234' title='bbox 188 2478 376 2526; x_wconf 89' lang='lat' dir='ltr'>denter</span> <span class='ocrx_word' id='word_1_235' title='bbox 429 2477 700 2542; x_wconf 89' lang='lat' dir='ltr'>agendum</span> <span class='ocrx_word' id='word_1_236' title='bbox 757 2476 898 2525; x_wconf 91' lang='lat' dir='ltr'>enim</span> <span class='ocrx_word' id='word_1_237' title='bbox 953 2475 1231 2540; x_wconf 84' lang='lat' dir='ltr'>requiritur</span> <span class='ocrx_word' id='word_1_238' title='bbox 1284 2473 1485 2534; x_wconf 87' lang='lat' dir='ltr'>solum,</span> <span class='ocrx_word' id='word_1_239' title='bbox 1544 2480 1602 2522; x_wconf 95' lang='lat' dir='ltr'>ut</span> <span class='ocrx_word' id='word_1_240' title='bbox 1659 2473 1774 2539; x_wconf 90' lang='lat' dir='ltr'>quis</span> <span class='ocrx_word' id='word_1_241' title='bbox 1828 2472 2097 2522; x_wconf 85' lang='lat' dir='ltr'>moraliter</span> 
     </span>
     <span class='ocr_line' id='line_1_29' title="bbox 189 2555 2094 2624; baseline -0.003 -15"><span class='ocrx_word' id='word_1_242' title='bbox 189 2567 335 2609; x_wconf 87' lang='lat' dir='ltr'>certo</span> <span class='ocrx_word' id='word_1_243' title='bbox 378 2567 429 2608; x_wconf 93' lang='lat' dir='ltr'>et</span> <span class='ocrx_word' id='word_1_244' title='bbox 471 2559 675 2624; x_wconf 84' lang='lat' dir='ltr'>absque</span> <span class='ocrx_word' id='word_1_245' title='bbox 716 2558 964 2624; x_wconf 87' lang='lat' dir='ltr'>prudenti</span> <span class='ocrx_word' id='word_1_246' title='bbox 1006 2557 1289 2607; x_wconf 88' lang='lat' dir='ltr'>formidine</span> <span class='ocrx_word' id='word_1_247' title='bbox 1318 2556 1553 2622; x_wconf 91' lang='lat' dir='ltr'>oppositi</span> <span class='ocrx_word' id='word_1_248' title='bbox 1592 2555 1788 2605; x_wconf 90' lang='lat' dir='ltr'>iudicet</span> <span class='ocrx_word' id='word_1_249' title='bbox 1828 2555 2094 2605; x_wconf 86' lang='lat' dir='ltr'>actionem</span> 
     </span>
     <span class='ocr_line' id='line_1_30' title="bbox 188 2637 2096 2708; baseline -0.003 -17"><span class='ocrx_word' id='word_1_250' title='bbox 188 2641 497 2708; x_wconf 89' lang='lat' dir='ltr'>ponendam</span> <span class='ocrx_word' id='word_1_251' title='bbox 539 2659 654 2691; x_wconf 91' lang='lat' dir='ltr'>esse</span> <span class='ocrx_word' id='word_1_252' title='bbox 695 2641 977 2691; x_wconf 89' lang='lat' dir='ltr'>honestam</span> <span class='ocrx_word' id='word_1_253' title='bbox 1018 2648 1264 2706; x_wconf 88' lang='lat' dir='ltr'>respectu</span> <span class='ocrx_word' id='word_1_254' title='bbox 1306 2638 1576 2704; x_wconf 90' lang='lat' dir='ltr'>operantis</span> <span class='ocrx_word' id='word_1_255' title='bbox 1617 2638 1666 2687; x_wconf 92' lang='lat' dir='ltr'>in</span> <span class='ocrx_word' id='word_1_256' title='bbox 1709 2637 1846 2687; x_wconf 92' lang='lat' dir='ltr'>datis</span> <span class='ocrx_word' id='word_1_257' title='bbox 1881 2638 2096 2687; x_wconf 90' lang='lat' dir='ltr'>circum-</span> 
     </span>
     <span class='ocr_line' id='line_1_31' title="bbox 188 2719 2094 2790; baseline -0.003 -16"><span class='ocrx_word' id='word_1_258' title='bbox 188 2724 408 2774; x_wconf 90' lang='lat' dir='ltr'>stantiis.</span> <span class='ocrx_word' id='word_1_259' title='bbox 490 2724 614 2774; x_wconf 86' lang='lat' dir='ltr'>Non</span> <span class='ocrx_word' id='word_1_260' title='bbox 655 2741 785 2790; x_wconf 89' lang='lat' dir='ltr'>ergo</span> <span class='ocrx_word' id='word_1_261' title='bbox 827 2723 1129 2789; x_wconf 92' lang='lat' dir='ltr'>requiritur,</span> <span class='ocrx_word' id='word_1_262' title='bbox 1179 2730 1237 2771; x_wconf 93' lang='lat' dir='ltr'>ut</span> <span class='ocrx_word' id='word_1_263' title='bbox 1277 2721 1416 2771; x_wconf 90' lang='lat' dir='ltr'>actio</span> <span class='ocrx_word' id='word_1_264' title='bbox 1458 2719 1704 2770; x_wconf 91' lang='lat' dir='ltr'>absolute</span> <span class='ocrx_word' id='word_1_265' title='bbox 1744 2720 1810 2770; x_wconf 90' lang='lat' dir='ltr'>sit</span> <span class='ocrx_word' id='word_1_266' title='bbox 1851 2719 2094 2779; x_wconf 81' lang='lat' dir='ltr'>honesta,</span> 
     </span>
     <span class='ocr_line' id='line_1_32' title="bbox 188 2799 2096 2856; baseline -0.003 0"><span class='ocrx_word' id='word_1_267' title='bbox 188 2807 283 2856; x_wconf 88' lang='lat' dir='ltr'>sed</span> <span class='ocrx_word' id='word_1_268' title='bbox 324 2806 499 2856; x_wconf 90' lang='lat' dir='ltr'>solum</span> <span class='ocrx_word' id='word_1_269' title='bbox 551 2814 609 2856; x_wconf 92' lang='lat' dir='ltr'>ut</span> <span class='ocrx_word' id='word_1_270' title='bbox 660 2807 726 2855; x_wconf 89' lang='lat' dir='ltr'>sit</span> <span class='ocrx_word' id='word_1_271' title='bbox 777 2806 1002 2855; x_wconf 89' lang='lat' dir='ltr'>honesta</span> <span class='ocrx_word' id='word_1_272' title='bbox 1054 2805 1176 2855; x_wconf 77' lang='lat' dir='ltr'>lmz&#39;c</span> <span class='ocrx_word' id='word_1_273' title='bbox 1225 2802 1428 2854; x_wconf 90' lang='lat' dir='ltr'>homini</span> <span class='ocrx_word' id='word_1_274' title='bbox 1479 2803 1553 2852; x_wconf 87' lang='lat' dir='ltr'>sic</span> <span class='ocrx_word' id='word_1_275' title='bbox 1594 2802 1788 2852; x_wconf 84' lang='lat' dir='ltr'>affecto</span> <span class='ocrx_word' id='word_1_276' title='bbox 1831 2818 1952 2851; x_wconf 89' lang='lat' dir='ltr'>cum</span> <span class='ocrx_word' id='word_1_277' title='bbox 2005 2799 2096 2851; x_wconf 91' lang='lat' dir='ltr'>tali</span> 
     </span>
     <span class='ocr_line' id='line_1_33' title="bbox 191 2889 871 2954; baseline 0 -16"><span class='ocrx_word' id='word_1_278' title='bbox 191 2906 363 2938; x_wconf 91' lang='lat' dir='ltr'>rerum</span> <span class='ocrx_word' id='word_1_279' title='bbox 405 2889 727 2954; x_wconf 84' lang='lat' dir='ltr'>cognitione,</span> <span class='ocrx_word' id='word_1_280' title='bbox 772 2897 871 2938; x_wconf 84' lang='lat' dir='ltr'>ete.</span> 
     </span>
    </p>
   </div>
   <div class='ocr_carea' id='block_1_4' title="bbox 184 3025 2097 3429">
    <p class='ocr_par' dir='ltr' id='par_1_5' title="bbox 184 3025 2097 3259">
     <span class='ocr_line' id='line_1_34' title="bbox 199 3025 2097 3094; baseline -0.002 -17"><span class='ocrx_word' id='word_1_281' title='bbox 199 3027 339 3091; x_wconf 87' lang='lat'>138.</span> <span class='ocrx_word' id='word_1_282' title='bbox 432 3027 645 3094; x_wconf 69' lang='lat' dir='ltr'>Species</span> <span class='ocrx_word' id='word_1_283' title='bbox 707 3028 1022 3094; x_wconf 89' lang='lat' dir='ltr'>prudentiae</span> <span class='ocrx_word' id='word_1_284' title='bbox 1082 3027 1281 3094; x_wconf 87' lang='lat' dir='ltr'>(partes</span> <span class='ocrx_word' id='word_1_285' title='bbox 1338 3025 1682 3090; x_wconf 84' lang='lat' dir='ltr'>subiectivae)</span> <span class='ocrx_word' id='word_1_286' title='bbox 1753 3030 1903 3074; x_wconf 91' lang='lat' dir='ltr'>sunt:</span> <span class='ocrx_word' id='word_1_287' title='bbox 1965 3032 2097 3088; x_wconf 73' lang='lat' dir='ltr'>pru-</span> 
     </span>
     <span class='ocr_line' id='line_1_35' title="bbox 191 3105 2094 3177; baseline -0.003 -16"><span class='ocrx_word' id='word_1_288' title='bbox 191 3111 371 3161; x_wconf 73' lang='lat' dir='ltr'>dentia</span> <span class='ocrx_word' id='word_1_289' title='bbox 412 3110 756 3176; x_wconf 60' lang='lat' dir='ltr'>personalis,</span> <span class='ocrx_word' id='word_1_290' title='bbox 810 3127 903 3177; x_wconf 88' lang='lat' dir='ltr'>per</span> <span class='ocrx_word' id='word_1_291' title='bbox 943 3126 1105 3176; x_wconf 87' lang='lat' dir='ltr'>quam</span> <span class='ocrx_word' id='word_1_292' title='bbox 1146 3109 1311 3158; x_wconf 90' lang='lat' dir='ltr'>homo</span> <span class='ocrx_word' id='word_1_293' title='bbox 1352 3126 1409 3158; x_wconf 93' lang='lat' dir='ltr'>se</span> <span class='ocrx_word' id='word_1_294' title='bbox 1447 3108 1649 3174; x_wconf 89' lang='lat' dir='ltr'>ipsum,</span> <span class='ocrx_word' id='word_1_295' title='bbox 1705 3115 1759 3156; x_wconf 90' lang='lat' dir='ltr'>et</span> <span class='ocrx_word' id='word_1_296' title='bbox 1798 3105 2094 3172; x_wconf 64' lang='lat' dir='ltr'>prudentia</span> 
     </span>
     <span class='ocr_line' id='line_1_36' title="bbox 184 3192 1262 3259; baseline -0.003 -16"><span class='ocrx_word' id='word_1_297' title='bbox 184 3193 564 3258; x_wconf 68' lang='lat' dir='ltr'>gubernatrix,</span> <span class='ocrx_word' id='word_1_298' title='bbox 608 3210 702 3259; x_wconf 92' lang='lat' dir='ltr'>per</span> <span class='ocrx_word' id='word_1_299' title='bbox 742 3209 902 3258; x_wconf 87' lang='lat' dir='ltr'>quarn</span> <span class='ocrx_word' id='word_1_300' title='bbox 943 3192 1072 3241; x_wconf 91' lang='lat' dir='ltr'>alios</span> <span class='ocrx_word' id='word_1_301' title='bbox 1113 3192 1262 3257; x_wconf 89' lang='lat' dir='ltr'>regit.</span> 
     </span>
    </p>

    <p class='ocr_par' dir='ltr' id='par_1_6' title="bbox 192 3277 2095 3429">
     <span class='ocr_line' id='line_1_37' title="bbox 265 3277 2095 3347; baseline -0.004 -15"><span class='ocrx_word' id='word_1_302' title='bbox 265 3282 507 3332; x_wconf 83' lang='lat' dir='ltr'>Virtutes</span> <span class='ocrx_word' id='word_1_303' title='bbox 547 3299 792 3331; x_wconf 69' lang='lat' dir='ltr'>annexae</span> <span class='ocrx_word' id='word_1_304' title='bbox 842 3281 1155 3347; x_wconf 89' lang='lat' dir='ltr'>prudentiae</span> <span class='ocrx_word' id='word_1_305' title='bbox 1196 3282 1396 3346; x_wconf 88' lang='lat' dir='ltr'>(partes</span> <span class='ocrx_word' id='word_1_306' title='bbox 1434 3277 1773 3345; x_wconf 80' lang='lat' dir='ltr'>potentiales)</span> <span class='ocrx_word' id='word_1_307' title='bbox 1813 3284 1961 3327; x_wconf 92' lang='lat' dir='ltr'>sunt:</span> <span class='ocrx_word' id='word_1_308' title='bbox 2015 3293 2095 3325; x_wconf 82' lang='lat' dir='ltr'>eu-</span> 
     </span>
     <span class='ocr_line' id='line_1_38' title="bbox 192 3358 2095 3429; baseline -0.003 -15"><span class='ocrx_word' id='word_1_309' title='bbox 192 3363 369 3414; x_wconf 75' lang='lat' dir='ltr'>bzclz&#39;a:</span> <span class='ocrx_word' id='word_1_310' title='bbox 420 3364 632 3414; x_wconf 88' lang='lat' dir='ltr'>habitus</span> <span class='ocrx_word' id='word_1_311' title='bbox 672 3371 816 3414; x_wconf 89' lang='lat' dir='ltr'>recte</span> <span class='ocrx_word' id='word_1_312' title='bbox 859 3362 1219 3425; x_wconf 81' lang='lat' dir='ltr'>consultandi3</span> <span class='ocrx_word' id='word_1_313' title='bbox 1263 3361 1492 3429; x_wconf 74' lang='lat' dir='ltr'>synesis:</span> <span class='ocrx_word' id='word_1_314' title='bbox 1534 3360 1744 3411; x_wconf 93' lang='lat' dir='ltr'>habitus</span> <span class='ocrx_word' id='word_1_315' title='bbox 1785 3370 1927 3410; x_wconf 89' lang='lat' dir='ltr'>recte</span> <span class='ocrx_word' id='word_1_316' title='bbox 1967 3358 2095 3408; x_wconf 91' lang='lat' dir='ltr'>iudi-</span> 
     </span>
    </p>
   </div>
  </div>
 </body>
</html>
