2182 3682
199 188 266 238 62
604 197 717 226 PARS
752 197 779 226 1.
831 197 1151 227 PHILOSOPHIA
1184 197 1388 226 MORALIS
1423 197 1700 226 GENERALIS.

202 331 302 397 64.
386 332 560 385 Schol.
643 334 827 401 Aliqui
891 336 1027 385 inter
1090 333 1443 384 scholasticos
1506 333 1648 384 illam
1701 335 1998 385 bonitatem
2052 342 2106 384 et

197 415 478 477 malitiam,
537 434 675 483 quae
731 419 782 467 in
833 417 1134 468 actionibus
1187 417 1389 466 ratione
1441 417 1584 483 prius
1636 417 1705 467 ad
1757 425 2106 483 praeceptum

197 497 279 548 vel
340 498 757 564 prohibitionem
812 499 916 549 Dei
976 516 1072 565 per
1131 498 1308 565 legem
1368 507 1638 549 aeternam
1699 508 1753 549 et
1811 498 2104 549 naturalem

197 598 313 630 esse
355 582 667 647 concipitur,
709 590 907 631 vocant
934 581 1409 645 finaz'amemalem
1452 589 1504 631 et
1546 581 1863 644 radicalem,
1905 589 2106 647 negant

196 680 312 713 esse
351 664 676 728 formalem.
770 662 879 713 Sed
935 663 1070 713 haec
1126 665 1368 729 quaestio
1425 664 1595 729 magis
1649 664 1864 714 videtur
1912 680 2106 713 vocem

195 754 437 812 spectare
479 763 637 812 quam
692 763 817 796 rem.
900 745 1008 795 Alii
1049 745 1237 796 volunt
1285 745 1430 796 illam
1481 747 1781 796 bonitatem
1831 762 1940 796 non
1990 762 2107 795 esse

196 828 480 889 moralem,
538 828 633 878 sed
675 828 963 893 physicam
1015 836 1069 878 et
1119 845 1265 878 mere
1307 828 1638 893 possibilem.
1733 827 1842 879 Sed
1897 827 2109 879 videtur

195 918 337 961 recte
377 911 558 961 vocari
611 911 824 960 bonitas
876 911 1136 972 moralis,
1190 911 1311 978 quia
1358 918 1568 978 spectat
1611 911 1986 961 rectitudinem
2027 928 2108 961 ac-

194 1002 346 1043 tuum
399 992 679 1043 moralium
735 1011 840 1060 qua
892 993 1101 1055 talium,
1160 994 1213 1043 id
1271 993 1420 1060 quod
1478 994 1637 1043 etiam
1695 1011 1763 1044 ex
1818 1011 1884 1044 eo
1940 1002 2105 1060 patet,

196 1076 343 1141 quod
387 1075 535 1125 Deus
574 1076 625 1125 vi
671 1077 966 1126 sanctitatis
1006 1093 1133 1126 suae
1173 1075 1288 1126 illas
1328 1077 1568 1126 actiones
1621 1077 1929 1143 praecipere
1971 1076 2108 1142 (pro-

195 1158 398 1221 hibere)
452 1158 630 1208 debet.
713 1158 806 1208 Illa
859 1167 1039 1209 autem
1082 1158 1352 1209 distinctio
1394 1159 1529 1209 inter
1570 1159 1869 1209 bonitatem
1911 1157 2109 1208 realem

198 1241 519 1307 (physicam)
573 1248 627 1291 et
677 1242 989 1308 possibilem
1041 1242 1092 1290 in
1145 1250 1326 1292 nostra
1379 1242 1693 1307 quaestione
1745 1259 1854 1291 non
1907 1250 1988 1291 est
2040 1240 2108 1290 ad

198 1341 324 1374 rem.
370 1323 474 1374 Hic
516 1324 658 1373 enirn
700 1342 807 1374 non
850 1325 1023 1389 agitur
1065 1324 1132 1374 de
1173 1323 1697 1388 bonitatesormalz',
1739 1324 1835 1374 sed
1866 1323 1934 1374 de
1963 1323 2110 1374 boni-

198 1413 308 1455 tate
351 1406 635 1467 objectiva,
691 1423 829 1472 quae
880 1424 910 1456 a
959 1424 1132 1456 rerum
1174 1406 1486 1456 exsistentia
1526 1414 1607 1456 est
1647 1406 2018 1473 independens
2058 1414 2111 1456 et

200 1488 376 1538 solum
417 1507 447 1538 a
495 1490 698 1538 ratione
739 1489 1071 1555 apprehendi
1113 1496 1166 1539 et
1205 1488 1465 1539 voluntati
1505 1489 1737 1555 proponi
1778 1489 1956 1540 debet.
2026 1489 2111 1539 De

201 1571 301 1622 hac
343 1572 682 1622 distinctione
722 1572 900 1622 statim
943 1572 1011 1636 (n.
1056 1572 1147 1637 66)
1188 1572 1485 1622 accuratius
1526 1589 1765 1638 agemus,

934 1735 1263 1774 ARTICL’LUS
1298 1736 1374 1775 ΙΙΙ.

713 1832 805 1877 DE
843 1831 1096 1877 NORMA
1134 1831 1584 1877 HONESTATIS.

204 1939 305 2006 65.
386 1941 442 2007 Si
483 1942 700 2009 quidem
742 1942 1084 1992 intrinsecum
1125 1942 1407 1992 discrimen
1448 1942 1583 1991 inter
1622 1940 1815 1991 multas
1869 1941 2109 1992 actiones

200 2025 455 2075 honestas
497 2034 549 2075 et
588 2025 899 2075 inhonestas
938 2025 1269 2074 intercedere
1312 2032 1546 2085 constat,
1590 2024 1828 2090 sequitur
1868 2041 1984 2074 esse
2024 2023 2109 2074 ali-

201 2125 363 2174 quam
414 2108 566 2157 huius
608 2107 922 2158 discriminis
964 2108 1230 2157 rationem
1273 2124 1381 2156 non
1423 2123 1568 2156 mere
1606 2106 1970 2168 subz’ectz'vam,
2012 2106 2109 2156 sed

200 2190 511 2240 obieclivam
553 2200 606 2240 et
646 2190 1061 2250 invariabilem,
1103 2206 1210 2255 qua
1249 2189 1552 2240 actionibus
1592 2188 1690 2238 illis
1730 2188 1986 2239 honestas
2025 2187 2110 2239 vel

197 2272 509 2323 inhonestas
537 2272 618 2323 vel
649 2273 1002 2322 indifferentia
1030 2272 1245 2322 moralis
1282 2272 1580 2322 conveniat.
1650 2271 1803 2321 Haec
1844 2271 2110 2321 obiectiva

200 2356 359 2417 ratio,
419 2364 683 2421 quatenus
739 2362 819 2405 est
875 2354 1060 2421 regula
1115 2372 1207 2404 seu
1265 2354 1529 2404 criterium
1587 2352 1889 2403 intellectus
1943 2353 2111 2403 nostri

199 2438 249 2487 in
291 2438 634 2488 diiudicanda
675 2438 943 2488 actionum
974 2436 1242 2503 qualitate,
1287 2454 1480 2486 norma
1510 2436 1844 2486 712072al2'2‘at225
1869 2442 2106 2486 vocatur.

198 2521 309 2570 Iam
352 2538 483 2586 ergo
525 2521 806 2587 quaeritur,
851 2536 1113 2586 quaenam
1154 2520 1222 2569 sit
1262 2508 1394 2569 haec
1435 2510 1637 2569 norma.
1779 2514 1782 2516 ⁷
1848 2508 1851 2509 ⁷

686 2673 714 2728 ξ
753 2687 786 2716 1.
836 2677 995 2715 VERA
1027 2675 1241 2714 NORMA
1274 2673 1617 2714 STATUITUR.

942 2787 1210 2835 THESIS
1246 2787 1369 2834 XII.

203 2881 303 2934 66.
330 2898 350 2951 ji
385 2894 602 2940 Norma
637 2892 895 2953 proxima
931 2892 1196 2940 bonitatis
1235 2898 1291 2939 et
1328 2890 1574 2938 malitiae
1613 2888 1844 2937 moralis
1878 2902 1984 2949 pro
2009 2888 2108 2935 ho-

202 2966 354 3013 mine
393 2974 477 3014 est
514 2967 771 3015 eiusdem
811 2974 1011 3014 natura
1048 2965 1333 3014 rationalis
1371 2979 1481 3026 qua
1515 2964 1697 3020 talis‚s
1723 2977 1927 3010 norma
1972 2975 2108 3009 vero

201 3041 399 3088 ultima
436 3048 491 3089 et
526 3041 861 3089 universalis
899 3048 984 3089 est
1019 3041 1143 3102 ipsa
1180 3040 1425 3087 essentia
1461 3038 1663 3085 divina.

204 3136 266 3189 (S.
309 3139 475 3186 Tlmm„
509 3139 556 3178 C.
591 3147 705 3191 gent.
740 3139 766 3178 l.
803 3150 852 3189 3,
889 3153 923 3178 c.
964 3149 1068 3189 129;
1117 3138 1157 3177 S.
1192 3137 1250 3177 th.
1290 3148 1335 3186 1,
1372 3147 1420 3184 2,
1457 3150 1494 3188 q.
1531 3146 1611 3186 94,
1647 3150 1681 3173 a.
1720 3145 1769 3182 23
1806 3148 1846 3186 q.
1883 3142 1961 3185 54,
1997 3147 2032 3172 a.
2069 3143 2106 3183 3.

202 3206 368 3254 Snarez,
399 3206 466 3244 De
489 3206 623 3245 bonit.
649 3213 727 3245 aet.
753 3206 863 3244 hum.
890 3206 996 3259 disp.
1023 3216 1060 3254 2,
1086 3213 1184 3245 sect.
1213 3215 1250 3255 2,
1275 3218 1315 3242 n.
1347 3215 1397 3242 10
1420 3216 1521 3255 sqq;
1555 3201 1798 3254 Moralphil.
1822 3199 1861 3239 14
1890 3200 1969 3251 156
1994 3199 2106 3253 sqq.)

278 3303 366 3356 St.
413 3303 488 3372 Q.
576 3321 616 3357 Ι.
660 3307 835 3357 Actus
876 3306 1089 3357 moralis
1130 3315 1210 3356 est
1249 3305 1349 3366 ille,
1395 3305 1485 3370 qui
1525 3304 1688 3353 libere
1729 3304 1945 3369 ponitur
1985 3319 2106 3352 cum

204 3389 533 3440 advertentia
585 3390 800 3440 rationis
846 3390 915 3439 ad
968 3388 1206 3454 regulam
1258 3404 1469 3438 morum
1519 3403 1611 3436 seu
1663 3386 1732 3435 ad
1773 3386 2110 3435 honestatem
