2182 3682
217 211 312 247 112
615 208 728 236 PARS
763 208 791 236 I.
843 207 1161 237 PHILOSOPHIA
1196 207 1400 235 MORALIS
1435 207 1715 236 GENERALIS.

208 343 506 408 requiritur,
560 351 617 392 ut
667 342 748 392 vel
796 343 862 392 sit
910 344 960 392 in
1000 343 1116 408 ipsa
1165 341 1440 392 voluntate
1479 342 1562 392 vel
1614 344 1666 392 in
1706 342 1805 393 alia
1857 345 2111 409 potentia,

204 425 500 475 secundum
555 425 702 490 quod
759 434 840 474 est
895 433 1041 474 mota
1096 441 1127 474 a
1181 423 1469 474 voluntate.
1565 425 1846 475 Praeterea
1903 425 2115 476 habitus

207 506 436 557 morales
486 515 809 572 generantur
855 524 950 572 per
989 514 1138 556 actus
1178 506 1422 556 morales.
1504 507 1674 573 Atqui
1711 516 1862 558 actus
1902 507 2116 558 moralis

208 596 262 638 et
301 588 560 638 honestus
600 606 708 638 non
749 597 930 655 potest
971 589 1266 654 procedere
1307 589 1405 638 nisi
1444 605 1474 639 a
1513 588 1790 639 voluntate
1817 589 1900 640 vel
1941 589 2116 656 aliqua

207 671 462 736 potentia,
506 671 802 721 secundum
844 671 991 737 quod
1031 679 1277 720 movetur
1316 689 1347 720 a
1385 670 1679 722 voluntate.
1760 672 1915 737 Ergo
1956 672 2116 722 etiam

205 752 433 814 habitus,
477 753 567 819 qui
595 753 661 803 sit
688 752 995 819 simpliciter
1021 753 1200 814 virtus,
1245 771 1352 803 non
1381 760 1562 820 potest
1589 770 1706 804 esse
1734 754 1831 803 nisi
1858 754 1909 803 in
1936 753 2115 804 volun-

204 844 314 885 tate
341 834 425 885 vel
453 835 504 884 in
533 834 708 901 aliqua
728 837 984 901 potentia,
1016 836 1309 885 secundum
1333 836 1481 902 quod
1504 844 1585 886 est
1606 844 1754 886 mota
1774 853 1805 886 a
1823 835 2113 887 voluntate.

212 973 355 1026 128.
435 974 503 1025 V.
559 975 869 1026 Necessitas
933 976 1167 1026 virturis.
1277 976 1461 1026 Homo
1529 994 1636 1026 non
1697 975 1756 1026 fit
1809 975 2118 1042 simpliciter

206 1058 381 1107 bonus
422 1074 517 1123 per
545 1075 706 1107 unam
735 1057 1023 1109 alteramve
1064 1059 1264 1108 bonam
1294 1060 1678 1125 operationem,
1720 1058 1817 1108 sed
1857 1076 1954 1125 per
1992 1057 2114 1120 hoc,

206 1140 353 1206 quod
395 1149 702 1190 constanter
742 1150 794 1191 et
834 1140 1072 1207 perfecte
1105 1142 1400 1191 secundum
1431 1141 1670 1191 ordinem
1701 1141 1827 1206 agit,
1871 1141 1937 1190 ad
1968 1140 2116 1206 quod

207 1239 426 1272 necesse
456 1232 551 1284 est,
596 1230 654 1272 ut
682 1224 793 1273 eius
823 1225 1162 1290 operationes
1178 1232 1449 1289 prompte,
1490 1223 1856 1288 unz‘fm‘vziler,
1894 1223 2117 1272 delecta-

207 1304 391 1354 biljter
430 1304 572 1355 fiant.
629 1305 723 1355 Ad
765 1305 898 1356 haec
939 1314 1116 1355 autem
1158 1306 1254 1355 tria
1295 1306 1571 1372 requiritur
1602 1305 1767 1355 virtus
1795 1303 1868 1369 (S.
1909 1304 2115 1368 Thom„

206 1386 293 1436 De
343 1387 518 1437 virtut.
575 1381 627 1437 in
681 1405 876 1438 comm.
933 1406 977 1438 a.
1036 1389 1098 1452 Ι).
1181 1388 1333 1438 Haec
1386 1388 1525 1438 enim
1578 1388 1848 1437 hominem
1901 1386 2118 1437 inclinat

207 1470 275 1518 ad
328 1469 531 1519 bonum
582 1471 680 1531 ita,
736 1480 793 1520 ut
846 1471 1087 1536 operatio
1141 1470 1369 1521 honesta
1414 1471 1466 1520 in
1518 1478 1771 1537 promptu
1824 1469 2113 1532 habeatur3

206 1559 484 1618 praeterea
523 1552 739 1602 inclinat
780 1552 1118 1602 habitualiter
1149 1553 1218 1603 ad
1259 1551 1456 1603 similes
1484 1552 1824 1619 operationes
1863 1551 2118 1602 honestas

204 1634 496 1699 iterandas;
555 1635 788 1701 denique
830 1634 1047 1685 inclinat
1085 1643 1193 1700 per
1235 1635 1446 1685 modum
1489 1635 1764 1685 cuiusdam
1807 1634 2115 1699 (secundae)

205 1725 435 1765 naturae
485 1717 583 1777 ita,
637 1726 694 1767 ut
736 1718 1104 1784 operationem
1156 1718 1449 1768 naturalem
1499 1728 1552 1768 et
1591 1717 1790 1768 idcirco
1831 1717 2114 1767 iucundam

207 1799 413 1849 reddat.

939 1898 1268 1938 ARTICL'LUS
1301 1899 1374 1937 III.

363 1997 454 2042 DE
493 1997 867 2045 VIRTUTUM
904 1998 1369 2044 DIVERSITATE
1408 1999 1495 2044 ET
1533 1996 1958 2044 CONEXIONE.

798 2118 826 2172 ξ
865 2132 898 2161 1.
949 2121 1168 2161 DIVISIO
1203 2122 1519 2162 VIRTL‘TUM.

257 2218 319 2267 (S.
362 2217 503 2256 leom.
545 2227 579 2265 1,
617 2227 654 2265 2,
690 2230 728 2269 q.
767 2217 833 2265 61,
870 2231 906 2257 a.
944 2228 992 2265 2;
1029 2218 1096 2256 De
1129 2218 1349 2257 virtutibus
1384 2218 1586 2257 cardinal.
1622 2232 1656 2257 a.
1698 2229 1732 2258 Ι.
1799 2219 1965 2265 Suarez,
1998 2217 2066 2255 De

797 2284 1019 2323 virtutibus
1053 2286 1093 2324 in
1128 2299 1285 2337 genere
1319 2294 1418 2325 sect.
1455 2283 1518 2337 4.)

213 2406 235 2443 1
253 2405 353 2457 29.
442 2394 556 2445 Usu
588 2402 804 2461 recepta
832 2404 912 2445 est
941 2395 1127 2445 divisio
1157 2396 1409 2445 virtutum
1438 2394 1755 2445 naturalium
1783 2395 1835 2444 in
1864 2401 2116 2461 quattuor

204 2476 544 2526 cardinales:
585 2478 940 2543 prudentiam,
971 2478 1239 2538 iustitiam,
1277 2477 1657 2538 fortitudinem,
1688 2477 2111 2543 temperantiam.

281 2559 567 2608 Rationem
595 2559 748 2609 huius
777 2560 1049 2609 divisionis
1078 2559 1343 2626 duplicem
1375 2558 1428 2609 S.
1470 2560 1708 2609 Thomas
1736 2560 1808 2622 (Ι,
1855 2573 1901 2619 2,
1945 2576 1995 2624 q.
2027 2559 2113 2619 61,

207 2658 251 2689 a.
298 2642 349 2705 2>
391 2642 654 2707 assignat:
707 2656 748 2692 Ι.
793 2642 880 2691 Ex
920 2650 1071 2708 parte
1113 2641 1300 2691 obiecti
1337 2642 1559 2700 virtutis,
1602 2641 1749 2707 quod
1792 2649 1872 2691 est
1913 2641 2115 2690 bonum

205 2724 393 2772 rationi
434 2724 781 2785 conveniens,
837 2725 1113 2790 requiritur
1163 2725 1213 2787 a)
1255 2732 1312 2773 ut
1350 2723 1492 2773 ratio
1534 2723 1599 2773 id
1643 2732 1781 2773 recte
1820 2722 2119 2773 consideret

206 2813 259 2855 et
310 2805 569 2855 voluntati
621 2815 898 2872 tamquam
950 2823 1193 2856 normam
1246 2806 1441 2872 agendi
1493 2814 1788 2871 proponat,
1845 2834 1915 2840 -—
1967 2805 2113 2871 quod

206 2887 367 2937 efficit
413 2888 710 2953 prudentia
727 2908 743 2950 ,·
803 2889 858 2952 b)
912 2897 969 2938 ut
1028 2888 1276 2938 voluntas
1329 2888 1470 2938 hunc
1531 2888 1770 2937 ordinem
1833 2895 1971 2937 recte
2029 2903 2113 2936 ex-

204 2978 474 3035 sequatur,
517 2971 678 3036 idque
718 2977 834 3020 tum
874 2970 931 3020 2'72
957 2971 1071 3020 suis
1099 2969 1513 3035 operationz'bm,
1555 2986 1693 3035 quae
1734 2976 1983 3019 externas
2021 2968 2112 3018 ho-

206 3052 409 3101 minurn
449 3051 731 3102 relationes
772 3053 1076 3118 respiciunt,
1124 3083 1197 3089 —
1237 3052 1386 3118 quod
1428 3051 1589 3101 efficit
1629 3051 1865 3113 iustitia,
1907 3058 2020 3101 tum
2061 3051 2114 3100 in

205 3134 312 3183 suis
351 3134 727 3199 passionibm,
780 3142 1042 3200 quatenus
1094 3133 1176 3184 vel
1228 3134 1502 3200 passiones
1549 3133 1617 3183 ad
1670 3134 1875 3183 bonum
1926 3132 2112 3182 rationi

208 3216 531 3265 contrarium
581 3215 915 3282 impellentes
967 3216 1228 3282 reprimit,
1287 3246 1358 3251 —-
1414 3215 1483 3265 ad
1537 3215 1684 3282 quod
1735 3215 1940 3280 indiget
1991 3222 2112 3264 tem-

198 3298 477 3361 perantia,
516 3297 600 3347 vel
627 3315 686 3348 se
713 3298 882 3364 ipsam
913 3306 1098 3347 contra
1125 3304 1303 3347 motus
1330 3297 1639 3363 passionum
1667 3314 1698 3346 a
1725 3296 1870 3346 bono
1898 3295 2115 3346 rationis

210 3379 378 3429 arduo
420 3379 749 3429 retrahentes
789 3378 977 3440 firmat,
1021 3409 1092 3414 ——
1131 3380 1201 3429 ad
1244 3379 1390 3445 quod
1430 3378 1634 3444 indiget
1659 3377 2004 3443 fortitudine.
