2182 3682
191 162 302 224 464
599 172 713 201 PARS
748 172 795 202 ΙΙ.
844 172 1159 202 PHILOSOPHIA
1193 173 1401 201 MORALIS
1439 173 1686 204 SPECIALIS.

419 326 473 363 II.
520 326 591 363 De
624 325 754 363 fonte
788 336 876 363 seu
908 325 999 363 fine
1032 323 1281 374 potestatis
1314 324 1579 363 iudiciariae
1615 324 1878 366 criminalis.

194 424 341 490 634.
421 426 491 477 A.
537 426 744 477 Variae
783 426 1074 476 sententiae
1116 435 1466 477 recensentur.

265 523 478 574 Acriter
516 524 651 573 inter
686 523 1044 590 philosophos
1073 525 1415 590 disceptatur,
1460 542 1529 573 eX
1556 532 1784 591 quonam
1811 525 1971 589 fonte
1997 525 2102 576 hoc

188 607 268 657 ius
308 606 561 673 puniendi
604 606 949 656 derivandum
991 607 1072 668 sit,
1116 607 1200 656 vel
1229 607 1389 656 etiam
1431 606 1551 672 quis
1589 607 1663 656 sit
1699 607 1812 657 eius
1833 607 1986 673 finis.

272 717 312 754 Ι.
357 702 494 753 Sunt
519 703 623 777 qui
664 702 882 753 omnino
924 712 1126 770 negent
1165 721 1399 770 poenam
1431 705 1661 781 proprie
1661 703 1886 760 habere
1893 704 2101 770 finem

188 787 260 836 ita
311 772 482 835 Kc'mt
516 793 679 850 negat
734 802 967 851 poenam
1025 803 1139 835 esse
1200 786 1435 835 medium
1490 774 1563 835 ad
1623 785 1854 852 aliquem
1910 786 2098 849 finem;

123 902 128 906 -
188 868 486 919 secundum
526 869 702 934 ipsum
744 885 920 934 poena
961 877 1042 918 est
1082 869 1234 934 quasi
1274 869 1568 918 necessaria
1611 869 1993 935 consequentia
2033 886 2104 918 ex

190 951 415 1013 delicto;
460 950 746 1001 sceleratus
787 951 959 1017 puniri
1000 950 1190 1012 debet,
1236 951 1364 1017 quia
1410 951 1608 1001 crimen
1649 951 1928 1014 commisit
1990 951 2105 1001 Pari

189 1034 355 1084 modo
387 1033 569 1099 Hegel
607 1034 909 1084 considerat
950 1028 1179 1099 poenam
1209 1042 1483 1103 tamquam
1515 1033 1852 1108 functionem
1870 1033 2102 1109 logicam

408 1074 502 1108 ἧσε-ᾧ
483 1104 558 1110 ,η’-Η

187 1115 271 1166 vel
313 1125 585 1182 tamquam
628 1117 970 1183 negationem
1014 1117 1313 1182 negationis
1354 1105 1640 1184 (criminis).

265 1227 312 1262 2.
356 1212 615 1262 Nonnulli
666 1214 744 1263 ius
797 1214 1048 1279 puniendi
1102 1213 1344 1263 derivant
1401 1231 1470 1263 ex
1526 1213 1704 1280 aliquo
1746 1221 1938 1279 pacto,
1995 1230 2102 1280 quo

188 1295 272 1345 vel
324 1295 517 1362 singuli
568 1295 673 1345 hoc
714 1296 792 1345 ius
839 1296 1132 1361 generatim
1173 1297 1225 1345 in
1264 1296 1579 1346 societatem
1620 1295 1980 1346 transtulerint
2018 1295 2103 1345 vel

190 1377 553 1444 delinquendo
597 1378 1005 1444 quodammodo
1049 1377 1346 1428 declarent:
1390 1379 1432 1428 si
1472 1378 1577 1429 hoc
1607 1378 1759 1440 facio,
1803 1377 1907 1428 hoc
1935 1378 2105 1444 patiar

192 1461 500 1526 (Βατανέα,
541 1460 582 1510 Ῐ.
637 1460 694 1511 G.
741 1460 969 1528 Fidae).

266 1571 311 1622 3.
355 1556 536 1607 Plures
588 1558 730 1607 idem
782 1558 860 1607 ius
910 1576 977 1607 ex
1019 1557 1195 1608 officio
1238 1557 1608 1624 delinquentes
1648 1557 1971 1608 emendandi
2007 1574 2102 1607 seu

190 1640 504 1706 corrigendi
540 1648 789 1707 repetunt
831 1640 1226 1707 (Benllzcmms).

265 1753 313 1801 4.
358 1737 465 1787 Alii
516 1755 586 1787 ex
640 1739 958 1788 necessitate
1010 1738 1254 1788 homines
1306 1737 1536 1788 nefarios
1587 1755 1618 1787 a
1669 1737 1975 1787 criminibus
2016 1735 2099 1786 de-

190 1821 445 1870 ferrendi.

269 1927 312 1980 5.
372 1917 495 1967 Non
554 1918 711 1984 pauci
770 1934 837 1967 ex
902 1917 1011 1967 iure
1077 1918 1346 1967 societatis
1404 1934 1460 1966 se
1525 1915 1852 1981 defendendi
1912 1923 2100 1966 contra

191 1999 478 2050 maleficos,

264 2096 312 2146 6.
357 2095 557 2145 Iterum
597 2095 682 2145 alii
710 2113 780 2145 ex
806 2096 917 2145 iure
946 2104 999 2145 et
1027 2094 1205 2145 officio
1235 2094 1565 2144 auctoritatis
1595 2094 1837 2145 ordinem
1865 2092 2103 2144 iustitiae

191 2178 397 2228 laesum
442 2196 474 2227 r
476 2178 759 2243 eparandi.

268 2288 315 2342 7.
359 2275 505 2346 Vera
561 2276 791 2342 denique
843 2276 1116 2330 sententia
1142 2275 1237 2327 1115
1289 2275 1544 2341 puniendi
1597 2275 1817 2343 deducit
1863 2292 1933 2325 ex
1973 2274 2101 2325 eius-

193 2357 317 2408 dem
357 2366 666 2408 necesszz‘ale
704 2359 773 2429 ad
794 2358 1276 2425 conservationem
1309 2365 1362 2407 et
1390 2357 1639 2436 debitam
1657 2357 2102 2423 gubernationem

193 2441 430 2491 cixltatls

266 2582 324 2630 B.
379 2579 528 2642 Quid
561 2582 625 2631 de
666 2582 753 2632 llis
791 2582 1065 2631 sententiis
1104 2580 1430 2631 censendum.

195 2677 342 2742 635.
431 2693 471 2730 Ι.
515 2678 765 2728 Primam
806 2680 1126 2729 sententiam
1167 2677 1353 2728 falsam
1395 2695 1511 2727 esse
1553 2695 1621 2727 ex
1650 2694 1715 2727 eo
1744 2684 1908 2743 patet,
1952 2676 2101 2747 quod

191 2761 388 2811 malum
430 2762 589 2811 etiam
631 2762 912 2828 physicum
952 2777 1246 2833 numquam
1288 2768 1469 2826 potest
1509 2776 1625 2809 esse
1666 2755 1820 2808 finis
1809 2776 1860 2809 m
1889 2776 1963 2820 se,
2005 2759 2101 2827 sed

193 2852 375 2910 potest
414 2843 589 2894 solum
629 2843 712 2894 vel
753 2845 987 2910 permitti
1026 2843 1109 2894 vel
1150 2843 1354 2893 intendi
1395 2851 1455 2892 ut
1495 2842 1733 2892 medium
1772 2841 1842 2891 ad
1882 2823 2103 2913 aliquod

193 2926 411 2976 bonum.
482 2927 594 2976 Iam
631 2944 757 2976 vero
800 2944 976 2993 poena
1017 2935 1097 2976 est
1137 2925 1362 2987 malum;
1407 2925 1659 2990 idemque
1692 2923 1760 2973 ab
1789 2924 2103 2974 auctoritate

194 3026 301 3058 non
341 3008 516 3059 solum
556 3009 890 3075 permittitur,
935 3017 994 3059 ut
1032 3017 1195 3074 patet.
1263 3008 1419 3072 Ergo
1461 3007 1626 3056 debet
1664 3005 1881 3067 intendi,
1924 3013 1984 3055 ut
2023 3013 2104 3055 est

194 3091 432 3141 medium
471 3091 540 3141 ad
581 3090 813 3157 aliquem
855 3091 1016 3140 finem
1055 3107 1150 3140 seu
1190 3089 1409 3156 aliquod
1451 3089 1682 3151 bonum3
1726 3096 1780 3137 et
1813 3088 1918 3137 iam
1946 3103 2101 3153 quae-

195 3173 336 3234 ritur,
381 3174 499 3239 quis
539 3174 604 3223 sit
643 3172 730 3222 ille
771 3172 902 3223 finis,

272 3284 317 3320 2.
362 3269 617 3320 Alteram
667 3269 985 3319 sententiam
1039 3285 1146 3318 non
1199 3284 1314 3317 esse
1354 3283 1534 3317 veram
1586 3284 1654 3316 ex
1706 3283 1771 3315 eo
1819 3263 2098 3330 colligitur,

197 3352 343 3417 quod
395 3352 680 3402 auctoritas
733 3350 896 3401 civilis
946 3350 1243 3400 secundum
1294 3366 1351 3399 se
1391 3348 1697 3398 immediate
1738 3364 1769 3396 a
1807 3346 1929 3395 Deo
1971 3347 2101 3397 deri-
