2182 3682
208 155 310 218 362
605 166 718 195 PARS
754 166 802 199 11,
854 167 1174 196 PHILOSOPHIA
1209 168 1414 197 MORALIS
1450 169 1697 201 SPECIALIS.

203 299 349 364 484.
432 299 609 350 Sclzol.
642 316 689 350 I.
749 300 864 351 Etsi
904 302 1134 352 societas
1175 302 1339 353 civilis
1380 305 1674 370 generatim
1703 306 2002 369 necessario
2043 323 2114 356 ex

202 391 386 432 natura
437 382 713 433 hominum
764 383 946 434 sociali
988 384 1209 444 oriatur,
1265 403 1360 452 per
1399 385 1504 436 hoc
1546 394 1725 437 tamen
1766 405 1872 438 non
1915 387 2117 438 tollitur

201 465 416 515 libertas
468 465 745 515 hominum
787 466 838 515 in
881 467 1128 516 omnibus
1180 467 1280 518 illis
1320 469 1554 531 actibus,
1610 470 1804 535 quibus
1843 471 1912 520 ad
1952 470 2115 521 socie-

202 556 368 599 tatem
410 547 663 614 paulatim
709 549 1141 599 constituendam
1184 551 1506 617 conspirant.
1580 551 1845 602 Homines
1885 553 2021 602 enim
2064 553 2117 602 in

201 648 297 681 sua
337 631 532 696 agendi
575 631 777 681 ratione
830 640 1088 697 reguntur
1129 632 1450 698 quibusdam
1491 633 1927 684 inclinationibus
1972 634 2116 701 (legi-
2170 693 2178 697 N

199 713 299 763 bus
355 713 656 763 moralibus
709 713 998 780 improprie
1055 715 1237 775 dictis,
1295 732 1344 766 n.
1412 716 1559 781 150),
1623 733 1762 782 quae
1821 717 2114 783 generatim

198 804 534 846 constantem
592 804 644 845 et
701 795 1018 846 uniformem
1077 798 1275 862 agendi
1333 798 1558 847 modum
1619 798 1881 861 efficiunt,
1953 799 2117 849 salva

200 878 434 928 hominis
474 877 726 928 libertate
753 878 810 928 in
837 878 1072 943 singulis
1100 879 1314 929 aclibus.
1375 880 1518 930 Hinc
1545 898 1669 942 non,
1715 881 1973 948 quidquid
2002 898 2116 931 cum

203 960 447 1011 libertate
488 960 561 1021 fit,
607 978 671 1010 eo
714 962 831 1027 ipso
873 978 1089 1027 prorsus
1131 979 1238 1011 non
1281 964 1639 1013 necessarium
1681 963 1785 1013 dici
1826 971 2021 1030 potest.

275 1042 450 1093 Sclcol.
495 1058 542 1093 2.
625 1042 781 1093 Licet
831 1044 1148 1094 societatem
1201 1045 1410 1095 civilem
1462 1047 1758 1112 generatim
1811 1063 1881 1096 ex
1933 1054 2118 1096 natura

198 1126 432 1176 humana
479 1135 755 1192 tamquam
809 1144 843 1176 a
897 1144 1061 1177 cansa
1113 1127 1420 1178 universali
1468 1136 1519 1178 et
1567 1136 1773 1178 remota
1827 1129 1947 1178 oriri
2001 1145 2118 1195 pro-

198 1209 386 1259 batum
426 1210 508 1270 sit,
553 1209 735 1275 quaeri
775 1217 955 1259 tamen
996 1210 1213 1276 insuper
1252 1217 1448 1276 potest,
1494 1228 1589 1276 per
1629 1228 1891 1277 quasnam
1931 1228 2118 1261 causas

198 1293 251 1342 in
309 1299 563 1342 concreto
608 1291 869 1356 prarimc
925 1292 1136 1342 oriatur.
1230 1292 1301 1342 Et
1356 1293 1611 1358 quoniam
1670 1293 1852 1344 civitas
1909 1302 2120 1344 constat

201 1384 314 1424 tum
371 1373 640 1424 elemento
698 1374 1011 1424 materiali:
1069 1373 1409 1425 multitudine
1461 1375 1775 1426 familiarum
1825 1376 1979 1426 simul
2015 1375 2118 1426 col-

203 1457 366 1519 lecta;
413 1465 525 1506 tum
567 1456 836 1506 elemento
866 1457 1141 1521 formali:
1183 1457 1397 1508 vinculo
1442 1458 1664 1508 iuridico
1709 1458 1847 1508 hanc
1891 1457 2118 1508 multitu-

204 1541 384 1590 dinem
431 1539 483 1588 in
532 1557 694 1588 unum
751 1556 947 1606 corpus
1001 1539 1202 1590 morale
1255 1536 1641 1606 cOniungente,
1698 1541 1878 1607 quaeri
1921 1549 2116 1607 potest,

210 1638 250 1673 Ι.
298 1640 393 1689 per
433 1639 699 1689 quaenam
742 1622 881 1672 facta
922 1623 1165 1688 proxime
1206 1623 1493 1673 multitudo
1535 1622 1847 1673 familiarum
1876 1624 1928 1673 in
1956 1641 2118 1674 unum

205 1714 591 1772 congregetur,
651 1719 697 1754 2.
743 1722 838 1771 per
879 1722 1143 1771 quaenam
1189 1705 1327 1755 facta
1366 1706 1614 1773 proxime
1654 1706 1705 1755 in
1746 1706 1846 1756 hac
1891 1706 2118 1756 multitu-

203 1789 325 1839 dine
366 1789 564 1838 oriatur
601 1787 870 1838 vinculum
912 1788 1205 1849 iuridicum,
1251 1806 1359 1854 quo
1389 1789 1581 1838 eadem
1609 1787 1701 1838 fiat
1728 1805 1891 1838 unum
1920 1805 2117 1855 corpus

203 1871 419 1922 morale.
475 1871 561 1920 De
602 1871 703 1921 hac
745 1871 1040 1937 posteriore
1082 1872 1396 1936 quaestione
1438 1887 1660 1937 agemus
1687 1872 1739 1920 in
1768 1870 2118 1938 paragraphis

200 1954 561 2020 sequentibus,

273 2037 420 2086 Prior
459 2053 586 2085 vero
641 2035 882 2101 quaestio
936 2053 1030 2102 per
1081 2053 1138 2085 se
1190 2036 1400 2085 videtur
1452 2036 1632 2102 potius
1684 2052 1800 2086 esse
1853 2035 2115 2086 historica

201 2137 363 2186 quam
416 2118 806 2185 philosophica.
889 2117 1272 2179 Nihilominus,
1326 2119 1607 2184 supposita
1660 2118 1863 2184 origine
1910 2119 2119 2184 generis

202 2202 416 2253 humani
458 2202 526 2251 ab
569 2219 676 2251 uno
719 2201 852 2267 pari,
910 2218 939 2250 a
980 2201 1154 2267 priore
1197 2209 1400 2251 certum
1441 2201 1652 2251 videtur
1692 2200 1892 2251 factum
1921 2200 2117 2266 primi-

194 2285 416 2352 genium
459 2284 616 2334 fuisse
658 2283 1007 2334 evolutionem
1044 2284 1364 2349 Olgam'cam
1396 2284 1620 2349 primae
1646 2283 1918 2348 familiae
1958 2284 2008 2333 in
2051 2282 2117 2333 fa-

203 2368 400 2417 miliam
443 2383 602 2434 quam
633 2375 832 2416 vocant
873 2366 1296 2433 patriarchalem,
1341 2373 1394 2416 et
1435 2366 1558 2415 dein
1599 2367 1650 2415 in
1690 2366 1949 2431 integram
1994 2382 2117 2432 gen-

205 2459 314 2500 tem
355 2450 405 2500 in
448 2466 593 2516 pago
636 2466 730 2499 seu
770 2449 1040 2499 vicinitate
1080 2447 1234 2498 simul
1276 2448 1625 2498 habitantem.
1696 2447 1852 2497 Hanc
1892 2448 2118 2514 primam

202 2533 359 2583 fuisse
402 2532 721 2582 societatum
764 2531 991 2582 civilium
1023 2532 1283 2596 originem
1318 2530 1614 2580 luculenter
1654 2530 1884 2596 probare
1911 2530 2121 2580 videtur

201 2624 316 2666 tum
368 2616 586 2665 historia
639 2615 903 2681 primitiva
955 2614 1246 2664 multorum
1300 2613 1659 2679 populorum,
1720 2621 1833 2662 tum
1885 2613 2118 2662 maxime

200 2699 419 2749 historia
469 2713 633 2747 sacra.
715 2696 840 2747 Alia
891 2714 1017 2746 vero
1072 2696 1238 2756 facta,
1296 2712 1431 2761 quae
1486 2694 1682 2744 multas
1734 2693 1956 2744 familias
1996 2712 2119 2744 con-

199 2798 425 2848 gregare
477 2788 795 2846 potuerunt,
851 2788 971 2828 sunt
1024 2779 1350 2828 diversarum
1406 2777 1719 2827 familiarum
1759 2776 1842 2827 vel
1884 2777 2118 2827 tribuum

201 2863 367 2914 libera
408 2863 711 2922 conventiO,
755 2863 924 2911 maior
964 2862 1117 2911 unius
1157 2859 1547 2927 patrisfamilias
1582 2867 1837 2926 potestaS,
1880 2858 1963 2909 vel
1996 2859 2116 2909 sub-

201 2946 359 2996 iectio
401 2945 452 2995 in
493 2944 653 3005 bello,
699 2944 900 2994 similia.

284 3069 386 3109 Obi.
421 3082 454 3108 1.
527 3061 605 3107 «Si
653 3061 717 3107 ad
766 3060 1198 3107 conservationem
1246 3058 1393 3105 totius
1443 3057 1691 3120 corporis,
1746 3073 1896 3118 quam
1942 3064 2118 3103 natura

202 3136 467 3198 praecipit,
519 3134 756 3183 abscissio
805 3135 955 3197 partis
1004 3144 1077 3181 est
1126 3133 1395 3195 aliquando
1444 3132 1750 3190 necessaria,
1801 3131 1900 3178 dici
1946 3130 2119 3191 nequit

200 3220 405 3258 naturae
443 3212 604 3272 legem
643 3225 775 3267 esse,
825 3218 876 3256 ut
911 3210 1062 3255 homo
1101 3210 1159 3255 sit
1196 3208 1433 3255 mutilus.»
1509 3208 1648 3267 Ergo
1685 3224 1713 3253 a
1747 3206 1876 3268 pari,
1921 3206 1987 3253 «si
2022 3221 2119 3267 pax

202 3296 250 3334 et
286 3285 520 3333 securitas
556 3285 813 3332 hominum
863 3285 968 3331 sine
1016 3293 1141 3330 statu
1193 3293 1240 3330 et
1275 3283 1486 3344 imperio
1536 3281 1666 3329 civili
1703 3278 1749 3341 (i.
1789 3296 1830 3328 e.
1870 3280 1975 3328 sine
2023 3295 2119 3326 am-

201 3361 456 3422 putatione
493 3359 694 3407 alicuius
732 3358 883 3421 partis
920 3358 1158 3406 libertatis
1196 3353 1448 3418 naturalis)
1488 3355 1774 3404 conservari
1809 3371 1911 3403 non
1940 3362 2116 3417 potest,
