2182 3682
189 176 257 224 42
594 169 708 199 PARS
742 170 770 199 I.
822 168 1147 198 PHILOSOPHIA
1182 166 1384 195 MORALIS
1420 166 1700 196 GENERALIS.

189 308 456 358 dicionem
515 323 948 374 praesupponere
1008 305 1400 371 cognitionem,
1471 311 1529 353 ut
1588 303 1640 353 in
1700 311 1879 353 actum
1937 302 2095 370 prod-

187 391 260 440 ire
302 390 500 456 possit;

262 479 318 544 b)
359 480 411 549 ip
440 478 804 550 plianlasiam
845 485 899 527 et
926 476 1218 542 appetitum
1245 475 1577 537 sensitivzmz,
1619 476 1715 526 sed
1745 475 1925 542 quoad
1953 475 2096 525 hunc

189 562 296 612 fere
336 561 511 611 solum
552 561 837 622 indirecce,
894 567 1155 625 quatenus
1195 566 1432 608 avertere
1473 565 1666 623 potest,
1711 574 1850 624 quae
1890 557 2096 607 actibus

188 644 457 711 appetitus
497 659 681 692 ansam
721 641 979 708 praebere
1020 639 1216 701 solent,
1273 640 1514 706 quamvis
1564 656 1664 689 nec
1715 639 1820 689 hoc
1861 639 2098 705 perfecte

187 743 400 793 semper
440 725 651 775 efficere
690 723 880 773 valeat.

262 824 311 874 6.
355 822 492 874 Usus
546 822 718 872 active
773 829 1046 887 spectatus
1102 827 1183 870 est
1238 827 1387 870 actus
1426 818 1746 880 voluntatiS,
1804 837 1911 886 quo
1963 819 2098 869 haec

189 905 467 956 facultates
506 904 605 954 sibi
645 903 911 954 subiectas
965 903 1034 953 ad
1087 903 1360 969 agendum
1399 901 1636 968 applicat
1687 910 1740 951 et
1779 901 2098 952 electionem

189 989 526 1054 exsequitur3
590 986 798 1052 passive
854 994 1129 1052 spectatus
1184 994 1265 1035 est
1316 985 1485 1034 motio
1538 984 1726 1034 harum
1768 983 2096 1046 facultatum,

188 1079 347 1137 prout
387 1088 416 1120 a
455 1069 730 1119 voluntate
770 1069 821 1118 in
864 1068 1050 1118 ordine
1091 1068 1159 1117 ad
1201 1067 1363 1117 finem
1404 1067 1662 1134 procedit.

265 1181 311 1232 7.
356 1166 574 1217 Fmitio
615 1166 911 1232 (gaudium)
968 1166 1198 1231 denique
1250 1173 1330 1214 est
1372 1165 1522 1230 quies
1573 1165 1625 1213 in
1665 1164 1812 1214 bono
1854 1163 2096 1213 obtento.

188 1250 286 1300 Per
341 1250 642 1300 fruitionem
699 1257 875 1298 motus
929 1247 1220 1297 voluntatis
1274 1247 1325 1296 in
1381 1264 1535 1296 suum
1590 1246 1872 1296 terminum
1927 1245 2100 1296 absol-

188 1333 338 1382 vitur.
425 1331 650 1381 «Mediis
691 1332 911 1392 utimur,
957 1330 1060 1380 fine
1102 1329 1366 1379 fruimur.»
1451 1328 1650 1378 Fruitio
1692 1329 1743 1378 in
1785 1329 1971 1378 ordine
2012 1346 2099 1378 ex-

187 1415 475 1465 secutionis
532 1422 612 1463 est
666 1414 801 1462 inter
855 1421 1005 1462 actus
1060 1411 1349 1462 voluntatis
1404 1410 1643 1473 ultimus,
1702 1411 1754 1460 in
1805 1411 1991 1461 ordine
2031 1411 2102 1460 in-

189 1497 444 1548 tentionis
483 1513 612 1546 vero
655 1495 870 1562 primus.

923 1658 1253 1698 ARTICULUS
1286 1658 1361 1697 HI.

848 1765 939 1809 DE
978 1763 1433 1810 PASSIONIBUS.

257 1863 421 1917 (Arm,
455 1865 551 1907 Eth.
587 1866 613 1905 1.
651 1877 687 1915 2,
725 1880 758 1905 c.
797 1874 833 1917 5.
891 1866 930 1905 S.
973 1866 1113 1905 lem.
1155 1877 1188 1914 1,
1225 1876 1262 1914 2,
1299 1880 1336 1918 q.
1374 1865 1572 1914 22—48;
1607 1866 1674 1905 De
1707 1866 1824 1906 verit.
1859 1880 1898 1919 q.
1935 1863 2026 1918 26.)
2093 1859 2103 1877 ⁶

193 1966 295 2031 36.
375 1968 463 2018 Dc
492 1969 813 2034 passionum
849 1977 1051 2018 namra
1089 1977 1141 2018 et
1170 1967 1412 2019 subiecto.
1481 1968 1612 2035 Pali
1648 1969 1857 2018 videtur
1885 1986 2100 2034 genera-

188 2052 282 2101 tim
335 2068 404 2100 eX
456 2053 727 2101 communi
783 2051 1034 2118 opinione
1095 2051 1202 2101 duo
1255 2051 1583 2116 significare:
1639 2052 1688 2115 a)
1731 2050 2097 2102 alterationem

190 2134 458 2199 quandam
502 2135 809 2199 organicam
851 2134 1100 2194 viventis,
1145 2151 1251 2200 qua
1291 2151 1397 2183 una
1439 2133 1607 2183 forma
1647 2133 1870 2183 abicitur
1909 2142 1963 2183 et
2002 2133 2104 2191 alia

190 2216 299 2265 eius
340 2215 460 2266 loco
504 2217 780 2283 recipitur3
824 2217 880 2280 b>
923 2217 1238 2266 tractionem
1280 2215 1513 2282 aliquam
1551 2216 1618 2265 ab
1648 2217 1949 2267 extrinseco
1985 2234 2102 2282 pro·

188 2299 508 2359 venientem,
553 2316 660 2365 qua
699 2299 999 2349 subiectum
1041 2299 1110 2348 ad
1152 2298 1352 2364 aliquid
1393 2300 1543 2364 quasi
1583 2299 1796 2364 rapitur.
1869 2299 1940 2348 Et
1979 2299 2104 2364 quia

190 2387 476 2447 utrumque
518 2380 839 2431 elementum
881 2382 933 2431 in
986 2382 1236 2431 omnibus
1288 2390 1340 2431 et
1391 2381 1517 2431 solis
1570 2381 1791 2431 actibus
1834 2381 2103 2447 appetitus

190 2464 422 2512 sensitivi
476 2464 767 2525 invenitur,
830 2481 1018 2513 omnes
1078 2472 1131 2513 et
1185 2464 1284 2513 soli
1337 2472 1489 2512 actus
1545 2464 1817 2529 appetitus
1870 2463 2104 2513 sensitivi

189 2554 450 2595 vocantur
489 2547 777 2612 passiones.
835 2546 1015 2595 Passio
1057 2563 1187 2610 ergo
1230 2545 1434 2594 definiri
1473 2552 1681 2611 potest:
1727 2534 1904 2595 motus
1944 2562 2103 2611 appe-

191 2628 316 2676 titus
356 2628 604 2678 sensitivi.
661 2628 823 2678 Unde
862 2628 1161 2677 subiectum
1202 2627 1509 2693 passionum
1551 2635 1630 2676 est
1662 2626 1806 2676 solus
1834 2627 2104 2694 appetitus

190 2709 470 2759 sensitivus
512 2708 587 2774 (S.
640 2709 826 2760 lem.
879 2724 920 2770 Ι,
966 2723 1013 2770 2,
1057 2727 1107 2775 q.
1154 2723 1219 2759 22
1249 2709 1389 2775 sqq).

197 2867 298 2920 37.
378 2857 466 2906 Dc
520 2858 855 2908 distinctione
902 2857 1239 2922 passionum.
1321 2857 1408 2906 Ex
1463 2856 1707 2906 doctrina
1757 2854 1810 2905 S.
1864 2854 2105 2905 leomae

194 2939 262 3003 (Ι,
308 2956 357 3004 q.
393 2941 476 3001 81,
522 2956 565 2990 a.
601 2941 652 3005 2)
682 2941 950 3006 appetitus
978 2939 1259 2989 sensitivus
1287 2939 1339 2988 in
1368 2939 1499 2988 duas
1540 2938 1788 2987 dividitur
1828 2937 2104 2987 distinctas

194 3022 488 3086 potentias:
533 3023 832 3088 appetitum
862 3021 1315 3087 concupiscibilem
1345 3031 1397 3070 et
1425 3021 1724 3087 appetitum
1752 3018 2102 3079 irascibilem,

196 3120 425 3168 quorum
453 3105 597 3170 prior
635 3113 874 3154 versatur
902 3105 1039 3154 circa
1080 3103 1284 3153 bonum
1314 3111 1368 3152 et
1408 3101 1604 3151 malum
1645 3100 1882 3151 absolute
1907 3092 2103 3166 specla-

194 3193 321 3245 ticm,
362 3186 626 3251 posterior
666 3204 791 3236 Vero
834 3187 973 3236 circa
1000 3186 1206 3236 bonum
1234 3192 1288 3235 et
1314 3184 1512 3234 malum
1539 3183 1633 3234 sub
1673 3184 1883 3234 ratione
1922 3183 2101 3233 ardui.

195 3267 325 3316 Inde
355 3277 533 3317 motus
562 3269 748 3334 prioris
775 3269 1045 3334 appetitus
1066 3276 1327 3318 vocantur
1354 3267 1629 3333 passiones
1657 3265 2104 3331 concupiscibiles,

196 3349 504 3413 posterioris
545 3349 866 3400 irascibiles.
