2182 3682
564 165 717 193 CAPUT
751 165 850 193 VIII.
903 165 963 193 DE
997 165 1108 193 IURE
1142 165 1190 193 IN
1227 166 1428 196 GENERE.
1837 168 1936 221 215

54 299 198 363 263.
258 299 456 350 Coroll.
512 299 656 365 Ergo
685 298 958 375 vz'z'z'sc’czfzfq
987 315 1080 364 per
1107 316 1164 348 se
1191 298 1367 379 illicita
1396 317 1501 349 non
1532 310 1610 350 est
1638 302 1721 365 (cf.
1753 302 1942 353 Moral-

51 381 176 449 phil.
219 383 241 431 Ι
286 382 425 445 564).

125 486 289 532 Prob.
346 483 567 535 Homini
594 482 813 549 quilibet
854 499 976 541 115115
1005 483 1284 532 brutorum
1324 483 1462 533 utilis
1503 484 1674 535 licitus
1714 495 1807 548 est,
1852 506 1945 556 per

51 583 207 632 quem
248 564 451 631 nullum
495 564 743 637 officium
778 581 904 630 erga
944 564 1149 633 Deum,
1205 566 1508 631 proximum
1547 575 1638 616 aut
1678 584 1733 616 se
1774 570 1945 634 ipsum

48 647 223 698 violat.
301 630 470 712 Atqm
505 634 775 696 vivisectio
815 654 995 712 potest
1034 663 1150 695 esse
1191 663 1315 696 usus
1355 647 1631 697 biutorum
1672 649 1808 729 utilis
1848 667 1946 700 nec

49 728 212 779 violat
251 727 465 801 aliquod
509 745 578 777 ex
618 728 903 794 praedictis
943 727 1145 778 officiis.
1226 728 1311 777 ΕΖ
1308 746 1380 793 go
1420 770 1427 777 .
1465 771 1472 779 .
1507 772 1514 779 .

122 823 462 874 Prob.712ai.
544 823 726 873 Homo
780 825 916 873 enim
975 823 1115 873 nulla
1170 824 1333 873 habet
1388 824 1562 891 officia
1617 841 1744 891 erga
1795 826 1947 876 bruta

50 907 118 971 (n.
165 906 306 970 256).
388 905 539 972 Haec
590 906 637 954 ei
677 923 707 955 a
746 905 867 954 Deo
910 906 1034 955 data
1084 914 1206 955 sunt
1259 915 1314 955 ut
1361 923 1504 956 mera
1556 907 1756 968 media,
1813 925 1948 973 quae

48 987 249 1038 nullum
305 989 385 1036 ius
434 986 650 1046 habent
704 988 800 1037 sed
842 988 953 1037 61115
994 988 1230 1037 dominio
1273 987 1428 1052 plene
1469 988 1822 1050 subiciuntur,
1869 990 1987 1061 mita

50 1079 105 1120 ut
144 1071 203 1119 115
244 1069 486 1149 quolibet
527 1069 691 1118 modo
732 1070 831 1119 sibi
870 1068 981 1118 utili
1021 1070 1095 1118 uti
1136 1071 1318 1135 possit,
1363 1071 1612 1139 quamdiu
1654 1088 1749 1136 per
1788 1070 1948 1121 talem

49 1169 201 1202 usum
243 1169 349 1201 non
390 1151 552 1201 violat
592 1151 812 1218 aliquod
854 1150 1091 1201 officium
1130 1152 1479 1218 praedictum.

120 1247 906 1298 Prob.7)22‘72.1.Vivisectio
947 1264 1107 1314 saepe
1147 1248 1298 1298 uli'lzs
1339 1258 1418 1298 651
1458 1249 1525 1297 ad
1565 1249 1949 1299 incrementum

48 1331 305 1381 variarum
353 1330 715 1391 scientiarum,
771 1347 840 1379 ex
880 1329 1070 1396 quibus
1119 1347 1314 1396 magna
1355 1332 1644 1381 commoda
1695 1332 1746 1381 in
1786 1332 1948 1382 socie-

48 1420 213 1463 tatem
241 1412 526 1462 humanam
557 1412 671 1461 oriri
703 1420 940 1478 possunt,
981 1419 1038 1462 ut
1065 1421 1274 1463 constat
1302 1412 1408 1462 fere
1438 1414 1669 1463 unanimi
1697 1414 1949 1480 suffragio

46 1494 269 1563 illorum,
313 1495 404 1560 qui
443 1495 494 1543 in
535 1494 639 1544 hoc
681 1512 875 1559 genere
915 1495 1251 1544 scientiarum
1294 1496 1526 1545 maxime
1568 1495 1853 1546 excellunt.

124 1591 170 1628 2.
213 1577 312 1627 Per
352 1593 470 1626 eam
511 1594 618 1626 non
659 1576 885 1626 violatur
926 1577 1187 1626 directum
1230 1577 1463 1627 officium
1505 1595 1631 1644 erga
1659 1578 1852 1640 Deum,
1895 1588 1950 1628 ut

51 1668 224 1726 patet3
278 1676 377 1709 nec
430 1659 663 1709 officium
715 1677 841 1725 erga
870 1659 1219 1725 proximum&
1271 1660 1589 1725 supponitur
1640 1661 1779 1709 enim
1830 1662 1949 1710 vivi-

49 1749 225 1792 sector
264 1742 690 1807 experimentum
744 1742 916 1791 facere
956 1741 1005 1790 in
1049 1741 1258 1790 animali
1303 1759 1429 1802 suo,
1483 1743 1555 1792 ita
1605 1751 1662 1791 ut
1701 1743 1950 1792 iustitiam

51 1842 156 1874 non
197 1823 384 1885 violet3
439 1833 712 1890 praeterea
753 1823 1065 1890 plerumque
1107 1823 1235 1873 fiunt
1277 1824 1641 1889 experimenta
1689 1824 1824 1875 clam
1867 1843 1951 1875 116-

51 1907 190 1956 mine
231 1915 509 1972 praesente
560 1907 657 1956 nisi
698 1907 787 1972 qui
827 1907 1014 1955 adesse
1054 1906 1190 1966 vult,
1245 1906 1316 1955 ita
1363 1914 1421 1956 ut
1461 1924 1634 1972 neque
1686 1907 1754 1956 de
1793 1907 1951 1957 viola-

48 1989 193 2038 tione
235 1989 462 2038 caritatis
503 1997 591 2039 aut
631 1988 842 2039 alterius
870 1989 1072 2038 virtutis
1114 2005 1240 2053 erga
1276 1990 1577 2055 proximum
1620 2007 1794 2040 sermo
1836 2007 1951 2040 esse

49 2071 230 2137 possit.

124 2153 313 2218 Neque
347 2153 577 2218 denique
606 2161 713 2217 per
751 2170 806 2202 se
834 2152 995 2203 violat
1035 2152 1267 2202 officium
1309 2171 1444 2218 erga
1476 2171 1532 2203 se
1564 2155 1750 2219 ipsmn.
1820 2153 1949 2221 Sup-

50 2235 300 2301 ponimus
341 2235 479 2284 enim
520 2234 918 2284 vivisectionem
958 2236 1030 2286 ita
1069 2236 1285 2296 institui,
1331 2245 1387 2285 ut
1427 2235 1637 2286 animali
1678 2254 1785 2286 non
1826 2237 1950 2286 infli-

51 2325 242 2383 gantur
292 2317 518 2366 maiores
571 2316 810 2378 dolores,
866 2335 1028 2383 quam
1079 2318 1147 2368 ad
1189 2318 1615 2384 experimentum
1667 2336 1802 2385 opus
1854 2328 1946 2369 est.

50 2400 136 2449 EX
176 2416 282 2465 quo
324 2397 538 2448 ulterius
580 2399 843 2464 colligitur
884 2417 1057 2465 neque
1099 2400 1424 2450 crudelitatis
1463 2401 1830 2451 vivisectorem
1871 2418 1950 2451 ac-

51 2481 216 2531 cusari
258 2497 431 2547 posse.
501 2479 743 2531 Crudelis
784 2483 922 2531 enim
963 2499 1090 2548 erga
1129 2483 1373 2533 animalia
1413 2482 1498 2532 ille
1539 2483 1685 2533 solus
1725 2492 1819 2543 est,
1865 2485 1950 2549 qui

51 2565 161 2613 sine
201 2562 495 2613 sufficiente
547 2580 705 2613 causa
744 2563 824 2614 vel
867 2564 1002 2614 ultra
1041 2563 1231 2614 limites
1283 2567 1610 2616 necessitatis
1662 2583 1723 2615 ea
1765 2566 1951 2616 dolore

51 2645 213 2696 afficit
253 2643 328 2709 (S.
381 2645 565 2695 Tlcom.
618 2661 659 2707 I,
705 2659 752 2707 2,
796 2664 845 2712 q.
899 2661 1012 2707 102,
1058 2664 1100 2697 a.
1145 2647 1178 2697 6
1219 2648 1287 2697 ad
1332 2649 1399 2711 8).
