2182 3682
493 173 579 202 LIB.
615 173 662 202 11.
709 173 809 202 CAP.
844 172 910 201 111.
958 173 1020 200 DE
1055 172 1310 200 SOCIETATE
1344 172 1498 200 CIVILI.
1827 175 1935 224 419

113 309 355 359 Eandem
416 308 712 358 doctrinam
772 308 988 357 tradunt
1046 307 1301 373 theologi.
1397 307 1578 357 Unum
1638 309 1937 358 nominasse

41 390 95 442 S.
149 389 409 440 lemam
450 390 687 450 sufficiat,
732 391 820 455 qui
859 390 929 454 (2,
976 403 1022 450 2,
1066 407 1115 454 q.
1147 390 1232 449 60,
1277 406 1319 438 a.
1353 389 1387 438 6
1427 390 1494 438 ad
1539 389 1616 452 3):
1665 390 1939 439 «Potestas

41 472 375 533 saecularis»,
417 472 611 538 inquit,
663 472 935 521 «subditur
974 470 1253 536 spirituali,
1306 471 1441 520 sicut
1482 487 1676 537 corpus
1717 472 1938 531 animae,

43 563 102 605 ut
143 554 364 620 Gregor.
409 554 535 604 Naz.
580 554 707 603 dicit
747 560 875 604 orat.
928 565 1016 616 17:
1072 553 1139 602 Et
1190 553 1312 602 ideo
1364 570 1471 601 non
1512 562 1592 602 est
1632 561 1942 619 usurpatum

43 637 307 697 iudicium,
349 636 390 685 si
418 635 699 702 spiritualis
727 635 992 701 praelatus
1019 652 1076 684 se
1104 635 1418 684 intromittat
1447 635 1514 683 de
1543 635 1940 700 temporalibus,

45 727 303 785 quantum
342 718 411 768 ad
453 735 528 779 ea,
573 719 622 767 in
665 717 855 783 quibus
883 718 930 766 ei
969 717 1214 766 subditur
1241 716 1523 766 saecularis
1565 724 1819 782 potestas,
1861 715 1944 765 vel

47 818 182 867 quae
210 801 258 850 ei
284 817 313 849 a
335 799 587 850 saeculari
617 807 882 865 potestate
905 798 1317 864 relinquuntur.»
1373 796 1449 847 Cf.
1476 799 1633 847 etiam
1656 798 1944 859 Bellarm„

47 883 131 933 De
171 882 327 932 Rom.
372 881 559 931 Pontif.
604 881 633 932 l.
683 892 726 945 5,
772 898 814 931 c.
861 893 906 945 7.
991 880 1214 940 Slcal‘ez,
1257 880 1340 929 De
1381 880 1483 946 leg.
1528 880 1558 930 l.
1603 895 1651 943 4,
1696 898 1740 931 c.
1784 895 1832 944 9.

51 1019 195 1085 564.
281 1020 479 1071 Cor‘oll.
534 1037 583 1071 I.
662 1021 809 1087 Ergo
863 1020 1045 1070 relatio
1099 1021 1316 1070 iuridica
1366 1021 1500 1070 inter
1550 1019 1847 1070 Ecclesiam
1899 1028 1951 1068 et

50 1104 316 1154 civitatem
342 1104 416 1153 sic
448 1104 592 1153 brevi
620 1103 923 1153 adumbrari
959 1111 1163 1168 potest:
1217 1118 1255 1152 Ι.
1289 1103 1529 1152 Ecclesia
1558 1104 1606 1167 (i.
1639 1119 1682 1152 e.
1714 1110 1952 1167 potestas

51 1185 427 1251 ecclesiastica)
469 1185 769 1235 nullatenus
815 1185 1000 1235 subest
1041 1186 1263 1247 civitati3
1320 1199 1366 1234 2.
1413 1185 1593 1235 civitas
1634 1185 1825 1234 subest
1856 1183 1952 1233 Ec-

52 1268 268 1318 clesiae:
324 1268 373 1331 a)
427 1269 478 1317 in
532 1267 887 1334 spiritualibus
944 1268 1171 1328 directe,
1231 1268 1287 1330 b>
1340 1268 1391 1316 in
1447 1266 1830 1333 temporalibus
1885 1266 1954 1314 in-

51 1350 276 1411 directe,
321 1358 581 1415 quatenus
621 1351 690 1399 ad
732 1349 1020 1415 spiritualia
1061 1349 1371 1399 relationem
1412 1349 1637 1412 habent;
1684 1363 1728 1412 3.
1775 1348 1956 1398 civitas

50 1432 103 1482 in
143 1449 286 1481 mere
327 1431 712 1498 temporalibus
753 1431 1026 1481 Ecclesiae
1068 1449 1174 1481 non
1215 1432 1411 1481 subest.

57 1569 202 1635 565.
289 1570 488 1622 Coroll.
533 1587 580 1621 2.
663 1568 749 1621 Ex
790 1572 944 1622 dictis
986 1571 1136 1621 facile
1179 1572 1373 1621 deduci
1419 1580 1625 1637 potest,
1680 1571 1958 1637 quomodo

58 1654 239 1703 civitas
290 1662 343 1703 et
382 1654 622 1704 Ecclesia
661 1672 718 1704 se
770 1654 1004 1704 habeant
1056 1653 1217 1703 relate
1258 1654 1338 1702 ad
1378 1653 1815 1717 malm‘mom'um;
1867 1652 1958 1703 scl.

59 1736 456 1785 matrimonium
505 1737 558 1786 in
610 1754 667 1786 se
720 1745 772 1786 et
825 1737 1006 1802 quoad
1058 1735 1326 1786 vinculum
1378 1736 1562 1785 subest
1616 1737 1768 1785 unice
1822 1736 1961 1784 iuris-

60 1818 277 1868 dictioni
329 1816 616 1868 Ecclesiae.
708 1819 849 1867 Nam
902 1835 1025 1868 cura
1077 1836 1249 1868 rerum
1300 1817 1663 1884 religiosarum
1715 1818 1767 1867 in
1818 1835 1962 1883 prae-

56 1900 192 1949 senti
243 1917 417 1950 rerum
469 1902 655 1950 ordine
697 1900 968 1950 Ecclesiae
1022 1901 1346 1950 demandata
1398 1910 1492 1950 est.
1574 1900 1743 1966 Atqui
1795 1900 1963 1949 matri-

60 1982 299 2031 monium
338 1983 390 2031 in
430 1999 488 2032 se
529 1990 609 2031 est
660 1999 742 2031 res
794 1982 1065 2048 religiosa:
1122 1983 1172 2045 a)
1213 1989 1402 2048 suapte
1456 1991 1666 2044 natura3
1722 1983 1778 2045 b)
1821 1999 1966 2047 prae-

62 2063 240 2113 sertim
296 2065 417 2129 quia
472 2081 502 2113 a
557 2063 768 2114 Christo
827 2066 895 2114 ad
956 2065 1273 2130 dignitatem
1331 2065 1648 2114 sacramenti
1703 2064 1966 2113 elevatum

62 2152 156 2195 est.
238 2145 381 2195 Inter
433 2145 744 2195 christianos
786 2164 944 2196 omne
996 2146 1390 2196 matrimonium
1431 2155 1510 2196 est
1555 2156 1961 2196 sacramentum.

61 2227 300 2292 Effectus
350 2236 529 2278 tamen
582 2228 766 2278 civiles
819 2229 1137 2278 matrimonii
1188 2238 1435 2295 spectant
1476 2230 1544 2278 ad
1596 2229 1968 2279 auctoritatem

62 2309 347 2376 politicam.

69 2440 214 2506 566.
300 2442 499 2493 Coroll.
548 2459 603 2507 3.
685 2443 831 2509 Ergo
884 2443 1116 2494 ambitus
1167 2444 1506 2494 mrclol'ital‘is
1557 2444 1738 2494 civilis
1789 2444 1969 2510 quoad

66 2542 155 2574 eas
195 2543 302 2586 res,
357 2542 492 2592 quae
532 2526 732 2575 directe
772 2526 881 2575 eius
922 2543 1079 2576 curae
1119 2526 1422 2587 subiacent,
1479 2543 1619 2576 nunc
1661 2526 1838 2575 minor
1878 2534 1970 2586 esl,

68 2624 228 2672 quam
252 2607 461 2672 suisset
498 2608 551 2657 2'72
590 2616 734 2657 statu
773 2625 919 2657 mere
959 2608 1221 2658 naturali.
1302 2608 1443 2658 Nam
1485 2626 1610 2658 cura
1651 2626 1821 2658 rerum
1862 2609 1971 2658 reli-

69 2690 353 2755 giosarum,
396 2708 443 2739 v.
475 2706 526 2756 g.
570 2691 903 2750 matrimonii,
948 2708 1083 2756 quae
1123 2691 1174 2740 in
1203 2708 1267 2740 eo
1310 2690 1495 2740 ordine
1536 2690 1863 2756 probabilius
1904 2691 1972 2740 ad

69 2770 276 2821 civilem
312 2772 702 2822 auctoritatem
763 2780 1059 2838 spectasset
1119 2776 1188 2838 (n.
1257 2784 1278 2836 5
1294 2774 1407 2836 52),
1471 2790 1610 2822 nunc
1669 2773 1974 2838 pastoribus

70 2852 343 2903 Ecclesiae
385 2855 669 2904 commissa
709 2863 802 2904 est.
874 2853 1070 2904 Civitas
1111 2872 1251 2904 nunc
1291 2854 1465 2904 solum
1505 2855 1760 2904 indirecte
1800 2855 1852 2904 in
1892 2871 1974 2904 res

72 2935 344 3002 religiosas
395 2935 609 2986 influere
660 2945 865 3002 potest,
921 2938 972 2986 in
1024 2944 1279 3003 quantum
1332 2937 1423 2987 scl.
1468 2936 1739 2986 Ecclesiae
1790 2935 1975 2986 sollici-

73 3017 311 3067 tudinem
351 3018 490 3068 circa
530 3035 612 3067 res
653 3019 856 3068 divinas
884 3036 992 3068 non
1019 3017 1193 3068 solum
1233 3037 1341 3069 non
1381 3019 1620 3085 impedit,
1664 3019 1759 3068 sed
1800 3027 1976 3068 tuetur

72 3106 124 3148 et
165 3116 262 3165 pro
302 3100 497 3150 viribus
538 3100 698 3150 fovet.
780 3098 1067 3165 Quandam
1108 3109 1285 3150 tamen
1329 3102 1698 3151 extensionem
1738 3101 1977 3150 activitas

73 3180 236 3231 civilis
287 3183 520 3248 accepit,
573 3181 664 3232 scl.
719 3190 930 3248 praeter
978 3184 1089 3233 iura
1141 3182 1396 3233 naturalia
1447 3199 1589 3232 nunc
1636 3183 1794 3232 etiam
1846 3183 1977 3231 tueri

75 3269 282 3312 tenetur
321 3264 432 3313 iura
470 3263 742 3314 Ecclesiae
783 3272 837 3314 et
876 3265 987 3314 iura
1027 3265 1246 3325 civium,
1290 3282 1426 3330 quae
1468 3281 1537 3313 ex
1577 3264 1762 3313 ordine
1802 3281 1977 3330 super-

76 3343 300 3394 naturali
340 3345 627 3395 dimanant.

1621 3434 1716 3483 27³²*
