2182 3682
209 154 273 201 82
611 161 724 189 PARS
758 161 786 190 Ι.
838 160 1152 190 PHILOSOPHIA
1186 160 1389 188 MORALIS
1425 160 1708 190 GENERALIS.

205 297 269 344 ad
316 299 467 344 finem
509 296 765 344 intentum.
838 299 972 358 Ergo
1011 297 1157 344 etiam
1196 296 1324 344 actio
1361 297 1614 344 moraliter
1649 298 1784 344 bona
1819 297 1934 345 ideo
1970 298 2121 347 debet

207 372 306 419 dici
351 373 510 430 bona,
563 373 679 433 quia
724 381 796 419 est
841 372 969 418 utilis
1007 380 1055 418 et
1091 379 1205 433 apta
1242 372 1306 418 ad
1342 371 1556 432 aliquem
1593 374 1742 419 finem
1779 373 2118 422 obtinendum.
2178 388 2181 390 ·

206 449 360 494 Porro
408 447 489 493 hic
535 447 645 493 finis
692 448 812 493 alius
861 462 968 494 esse
1016 461 1119 492 non
1167 454 1329 506 potest
1377 446 1471 493 nisi
1517 456 1834 508 augmentum
1870 446 1998 495 vitae
2035 463 2121 496 seu

206 522 576 579 delectationis3
613 538 729 568 nam
765 521 862 567 vita
901 523 1059 568 solum
1087 530 1290 581 propter
1315 521 1701 568 delectationem
1727 531 1799 568 est
1824 521 2118 583 appetibilis.

210 596 392 657 «Igitur
424 597 608 643 bonum
635 595 973 642 universaliter
999 604 1070 642 est
1096 595 1229 642 idem
1255 595 1392 656 quod
1417 595 1758 643 delectabile.»
1800 591 1960 658 (“The
1984 598 2121 658 good

205 672 243 718 is
289 671 585 732 universally
634 670 715 717 the
763 671 1122 731 pleasurable.²'
1196 673 1267 716 lta
1304 670 1373 717 H.
1414 670 1627 731 speum,
1676 672 1807 718 Data
1854 672 1913 718 of
1951 672 2122 719 Ethics

206 763 313 807 cap.
354 762 398 806 3,
439 754 486 793 et
521 754 632 807 post
669 745 827 806 ipsum
863 745 1107 809 Paulsen„
1132 744 1337 805 Gz'zjskz',
1377 741 1492 806 alii.)

285 858 435 906 Resp.
478 851 605 896 Tota
632 849 993 910 argumentatio
1020 849 1239 896 innititur
1265 850 1416 897 falsae
1443 849 1720 897 definitioni
1744 849 1879 897 boni.
1928 851 2121 898 Bonum

206 924 479 985 generatim
527 940 629 971 non
681 933 752 972 est
799 925 873 979 id,
926 924 1061 985 quod
1110 933 1181 971 est
1218 934 1386 986 aptum
1424 925 1487 971 ad
1524 925 1741 984 aliquem
1776 926 1927 972 finem
1965 921 2123 985 (secus

205 999 310 1060 ipse
347 1000 481 1046 Deus
529 1015 633 1045 non
683 1009 810 1046 esset
847 995 1037 1060 bonus),
1090 1000 1177 1046 sed
1214 1000 1287 1055 id,
1337 1001 1466 1061 qued
1496 1006 1564 1046 est
1596 1001 1741 1046 alicui
1772 1003 2042 1047 conveniens
2077 1010 2125 1048 et

205 1073 488 1134 appetibile.
561 1076 624 1121 Et
674 1083 820 1136 prout
871 1074 1035 1135 aliqua
1087 1091 1164 1122 res
1218 1084 1289 1121 est
1343 1075 1650 1122 conveniens
1701 1074 1793 1121 sibi
1841 1084 1922 1122 aut
1969 1075 2122 1135 alteri,

206 1147 518 1210 distinguitur
553 1150 740 1196 bonum
771 1150 1049 1196 absolutum
1076 1159 1123 1196 et
1149 1150 1404 1196 relativum
1434 1147 1613 1210 (Fricle,
1654 1150 1886 1211 Ontolog.
1915 1166 1962 1198 n.
1995 1146 2122 1212 165).

204 1226 308 1270 Iam
347 1224 385 1271 si
422 1223 579 1285 agitur
616 1224 678 1271 de
718 1240 792 1282 re,
834 1240 960 1285 quae
999 1241 1058 1271 ex
1094 1234 1268 1271 natura
1305 1240 1390 1271 sua
1428 1225 1682 1271 ordinatur
1718 1234 1768 1271 ut
1803 1225 2022 1272 medium
2059 1225 2123 1271 ad

205 1299 421 1359 aliquem
458 1301 621 1357 finem,
664 1309 796 1346 recte
835 1300 915 1345 illa
954 1315 1029 1346 res
1067 1299 1165 1346 dici
1202 1308 1362 1361 potest
1399 1300 1531 1346 bona
1571 1294 1843 1360 (perfecta),
1887 1315 2015 1361 quae
2053 1309 2124 1347 est

205 1383 320 1434 apta
356 1373 420 1420 ad
456 1375 629 1431 finem,
683 1374 747 1420 ad
785 1390 933 1434 quem
972 1390 1031 1421 ex
1069 1384 1242 1421 natura
1279 1390 1364 1421 sua
1401 1374 1682 1432 ordinatur,
1725 1374 1948 1435 quamvis
1985 1391 2125 1422 accu-

205 1450 352 1495 ratius
391 1448 581 1495 dicatur
619 1464 728 1496 eam
767 1464 872 1496 esse
908 1451 1109 1506 bonam,
1150 1450 1265 1510 quia
1290 1450 1441 1496 habet
1468 1465 1539 1507 ea,
1580 1465 1706 1510 quae
1733 1448 1825 1496 sibi
1851 1450 2122 1497 secundum

204 1532 430 1570 naturam
479 1524 794 1571 conveniunt.
869 1524 1017 1582 Quod
1072 1540 1190 1585 ergo
1240 1526 1396 1571 solum
1445 1526 1574 1571 valet
1625 1525 1686 1572 de
1741 1525 1906 1585 aliqua
1957 1525 2123 1587 specie

205 1599 339 1657 boni,
378 1599 474 1645 hoc
500 1600 731 1646 transfert
757 1600 1036 1661 Spencerus
1063 1600 1126 1647 ad
1152 1601 1338 1646 bonum
1365 1599 1648 1647 universim.
1702 1602 1778 1647 De
1806 1597 2122 1647 distinctione

207 1674 534 1721 communiter
570 1683 773 1736 recepta
809 1674 937 1722 inter
972 1676 1160 1721 bonum
1198 1675 1485 1733 honestum,
1535 1674 1680 1733 utile,
1727 1675 2021 1722 delectabile
2057 1690 2120 1722 ne

205 1750 460 1796 verbulum
510 1748 712 1810 quidem
763 1750 895 1810 apud
934 1750 1239 1811 Spencerum
1278 1749 1479 1810 eiusque
1518 1765 1771 1811 sequaces*
1794 1750 2019 1797 occurrit.
2057 1775 2122 1780 —

206 1824 437 1884 Denique
475 1824 650 1871 falsum
688 1833 759 1871 est
794 1826 944 1871 finem
981 1824 1282 1886 primarium,
1321 1825 1371 1871 in
1410 1840 1559 1885 quem
1586 1824 1876 1872 ordinantur
1900 1825 2123 1872 actiones

204 1900 466 1958 humanae,
506 1914 611 1946 esse
650 1908 966 1960 augmentum
1004 1900 1146 1965 vitae⁴
1171 1909 1218 1946 et
1254 1899 1613 1947 delectationis.

288 2011 389 2051 Obi.
419 2023 462 2060 3-
524 2003 704 2050 Contra
730 2011 920 2065 partem
958 2004 1059 2050 Ill.
1115 2006 1281 2050 Motus
1308 2003 1618 2065 specificatur
1643 2020 1671 2050 a
1694 2004 1922 2051 termino.
1975 2004 2130 2065 Atqui

207 2078 427 2125 actiones
463 2079 706 2125 humanae
744 2088 855 2126 sunt
891 2088 1065 2132 motus,
1109 2087 1157 2125 et
1194 2094 1365 2125 eorum
1402 2078 1638 2126 terminus
1675 2086 1746 2126 est
1778 2078 1888 2126 finis
1912 2080 2122 2127 ultimus.

205 2154 345 2213 Ergo
380 2170 408 2199 a
445 2154 541 2199 fine
581 2154 753 2200 ultimo
791 2155 1138 2215 specificantur
1173 2169 1257 2200 seu
1295 2162 1404 2200 sunt
1439 2154 1604 2200 bonae
1641 2154 1720 2200 vel
1756 2154 1939 2212 malae,
1978 2163 2126 2216 prout

206 2228 417 2275 tendunt
453 2229 503 2274 in
540 2229 690 2275 finem
726 2229 948 2275 ultimum
985 2229 1064 2275 vel
1099 2243 1215 2275 non.
1799 2240 1804 2248 “

285 2341 436 2389 Resp.
503 2332 634 2379 Dz‘st.
685 2333 826 2379 mai..-
874 2333 1038 2378 Motus
1088 2331 1399 2393 specificatur
1446 2348 1474 2378 a
1522 2331 1736 2379 termino
1778 2333 2024 2394 proxime,
2073 2332 2124 2378 in

208 2422 356 2468 quem
405 2422 550 2453 sensu
597 2407 801 2468 proprio
852 2416 899 2453 et
946 2407 1151 2468 physice
1188 2407 1372 2465 tendit,
1421 2422 1567 2462 conc„
1616 2424 1643 2453 a
1684 2407 1895 2453 termino
1931 2412 2121 2464 remoto,

207 2497 333 2541 nege.
405 2482 535 2528 Dz'st.
574 2484 718 2528 mm:
765 2482 898 2528 Finis
946 2482 1141 2528 ultimus
1183 2490 1256 2528 est
1290 2481 1527 2528 terminus
1564 2490 1760 2528 actuum
1795 2482 2124 2531 humanorum

135 2600 146 2607 ,
206 2562 434 2612 remotus,
483 2556 533 2602 in
585 2572 733 2618 quem
770 2572 915 2607 sensu
952 2555 1226 2617 improprio
1266 2564 1313 2602 et
1349 2555 1691 2616 metaphorico
1728 2556 1962 2613 tendunt,
2011 2556 2040 2603 i.
2079 2571 2121 2603 e.

209 2646 357 2691 quem
395 2647 422 2676 a
459 2632 570 2677 Deo
607 2640 874 2687 merentur,
915 2631 954 2677 si
990 2639 1101 2678 sunt
1139 2630 1271 2687 boni,
1312 2645 1447 2686 conc„
1486 2639 1559 2676 est
1593 2629 1829 2677 terminus
1860 2631 2120 2691 proximus,

207 2704 259 2750 in
297 2720 445 2765 quem
482 2721 628 2752 sensu
664 2706 870 2767 proprio
909 2714 957 2752 et
991 2704 1195 2766 physice
1222 2704 1443 2761 tendunt,
1482 2705 1703 2750 subdz'st.:
1739 2704 1906 2765 quoad
1938 2705 2125 2766 aliquas

209 2780 444 2835 actiones,
484 2796 611 2839 quae
649 2782 732 2827 scl.
772 2782 921 2826 finem
958 2779 1180 2826 ultimum
1205 2779 1392 2826 habent
1414 2795 1506 2840 pro
1533 2778 1744 2837 obiecto,
1783 2794 1918 2835 com„
1956 2778 2124 2840 quoad

208 2854 449 2915 reliquas,
487 2870 614 2914 wege.
689 2851 782 2915 (Cf.
823 2854 869 2901 S.
918 2855 1107 2910 Tlmm„
1152 2856 1210 2901 In
1250 2871 1302 2912 2,
1349 2853 1456 2900 dist.
1497 2857 1585 2913 38,
1636 2869 1682 2914 q.
1727 2870 1765 2910 1,
1817 2870 1857 2900 a.
1902 2870 1921 2899 1
1963 2852 2028 2899 ad
2063 2869 2122 2914 33

215 2946 253 2987 1,
297 2946 348 2986 2,
397 2945 443 2989 q.
485 2931 569 2987 60,
620 2945 660 2975 a.
707 2946 725 2975 1
768 2929 831 2975 ad
870 2941 923 2989 3:
969 2929 1211 2976 «Moralia
1246 2944 1348 2975 non
1384 2929 1569 2975 habent
1605 2927 1824 2988 speciem
1861 2944 1890 2974 a
1925 2929 2022 2974 fine
2057 2929 2124 2974 ul·
2181 2970 2182 2988 ,

209 3003 345 3062 timo,
386 3003 474 3050 sed
511 3020 539 3049 a
574 3003 750 3050 finibus
787 2999 1091 3065 proximis»)
1160 3010 1162 3013 ’

291 3117 393 3156 Obi.
427 3129 470 3166 4.
538 3110 613 3155 Ex
663 3108 745 3166 iis,
800 3124 927 3170 quae
980 3124 1126 3170 supra
1175 3125 1222 3155 n.
1274 3115 1461 3170 27'sqq
1509 3108 1862 3169 disputavimus
1913 3108 1976 3154 de
2022 3108 2121 3154 fine

210 3183 350 3230 huius
386 3184 514 3231 vitae
552 3183 804 3245 supremo,
850 3183 1068 3250 legitime
1103 3183 1311 3230 infertur
1346 3184 1495 3234 finem
1532 3183 1666 3229 illum
1704 3181 2122 3229 considerandum

212 3274 317 3305 esse
354 3267 405 3304 ut
439 3273 680 3314 normam,
715 3248 992 3324 secundum
1031 3256 1180 3321 quam
1216 3266 1319 3307 tota
1353 3256 1452 3303 vita
1486 3257 1546 3304 sit
1582 3256 1888 3315 ordinanda3
1936 3271 2056 3317 ergo
2093 3271 2121 3302 a

211 3332 318 3394 pari
354 3333 434 3379 ille
471 3332 578 3379 finis
616 3333 705 3379 erit
740 3349 916 3379 norma
953 3333 1489 3402 singuloruinactuum
1526 3332 1870 3377 humanorum.
