2182 3682
462 138 546 167 Lm.
584 138 610 168 [.
657 138 754 168 CAP.
792 139 850 167 lv.
898 139 958 166 DE
994 138 1103 167 IURE
1138 139 1486 170 PROPRIETATts.
1817 144 1914 194 301

765 290 1092 329 ARTJCULUS
1127 291 1198 329 VI.

329 393 420 437 DE
459 391 759 438 DOMINIO
800 391 1192 439 AUC'I‘ORUM
1230 393 1607 441 SPECIA'I‘IM.

738 536 1004 586 THESIS
1043 539 1213 586 LXII.

34 637 177 702 385.
261 648 474 695 Auctor
508 647 631 695 libri
668 648 904 695 naturali
951 648 1239 709 praeditus
1289 655 1373 696 est
1419 649 1540 697 iure
1587 649 1707 696 aliis
1758 649 1923 697 inter-

31 722 270 778 dicendi,
325 737 395 769 ne
432 721 638 769 librum
676 738 708 769 a
743 737 804 769 se
843 723 1225 783 compositum
1265 730 1459 771 contra
1505 723 1682 785 ipsius
1730 725 1924 771 volun-

28 802 203 843 tatem
241 796 635 857 reimprimant
671 798 740 843 ad
778 797 1001 844 lucrum
1039 797 1376 845 faciendum.

276 904 542 958 (Lehmkulzl,
575 907 724 946 Theol.
761 921 860 946 mor.
896 908 925 955 I,
962 921 999 946 n.
1037 918 1133 956 904.
1198 908 1438 961 Moralphil.
1474 910 1514 947 H
1551 906 1672 960 319.)

102 1013 189 1066 St.
235 1014 309 1082 Q.
398 1031 436 1067 Ι.
484 1016 670 1066 Restat
710 1016 812 1067 hoc
854 1016 974 1067 1060
1014 1017 1256 1084 specialis
1299 1019 1540 1083 quaestio
1582 1019 1648 1068 de
1691 1019 1925 1068 dominio

26 1107 302 1149 auctorum
342 1099 489 1164 quod
530 1107 762 1149 vocatur.
844 1098 1128 1164 Quaeritur
1174 1099 1265 1150 scl.
1309 1117 1462 1160 num,
1516 1107 1762 1166 spectato
1809 1100 1925 1150 solo

25 1182 132 1230 iure
188 1180 409 1230 naturali
462 1198 555 1230 seu
612 1181 974 1231 abstrahendo
1030 1182 1098 1231 ab
1156 1182 1301 1231 omni
1356 1181 1475 1246 lege
1528 1183 1779 1248 positiva,
1838 1183 1927 1248 qui

27 1261 300 1328 exemplar
348 1262 463 1312 libri
514 1264 656 1329 typis
696 1262 896 1328 vulgati
948 1272 1215 1325 emerunt,
1270 1264 1476 1330 possint
1526 1263 1655 1313 illud
1696 1265 1806 1314 sine
1857 1265 1927 1313 in-

26 1344 153 1394 iuria
202 1344 364 1395 invito
417 1353 634 1395 auctore
675 1344 757 1395 vel
810 1345 1174 1412 redemptore,
1231 1346 1313 1395 cui
1364 1345 1448 1395 ille
1500 1347 1576 1395 ius
1628 1363 1782 1395 suum
1830 1355 1927 1395 tra-

27 1426 184 1487 didit,
241 1426 418 1476 denuo
461 1444 703 1476 recusum
745 1428 977 1477 vendere
1016 1428 1085 1477 ad
1128 1426 1332 1477 lucrum
1372 1427 1706 1478 faciendum?
1776 1427 1925 1477 Haec

25 1509 281 1575 quaestio,
325 1515 383 1558 ut
422 1516 585 1575 patet,
628 1508 802 1559 solum
845 1510 964 1560 oriri
1003 1510 1178 1576 potuit
1219 1518 1342 1576 post
1382 1511 1742 1560 inventionem
1778 1509 1923 1576 preli,

27 1608 134 1656 quo
190 1590 378 1652 fiebat,
441 1599 498 1640 ut
555 1590 798 1641 facillime
855 1591 968 1641 libri
1024 1592 1167 1657 typis
1226 1591 1536 1641 mechanice
1596 1591 1927 1658 multiplicari

27 1681 246 1738 possent
310 1680 363 1721 et
428 1690 610 1722 eorum
676 1674 952 1739 impressio
1019 1681 1072 1723 et
1135 1674 1369 1723 venditio
1438 1673 1586 1723 fieret
1652 1674 1928 1739 negotium

26 1754 352 1805 lucrativum.

100 1858 146 1894 2.
178 1843 486 1910 Affirmant
509 1843 659 1893 multi
689 1861 810 1894 cum
840 1843 1048 1894 {Walter
1073 1845 1413 1909 <Naturrecht
1442 1862 1489 1894 n.
1524 1846 1666 1909 213),
1697 1845 1928 1895 fllarres

28 1927 132 1991 (De
158 1926 353 1976 iustitia
381 1925 410 1975 1.
452 1940 491 1987 Ι,
523 1943 570 1976 n.
606 1927 709 1991 24),
742 1926 1088 1976 Vermeersclc
1118 1925 1356 1992 (Quaest.
1390 1928 1457 1977 de
1485 1928 1677 1977 iustitia
1705 1945 1752 1977 n.
1784 1929 1925 1993 248),

23 2009 113 2075 qui
163 2009 243 2058 ius
292 2009 522 2058 auctoris
564 2017 738 2057 totum
791 2025 820 2057 a
872 2008 990 2073 lege
1043 2009 1179 2058 civili
1220 2009 1458 2059 derivant
1509 2009 1759 2076 idemque
1799 2017 1926 2059 tam-

25 2107 186 2157 quam
214 2089 546 2157 privilegium
574 2089 657 2139 vel
698 2090 1071 2157 monopolium
1112 2091 1180 2141 ab
1210 2092 1523 2141 auctoritate
1553 2091 1766 2157 publica
1807 2109 1927 2141 con-

25 2189 233 2222 cessum
286 2173 637 2223 considerant.
720 2172 947 2222 Proinde
1000 2174 1359 2234 contendunt,
1415 2174 1504 2223 ubi
1552 2172 1698 2239 leges
1751 2174 1928 2223 civiles

22 2254 75 2304 id
116 2272 223 2305 non
265 2253 610 2320 prohibeant,
666 2271 824 2320 posse
866 2255 1160 2320 quemlibet
1200 2255 1392 2305 librum
1444 2272 1620 2305 emere
1672 2264 1724 2306 et
1764 2257 1926 2306 invito

23 2343 239 2387 auctore
281 2336 750 2403 reimprimendum
784 2354 965 2387 curare
1005 2338 1117 2388 sine
1153 2337 1385 2388 laesione
1426 2337 1651 2387 iustitiae
1694 2356 1926 2388 commu-

25 2419 232 2470 tativae.

99 2507 373 2558 Sententia
424 2516 600 2557 autem
642 2525 847 2574 negans
888 2509 1096 2558 videtur
1136 2510 1353 2559 omnino
1407 2527 1522 2559 esse
1564 2509 1924 2576 praeferenda.

29 2645 174 2709 386.
237 2649 401 2697 Prob.
443 2664 483 2696 1.
542 2648 779 2714 Quilibet
819 2649 1068 2699 dominus
1108 2648 1326 2699 alicuius
1368 2650 1439 2699 rei
1480 2658 1660 2716 potest
1700 2649 1926 2699 eandem

24 2729 254 2779 vendere
294 2730 377 2780 vel
429 2731 675 2781 absolute
714 2730 797 2780 vel
837 2732 1096 2798 appositis
1137 2732 1458 2797 quibusdam
1507 2731 1923 2782 condicionibus.

25 2810 172 2860 Idem
205 2828 334 2878 ergo
362 2811 503 2862 valet
531 2813 599 2862 de
632 2822 851 2863 auctore
884 2813 1102 2863 alicuius
1130 2811 1245 2863 libri
1272 2813 1356 2863 vel
1390 2814 1457 2863 de
1486 2812 1794 2879 bibliopola,
1838 2813 1929 2879 qui

25 2892 93 2942 ab
133 2893 250 2959 ipso
297 2894 376 2943 ius
415 2896 636 2961 accepit.
717 2895 858 2945 Nam
898 2903 1184 2961 antequam
1226 2894 1388 2945 libros
1427 2896 1688 2956 vendant,
1742 2903 1929 2945 auctor

27 2972 108 3023 vel
149 2974 444 3041 bibliopola
483 2984 625 3026 certe
664 2984 787 3026 sunt
829 2976 1030 3026 domini
1070 2976 1350 3038 librorum;
1400 2986 1625 3043 possunt
1666 2993 1793 3042 ergo
1835 2993 1928 3026 eos

25 3057 255 3106 vendere
305 3056 489 3108 addita
540 3058 884 3119 condicione,
939 3075 1005 3108 ne
1046 3067 1318 3124 emptores
1366 3076 1459 3108 eos
1506 3059 1574 3108 ad
1616 3057 1819 3108 lucrum
1861 3057 1927 3107 fa-

25 3137 272 3188 ciendum
313 3139 674 3206 reimprimant
713 3147 767 3189 et
802 3139 1050 3189 vendant.
1111 3140 1282 3205 Atqui
1317 3140 1451 3190 haec
1492 3140 1737 3190 condicio
1766 3139 1927 3189 hodie

22 3220 311 3283 generatim
352 3220 421 3270 ab
468 3221 775 3271 auctoribus
816 3220 899 3271 vel
941 3220 1247 3288 bibliopolis
1300 3220 1551 3287 explicite
1591 3221 1805 3270 additur
1843 3220 1926 3270 vel

25 3299 211 3350 saltem
240 3318 333 3367 per
365 3318 421 3351 se
450 3303 607 3352 tacite
636 3302 819 3352 addita
850 3319 920 3352 ex
948 3304 1217 3353 communi
1250 3320 1347 3352 usu
1382 3302 1716 3367 intellegitur.
1772 3301 1925 3367 Ergo
