2182 3682
193 181 300 230 442
605 177 720 206 PARS
755 178 803 208 ΙΙ.
839 178 1159 207 PHILOSOPHIA
1194 178 1397 207 MORALIS
1434 178 1684 209 SPECIALIS.

190 325 247 366 ut
289 315 488 366 facilius
541 315 657 366 lites
711 316 848 366 circa
900 315 1150 365 iustitiam
1204 316 1489 382 emptionis
1530 326 1583 367 et
1622 318 1940 368 venditionis
1992 318 2106 368 diri-

189 407 413 449 mantur.
475 398 621 448 Num
649 407 828 448 tamen
857 399 910 448 in
938 398 1203 448 concretis
1244 399 1652 450 circumstantiis
1680 399 1950 450 hodiernis
1977 401 2106 450 eius-

189 482 338 531 modi
379 482 583 531 taxatio
625 481 779 547 pretii
820 480 1101 545 expediat,
1155 487 1235 530 est
1276 482 1544 547 quaestio,
1602 499 1738 549 quae
1778 500 1887 532 non
1926 490 2108 550 potest

191 564 555 614 universaliter
595 563 743 614 solvi.
827 563 1009 612 Hodie
1051 571 1194 612 certe
1235 563 1285 612 in
1339 563 1609 631 plerisque
1648 564 1899 632 Europae
1940 566 2107 632 regio-

190 647 346 697 nibus
387 646 521 697 haec
563 647 936 696 determinatio
973 645 1281 695 difficillima
1310 655 1404 696 est.
1471 646 1668 713 Quoad
1698 647 1900 715 aliquas
1927 657 2106 699 tamen

190 746 272 779 res
321 729 497 779 adhuc
546 728 708 778 hodie
761 728 930 795 pretia
970 746 1000 778 a
1042 729 1442 794 magistratibus
1493 738 1768 792 taxantur,
1822 749 1869 781 V.
1915 748 1965 798 g.
2009 748 2106 798 pro

194 812 410 862 redariis
450 813 501 861 in
544 811 779 861 urbibus.

265 895 311 961 γ)
367 894 562 960 Quoad
605 902 931 944 contractura
974 893 1258 943 locationis
1299 894 1438 944 inser
1479 895 1765 960 operarios
1815 903 1864 945 et
1913 896 2105 946 [lerum

187 985 368 1042 potest
420 978 708 1027 auctoritas
749 976 912 1027 civilis
966 994 1063 1043 pro
1106 977 1377 1043 exigentia
1430 978 1945 1028 circumstantiarum
1988 995 2105 1045 pro-

187 1060 371 1110 hibere
413 1060 849 1127 prorogationem
894 1059 1090 1109 laboris
1130 1060 1182 1109 in
1225 1059 1435 1109 fabricis
1476 1059 1612 1110 ultra
1652 1061 1733 1121 id,
1780 1061 1929 1127 quod
1969 1061 2107 1111 vires

189 1144 555 1209 operariorum
597 1142 730 1193 ferre
771 1151 1012 1209 possunt,
1056 1141 1140 1192 vel
1182 1141 1422 1191 laborem
1466 1142 1776 1192 feminarum
1819 1143 1872 1192 in
1914 1142 2108 1193 fodinis

188 1234 242 1276 et
282 1225 394 1276 aliis
447 1225 604 1287 locis,
660 1225 751 1275 ubi
803 1225 1100 1292 periculum
1153 1225 1308 1274 bonis
1350 1225 1589 1274 moribus
1644 1234 1872 1288 creatur3
1929 1234 2110 1292 potest

190 1309 350 1359 etiam
402 1309 748 1359 condiciones
800 1308 1124 1357 necessarias
1177 1324 1274 1373 pro
1316 1308 1598 1357 securitate
1649 1308 1888 1358 sanitatis
1928 1325 2109 1374 opera-

192 1392 388 1441 riorum
441 1391 803 1458 praescribere
845 1400 945 1441 etc.
1028 1390 1213 1440 Potest
1254 1390 1486 1456 denique
1527 1389 1765 1439 infimam
1805 1406 2107 1440 mensuram

190 1473 361 1524 salarii
403 1474 772 1535 determinare,
816 1474 859 1523 si
900 1472 1196 1539 periculum
1236 1473 1316 1533 sit,
1367 1489 1433 1521 ne
1475 1471 1611 1522 ultra
1650 1471 1842 1523 limites
1881 1472 2109 1523 iustitiae

190 1556 532 1623 deprimatur.
616 1555 715 1620 (Cf.
773 1556 841 1606 de
894 1556 973 1605 his
1025 1554 1392 1621 similibusque
1445 1555 1848 1621 quaestionibus
1899 1554 2104 1621 encycl.

198 1640 428 1689 «Rerum
471 1639 808 1701 novarum»)

194 1763 339 1830 598.
424 1780 469 1817 2.
527 1765 681 1832 Quae
733 1765 1010 1832 hucusque
1064 1764 1322 1826 diximuS,
1379 1763 1486 1814 fere
1529 1772 1777 1830 spectant
1827 1764 2106 1814 tuitionem

191 1849 391 1899 ordinis
430 1850 646 1899 iuridici.

264 1932 542 1982 Praeterea
582 1940 761 1981 autem
796 1931 960 1981 debet
999 1929 1288 1980 auctoritas
1317 1928 1480 1978 civilis
1521 1945 1723 1995 ponere
1760 1929 2106 1978 condiciones

192 2015 496 2081 requisitas,
552 2023 608 2065 ut
649 2014 836 2080 privati
878 2030 971 2062 sua
1018 2012 1288 2062 activitate
1340 2011 1439 2060 sibi
1479 2011 1775 2061 necessaria
1822 2027 2110 2077 procurare

191 2096 430 2158 valeant,
482 2096 566 2147 vel
608 2097 773 2146 debet
823 2097 937 2162 ipsa
979 2112 1040 2144 ea
1092 2110 1403 2160 procurare,
1460 2110 1598 2159 quae
1639 2094 1960 2154 necessaria,
2013 2093 2109 2143 sed

193 2180 431 2247 privatae
473 2180 727 2229 activitati
767 2196 862 2245 per
902 2195 957 2227 se
1000 2186 1121 2226 sunt
1163 2176 1431 2242 impervia.

269 2263 319 2326 a)
363 2262 487 2311 Huc
529 2263 774 2328 pertinet,
819 2270 877 2310 ut
917 2268 1118 2310 sternat
1145 2260 1256 2308 vias
1297 2257 1553 2324 publicas,
1599 2258 1757 2308 etiam
1799 2257 2008 2318 ferreas,
2052 2266 2112 2307 ut

194 2345 352 2395 faciat
404 2345 574 2395 fossas
626 2343 983 2410 navigabiles,
1046 2351 1264 2408 portus,
1327 2340 1514 2390 similia
1572 2341 1751 2390 media
1806 2340 2112 2390 commercii

193 2445 289 2494 pro
331 2436 576 2494 tempore
618 2426 915 2477 necessaria
944 2425 1009 2474 ad
1047 2424 1292 2490 publicae
1334 2422 1700 2489 prosperitatis
1739 2430 2106 2487 augmentum.

268 2510 324 2574 b)
367 2509 640 2576 Tempore
682 2508 983 2559 communis
1025 2506 1338 2557 calamitatis
1378 2506 1540 2571 ipsius
1574 2512 1655 2554 est
1687 2504 1863 2554 eidem
1890 2504 2108 2564 mederi,

195 2593 425 2642 eandem
467 2601 731 2642 avertere:
776 2591 849 2641 sic
879 2609 925 2640 v.
959 2607 1008 2656 g.
1042 2589 1207 2639 debet
1235 2597 1479 2654 tempore
1521 2587 1774 2653 egestatis
1814 2586 2112 2636 communis

194 2674 445 2725 alimenta
496 2674 792 2724 necessaria
845 2672 1127 2739 providere
1167 2669 1250 2720 vel
1293 2669 1658 2720 imminentem
1710 2668 2111 2718 inundationem

194 2767 286 2807 aut
325 2766 537 2824 pestem
578 2763 815 2806 avertere
857 2764 910 2805 et
950 2752 1152 2804 similia.

271 2841 320 2905 c)
361 2840 545 2889 Potest
585 2839 746 2888 etiam
786 2837 1076 2904 propositis
1117 2834 1363 2902 praemiis
1403 2834 1637 2884 studium
1674 2849 1846 2883 rerum
1882 2849 2111 2882 oecono-

196 2922 452 2972 micarum
496 2921 766 2971 communi
807 2920 953 2969 bono
983 2918 1187 2968 utilium
1217 2917 1476 2979 excitare3
1521 2932 1704 2966 curare
1746 2914 2112 2980 expositiones

196 3003 465 3071 publicas;
515 3004 716 3069 erigere
756 3000 969 3052 scholas
1010 3018 1140 3066 quas
1180 3007 1377 3050 vocant
1416 2998 1716 3059 technicas,
1759 2996 1962 3063 aperire
2000 2996 2112 3045 vias

197 3103 364 3136 novas
406 3085 713 3136 commercii
754 3093 852 3134 etc.

203 3215 348 3269 599.
431 3206 485 3269 d>
529 3204 711 3255 Unum
752 3211 959 3253 tantum
1001 3201 1085 3251 hic
1127 3200 1405 3266 speciatim
1434 3197 1799 3265 quaerendum
1839 3203 2108 3262 superest:

198 3287 289 3337 scl.
335 3304 462 3336 num
503 3286 793 3337 auctoritas
833 3283 1050 3351 publica
1099 3284 1212 3349 ipsa
1253 3300 1348 3348 per
1386 3298 1444 3331 se
1485 3280 1780 3347 generatim
1820 3279 2020 3328 directe
2060 3284 2114 3326 et

198 3370 247 3418 vi
288 3369 555 3436 principii,
610 3385 718 3419 non
766 3366 940 3418 solum
993 3382 1087 3433 per
1127 3365 1376 3415 accidens
1428 3372 1648 3430 propter
1698 3359 1986 3427 specialem
2025 3375 2111 3408 ne-
