2182 3682
590 186 742 214 CAPUT
776 185 817 215 V.
869 184 930 212 DE
963 182 1083 212 LEGE
1119 183 1374 212 NATURALI.
1833 181 1931 234 159

775 320 1101 359 ARTICULL's
1135 321 1185 360 v.

234 420 325 464 DE
364 416 610 464 SUlN'IMO
649 417 846 463 LEGIS
884 415 1280 463 NATURALIS
1318 415 1737 462 PRAECEP'I‘(‘).

732 540 999 588 THESIS
1036 540 1235 587 XXIX.

41 645 181 710 185.
260 655 570 717 Sugnr-num
598 653 734 714 legis
761 652 1029 699 naturalis
1055 658 1425 721 praeceptum
1446 657 1557 698 est:
1586 652 1697 697 Fac
1716 650 1930 719 bQum

35 736 93 795 et
127 728 313 803 degija
350 727 598 775 malurn!

93 822 158 876 (S.
200 824 338 862 lem.
383 834 415 871 1,
453 835 490 871 2,
527 837 566 875 q.
602 834 668 871 94,
705 836 739 861 a.
777 833 815 862 2.
881 823 1135 870 Libesczlm‘e,
1169 822 1348 861 Institut.
1385 822 1468 861 eth.
1506 835 1542 860 n.
1579 831 1647 871 99.
1712 821 1865 873 AIeyer,

622 891 801 928 Institut.
838 890 912 928 iur.
948 898 1030 929 nat.
1066 891 1097 938 I,
1134 904 1173 928 n.
1210 887 1330 941 277.)

107 989 194 1042 St.
243 989 319 1058 Q.
409 1006 448 1041 Ι.
494 991 613 1041 Lex
655 990 904 1041 naturalis
946 989 1110 1040 multa
1149 998 1439 1056 praecepta
1480 990 1743 1050 continet,
1787 1007 1833 1038 v.
1879 1006 1928 1054 g.

37 1092 175 1124 «non
217 1074 485 1134 occides»,
537 1091 675 1122 «non
717 1072 1021 1134 furaberis«,
1067 1081 1166 1122 etc.
1250 1069 1530 1136 Quaeritur
1570 1080 1763 1132 autem,
1805 1088 1933 1120 num

29 1157 95 1206 sit
136 1156 353 1222 aliquod
394 1155 658 1205 eiusmodi
684 1163 1048 1220 praecaptum,
1091 1153 1234 1220 quod
1269 1154 1448 1203 onmia
1491 1153 1608 1202 alia
1639 1161 1932 1218 praecepta

34 1238 318 1288 naturalia
376 1238 594 1302 ideoque
648 1245 813 1286 lolam
877 1237 1048 1301 legem
1113 1236 1420 1285 naturalem
1486 1235 1743 1300 jmplicite
1802 1252 1931 1284 com—

21 1320 342 1386 prehendat,
386 1320 456 1369 ita
498 1328 554 1368 ut
594 1319 726 1369 haec
768 1336 923 1368 sensu
966 1319 1181 1385 proprio
1223 1335 1328 1367 mla
1369 1318 1548 1367 vocari
1589 1318 1769 1383 possit.
1839 1316 1932 1366 Ad

31 1402 170 1452 hanc
212 1402 578 1468 quaestionem
621 1401 1010 1467 respondemus
1050 1400 1185 1450 thesi
1227 1408 1421 1450 nostra.

109 1498 155 1534 2.
201 1484 498 1550 Loquimur
526 1484 592 1533 de
615 1483 778 1543 bono,
823 1483 971 1548 quod
1002 1483 1351 1532 necessariam
1382 1482 1719 1532 honestatem
1749 1481 1927 1541 habet,

34 1584 127 1617 seu
170 1566 316 1616 cuius
357 1566 572 1615 omissio
613 1566 840 1631 positive
882 1564 1019 1614 mala
1060 1574 1154 1615 est.
1236 1565 1361 1614 Non
1391 1565 1530 1613 enim
1573 1564 1749 1613 omnia
1790 1564 1933 1613 bona

31 1658 154 1699 sunt
193 1657 496 1715 praecepta.

41 1778 180 1830 186.
296 1780 453 1830 Proh.
493 1778 773 1830 Summum
796 1778 927 1844 legis
949 1778 1196 1828 naturalis
1219 1787 1565 1844 praeceptum
1596 1778 1760 1827 debet
1788 1795 1929 1827 esse:

115 1878 155 1913 Ι.
203 1862 468 1912 reduclive
508 1862 754 1912 ultimum
795 1879 886 1911 seu
929 1861 1201 1911 enuntiare
1243 1877 1582 1911 communem
1614 1869 1666 1910 et
1694 1859 1933 1910 ultimam

33 1945 292 1996 rationem
334 1945 571 1994 omnium
613 1953 1024 2010 praeceptorum
1065 1943 1409 2005 naturalium3

109 2040 153 2077 2.
209 2027 482 2077 deduclz've
522 2027 767 2092 primum
825 2035 876 2076 et
928 2026 1455 2076 emi-z'el‘sall'ssimmn
1513 2043 1605 2075 seu
1663 2026 1935 2075 continere

37 2110 216 2159 omnia
255 2117 545 2175 praecepta
586 2109 720 2175 legis
760 2107 1037 2171 naturalis3

109 2205 156 2255 3.
197 2200 303 2256 per
341 2208 398 2241 se
436 2199 612 2241 nolum
655 2199 705 2241 et
729 2191 960 2241 evidens.
1016 2190 1185 2256 Atqui
1223 2190 1303 2239 his
1345 2190 1753 2240 condicionibus
1792 2190 1936 2240 satis-

35 2273 159 2324 facit
199 2282 548 2340 praeceptum
589 2274 640 2322 in
681 2273 817 2322 thesi
858 2274 1201 2323 enuntiatum.
1283 2273 1437 2336 Ergo
1483 2314 1489 2321 .

108 2370 265 2421 Prob.
310 2370 436 2421 min.
481 2370 550 2420 ad
587 2385 627 2419 Ι.
696 2370 793 2420 Est
823 2370 1092 2419 reductive
1130 2369 1391 2419 ulfilanam.
1457 2368 1767 2419 Communis
1796 2369 1936 2418 enim

35 2460 87 2503 et
129 2452 311 2502 ultima
352 2452 500 2513 ratio,
545 2469 636 2502 cur
676 2453 854 2502 omnia
882 2460 1170 2519 praecepta
1211 2451 1466 2501 naturalia
1495 2452 1650 2501 nobis
1690 2451 1937 2517 imposita

34 2534 435 2600 intellegantur,
495 2543 599 2595 est,
657 2535 779 2601 quia
820 2551 908 2595 ea,
960 2551 1099 2601 quae
1140 2533 1427 2600 prohibent
1465 2533 1548 2584 vel
1590 2534 1936 2600 praecipiunt,

35 2625 159 2666 sunt
210 2617 490 2667 intrinsece
542 2615 682 2666 mala
732 2615 815 2666 vel
871 2617 1030 2667 bona.
1114 2615 1325 2665 Etenim
1381 2616 1423 2665 si
1479 2624 1787 2682 quaeratur,
1847 2632 1939 2665 cur

38 2699 187 2749 Deus
243 2699 398 2748 nobis
456 2698 589 2749 haec
650 2707 938 2765 praecepta
998 2699 1240 2764 imponat
1299 2708 1352 2748 et
1408 2715 1499 2748 cur
1554 2698 1676 2747 Deo
1736 2698 1939 2748 iubenti

38 2781 332 2847 parendum
360 2782 441 2842 sit,
473 2781 797 2847 respondere
826 2781 1087 2830 debemus
1115 2779 1409 2840 ultimatim,
1441 2781 1563 2846 quia
1584 2780 1688 2830 hoc
1717 2781 1936 2840 bonum,

39 2863 364 2914 contrarium
406 2862 606 2913 malum
647 2872 741 2913 est.

113 2944 204 2994 Ad
249 2959 294 2995 2.
351 2945 449 2995 Est
488 2945 1014 2995 um'versalissimum
1054 2962 1148 2995 seu
1178 2945 1460 2995 deductive
1501 2945 1746 3010 primum,
1792 2943 1939 3010 quod

41 3026 292 3093 implicite
348 3029 587 3077 continet
651 3028 827 3077 omnia
891 3035 1180 3093 praecepta
1242 3026 1515 3077 naturalia.
1613 3027 1751 3076 Nam
1808 3026 1940 3075 haec

41 3117 316 3159 versantur
356 3110 494 3159 circa
534 3127 625 3171 ea,
684 3126 822 3175 quae
877 3109 1079 3159 homini
1135 3109 1415 3159 intrinsece
1471 3109 1614 3158 bona
1668 3108 1751 3158 vel
1806 3107 1943 3157 mala

42 3199 179 3252 sunt,
222 3199 337 3241 tum
377 3208 504 3256 erga
543 3191 738 3252 Deum,
782 3199 896 3242 tum
938 3209 1065 3257 erga
1105 3208 1162 3240 se
1201 3191 1403 3257 ipsum,
1448 3199 1560 3240 tum
1603 3207 1728 3255 erga
1769 3190 1942 3255 proxi-

44 3289 188 3322 mum
229 3275 297 3338 (n.
344 3286 429 3340 70,
473 3290 674 3339 argum.
722 3274 789 3338 3).

117 3353 209 3404 Ad
253 3368 300 3418 3.
381 3355 478 3405 Per
518 3373 574 3405 se
616 3362 778 3421 patet.
