2182 3682
214 190 282 241 74
617 187 729 215 PARS
765 187 792 215 I.
845 186 1158 215 PHILOSOPHIA
1194 186 1397 214 MORALIS
1433 186 1712 216 GENERALIS.

210 323 450 372 actiones
504 331 663 372 vocat
718 323 890 373 bonas
939 322 1022 372 vel
1080 322 1274 384 malas,
1333 329 1496 388 prout
1552 322 1856 372 felicitatem
1911 321 2114 388 (volup-

210 405 396 469 tatem)
437 404 592 454 huius
632 405 770 454 vitae
810 412 1012 470 augent
1051 404 1134 454 vel
1176 406 1433 455 minuunt.
1501 404 1555 455 Si
1594 406 1735 455 actio
1776 412 1830 455 et
1870 403 2110 454 dolorem

210 495 262 537 et
290 485 626 552 voluptatem
655 488 920 553 (proxime
949 486 1031 536 vel
1062 488 1288 550 remote>
1317 487 1486 548 affert,
1529 487 1821 537 videndum
1859 495 1954 547 est,
1999 494 2116 536 uter

211 569 431 619 effectus
483 568 801 635 praevaleat.
883 569 963 619 Ita
1013 570 1149 618 inter
1188 576 1396 619 veteres
1435 569 1778 634 Aristippus,
1829 569 2114 634 Epicurus,

209 651 584 714 Democl‘ilus;
636 652 769 701 inter
817 652 1139 701 recentiores
1179 650 1444 716 Spinosa,
1497 650 1760 712 Diderot,
1811 651 2116 711 HelvetiuS,

211 733 542 795 Fem'l'baclz,
586 733 686 784 alii.

287 844 333 881 2.
378 830 774 880 Ulilz'sarzkmns
818 830 1039 879 socialis
1092 830 1580 894 (eudaemonismus
1631 829 1867 889 socialis,
1921 828 2117 879 altruis-

211 914 347 976 mus>
401 911 704 962 felicitatem
761 930 1105 963 communem
1159 912 1451 978 (socialem)
1507 930 1752 962 normam
1807 911 2118 962 moralitatis

212 1012 327 1045 esse
367 996 565 1046 statuit.
639 995 902 1045 Actiones
943 1013 1074 1062 ergo
1115 1004 1237 1045 sunt
1277 995 1454 1045 bonae
1493 995 1578 1045 vel
1619 994 1805 1055 malae,
1850 1001 2011 1061 prout
2050 993 2118 1043 fe-

210 1077 462 1127 licitatem
503 1096 847 1128 communem
888 1086 1210 1144 promovent
1250 1077 1332 1128 vel
1372 1078 1685 1144 impediunt,
1730 1087 1782 1128 et
1810 1095 1918 1144 quo
1948 1077 2120 1142 magis

212 1160 352 1209 actio
395 1160 463 1209 ad
505 1161 709 1211 bonum
750 1179 1037 1212 commune
1079 1161 1299 1222 confert,
1344 1179 1409 1210 eo
1447 1160 1634 1210 melior
1661 1170 1768 1221 est3
1812 1177 1920 1226 quo
1951 1159 2122 1225 magis

211 1242 341 1292 illud
382 1243 629 1309 impedit,
682 1261 746 1293 eo
788 1244 951 1310 peior.
1034 1243 1157 1293 Hoc
1198 1252 1435 1309 systema
1475 1252 1599 1309 post
1645 1241 2119 1292 szzberlcmdium

212 1327 522 1391 praesertim
579 1324 633 1375 S.
691 1325 1073 1392 Pufi‘ndmfins
1128 1326 1390 1386 excoluit,
1454 1325 1544 1391 qui
1604 1326 1823 1391 quidem
1882 1324 2121 1374 ultimam

214 1409 474 1458 rationem
527 1409 841 1458 discriminis
892 1409 1027 1458 inter
1078 1409 1281 1458 bonum
1335 1416 1389 1458 et
1444 1408 1643 1457 malum
1696 1409 1748 1457 in
1804 1407 1969 1458 libera
2019 1407 2123 1457 Dei

212 1490 488 1554 voluntate
529 1491 754 1557 reponit,
798 1492 895 1540 sed
936 1492 1114 1557 posito
1144 1491 1246 1541 Dei
1290 1492 1508 1541 decreto
1549 1490 1676 1541 illud
1707 1491 1990 1541 discrimen
2018 1492 2123 1541 iam

216 1573 382 1623 fixum
434 1582 714 1640 ratumque
768 1591 883 1623 esse
934 1574 1233 1624 arbitratur.
1317 1573 1539 1624 Creator
1591 1574 1730 1623 enim
1771 1582 1992 1624 naturae
2032 1574 2122 1624 hu-

215 1673 405 1705 manae
447 1655 622 1722 legem
664 1657 973 1707 socialitatis
1013 1658 1231 1718 indidit,
1282 1658 1354 1706 ita
1395 1666 1452 1706 ut
1492 1658 1597 1706 iam
1638 1674 1826 1707 omnes
1866 1658 2118 1718 actiones,

218 1755 356 1805 quae
400 1756 522 1788 cum
562 1738 663 1789 hac
705 1739 825 1806 lege
866 1739 1174 1790 socialitatis
1216 1740 1554 1799 conveniant,
1595 1740 1700 1789 sint
1738 1740 1940 1802 bonae;
1985 1758 2122 1807 quae

216 1822 263 1871 ei
315 1830 642 1888 repugnent,
697 1822 883 1872 malae.
965 1823 1108 1872 Inter
1159 1823 1480 1872 recentiores
1532 1822 1655 1873 huic
1706 1824 1986 1888 systemati
2033 1824 2121 1873 ad-

215 1904 437 1955 haerent
487 1905 815 1971 positivistae
860 1904 1080 1969 (Comte,
1123 1904 1321 1972 Lz'll‘rd)
1364 1912 1417 1955 et
1468 1904 1677 1971 plurimi
1727 1905 1838 1968 alii,
1883 1925 1930 1956 v.
1975 1922 2026 1972 g.
2069 1908 2121 1957 in

215 1987 417 2053 Anglia
457 1987 511 2046 J.
558 1986 750 2038 §suast
786 1987 938 2050 Mill,
983 1988 1056 2037 H.
1104 1986 1400 2052 Sz'agoem'ck,
1441 1989 1491 2037 in
1522 1986 1808 2038 Germania
1836 1988 1909 2039 H.
1941 1989 2119 2053 Lotze,

216 2069 282 2120 F.
327 2070 575 2120 Paulsen.
1483 2101 1487 2105 ·

219 2228 321 2282 79.
406 2233 450 2283 3.
511 2219 751 2269 Medium
805 2219 1083 2285 quoddam
1136 2228 1373 2284 systema
1424 2219 1559 2269 inter
1621 2220 2121 2270 eudaemonismum

215 2300 469 2351 socialem
511 2311 563 2351 et
603 2302 980 2352 hedonismum
1010 2302 1226 2367 Epicuri
1265 2311 1497 2352 statuere
1535 2312 1759 2353 conatur
1784 2302 1859 2352 H.
1892 2302 2124 2369 §pencer

218 2383 658 2448 (1820—-1903),
719 2385 809 2450 qui
865 2384 1125 2434 theoriam
1182 2384 1499 2434 evolutionis
1554 2385 1997 2441 materialisticam
2053 2387 2121 2436 ad

218 2466 462 2515 Ethicam
504 2467 751 2533 applicat.
821 2467 1005 2516 Bonae
1046 2466 1354 2532 simpliciter
1393 2468 1695 2517 secundum
1723 2467 1961 2534 Spencer
1999 2477 2123 2518 sunt

217 2549 470 2608 actiones,
514 2565 652 2614 quae
690 2550 852 2599 vitam
896 2558 1093 2615 augent
1131 2548 1231 2610 vel,
1276 2549 1424 2615 quod
1465 2550 1609 2599 idem
1650 2558 1744 2611 est,
1787 2549 2120 2616 voluptatem

216 2631 328 2680 sine
383 2629 488 2680 ulla
542 2632 872 2681 admixtione
932 2631 1131 2681 doloris
1190 2632 1431 2681 afferunt.
1522 2630 1630 2681 Sed
1686 2632 1849 2682 hodie
1903 2639 2125 2699 propter

216 2713 585 2779 imperfectam
637 2713 815 2763 adhuc
869 2713 1230 2764 evolutionem
1272 2714 1480 2780 generis
1526 2713 1744 2763 humani
1784 2722 1837 2764 et
1877 2732 2123 2764 mancam

216 2796 620 2860 adaptationem
678 2797 747 2846 ad
809 2797 1155 2846 condiciones
1210 2796 1434 2846 sociales
1489 2796 1694 2846 bonum
1749 2797 2015 2862 privatum
2070 2806 2123 2846 et

219 2895 503 2927 commune
551 2895 713 2944 saepe
754 2879 888 2928 inter
928 2896 984 2928 se
1025 2888 1297 2944 pugnant,
1341 2887 1393 2928 et
1444 2887 1730 2945 propterea
1769 2896 1935 2928 unum
1976 2878 2123 2928 alteri

217 2961 474 3026 postponi
515 2961 693 3010 debet.
762 2961 888 3010 Ideo
931 2961 1093 3011 hodie
1133 2962 1331 3027 agendi
1370 2962 1565 3011 modus
1593 2960 1839 3010 absolute
1867 2961 2123 3011 honestus

220 3043 514 3107 generatim
566 3043 807 3091 nondum
860 3051 939 3092 est
992 3043 1285 3108 possibilis,
1341 3044 1437 3092 sed
1478 3044 1620 3092 varia
1667 3044 2115 3109 «compromissa»

217 3124 352 3173 inter
408 3123 738 3173 altruismum
799 3134 851 3174 et
911 3126 1212 3191 egoismum
1271 3126 1384 3174 iniri
1445 3125 1659 3175 debent.
1742 3125 1946 3175 Verum
2005 3142 2123 3191 pro-

220 3206 446 3256 cedente
502 3206 808 3256 evolutione
863 3207 1108 3256 homines
1164 3209 1335 3273 magis
1390 3208 1670 3273 magisque
1718 3208 2122 3257 condicionibus

218 3288 503 3338 socialibus
552 3289 625 3338 ita
674 3305 731 3338 se
783 3289 1141 3354 adaptabunt,
1199 3298 1256 3338 ut
1306 3287 1675 3338 inclinationes
1724 3296 1778 3338 et
1818 3290 2123 3339 tendentiae

219 3370 507 3434 egoisticae
566 3370 805 3436 perfecte
862 3371 1196 3420 subserviant
1254 3371 1401 3420 bono
1463 3371 1749 3422 communi.
1842 3356 2123 3421 ‘Absoluta
