2182 3682
120 155 219 184 CAP.
254 155 319 183 111.
368 154 430 182 DE
465 152 701 181 BONITATE
734 152 791 180 ET
825 152 1023 180 MALITIA
1057 151 1233 179 MORALI
1268 151 1466 180 ACTUUM
1503 153 1826 182 HUMANORUM.
1890 153 1950 206 71

136 291 198 335 Et
244 304 295 335 re
343 288 543 349 quidem
589 302 706 334 vera
755 286 976 347 quamvis
1024 286 1280 347 quaerenti
1327 286 1446 347 quid
1483 287 1542 333 sit
1577 288 1763 335 bonum
1799 289 1958 350 primo

58 362 360 423 respondere
405 361 614 422 possim,
665 361 800 421 quod
848 360 971 406 ratio
1020 360 1140 406 dicit
1187 375 1293 407 esse
1333 361 1545 419 bonum,
1596 362 1754 408 statim
1794 372 1960 410 tamen

59 437 184 484 redit
219 436 456 496 quaestio,
495 450 581 482 cur
617 434 741 482 ratio
777 434 959 481 iudicet
994 435 1124 481 hanc
1160 434 1408 481 actionem
1445 450 1550 481 esse
1578 436 1777 494 bonam,
1816 437 1959 484 aliam

59 512 252 558 malam.
323 510 454 556 Num
492 524 644 556 caeco
680 509 832 556 modo
868 510 993 555 haec
1028 508 1209 556 iudicia
1244 509 1466 570 profert?
1536 510 1682 556 Certe
1718 526 1834 568 non,
1874 513 1961 558 sed

59 584 309 646 dependet
356 584 405 629 in
453 583 720 630 iudicando
769 599 797 629 a
845 598 931 629 suo
979 584 1155 629 obiecto.
1228 583 1336 629 Nec
1383 582 1482 629 dici
1522 591 1684 644 potest
1719 586 1962 632 rationem

58 661 181 706 haec
218 657 419 716 dictare,
459 659 574 718 quia
611 666 681 704 est
716 657 968 704 irradiatio
1005 657 1126 719 legis
1163 666 1392 705 aeternae
1417 658 1493 703 vel
1519 657 1720 705 rationis
1750 659 1960 707 divinae.

59 734 185 780 Nam
223 734 383 793 legem
433 741 685 779 aeternam
726 732 776 778 in
814 747 864 778 se
901 747 1002 778 non
1038 733 1286 789 videmus,
1336 740 1384 778 et
1421 732 1661 779 rationem
1698 734 1963 780 humanam

59 822 162 855 esse
199 805 568 853 irradiationem
606 806 782 853 mentis
808 806 1004 852 divinae
1030 806 1149 852 nihil
1176 806 1306 852 aliud
1333 806 1586 867 significat,
1627 822 1774 867 quam
1802 809 1963 854 Deum

58 881 200 928 nobis
252 881 446 927 dedisse
498 882 664 927 lumen
716 881 1003 927 intellectus.
1077 881 1198 927 Ideo
1250 890 1384 927 recte
1435 881 1482 928 S.
1537 881 1740 928 Thomas
1791 878 1865 942 (In
1924 899 1961 939 1,

58 955 164 1002 dist.
203 957 292 1013 48,
343 970 389 1015 q.
434 972 483 1012 Ι,
536 971 576 1002 a.
616 950 689 1015 4):
746 954 991 1001 «Volitum
1032 955 1250 1002 divinum
1289 965 1525 1015 quantum
1562 955 1624 1002 ad
1661 957 1962 1003 voluntatem

59 1029 433 1076 antecedentem
473 1037 545 1076 est
581 1028 724 1076 nobis
761 1037 931 1076 notum
969 1045 1027 1075 ex
1062 1032 1164 1090 ipsa
1200 1031 1420 1075 naturali
1451 1031 1793 1078 inclinatione.»

59 1163 161 1218 75·
241 1170 342 1209 Obi.
379 1182 420 1209 2.
490 1162 796 1220 Comedere‚
848 1162 1064 1209 dormire
1102 1172 1192 1210 etc.
1231 1179 1334 1209 non
1375 1163 1608 1210 convenit
1644 1163 1831 1210 homini
1869 1180 1966 1225 qua

57 1237 295 1284 rationali.
369 1238 506 1297 Ergo
555 1237 827 1284 secundum
875 1253 1098 1284 normam
1150 1246 1376 1284 statutam
1426 1254 1697 1299 numquam
1748 1239 1838 1285 erit
1883 1240 1966 1286 ho-

57 1320 261 1358 nestum.

135 1410 285 1459 Resp.
355 1402 485 1447 Dist.
525 1407 700 1448 antea:
748 1401 1030 1448 Comedere
1202 1417 1304 1448 non
1353 1402 1587 1449 convenit
1633 1403 1821 1449 homini
1870 1419 1966 1463 qua

57 1475 304 1532 rationali,
355 1475 383 1522 i.
424 1491 465 1522 e.
504 1491 605 1522 non
656 1485 727 1523 est
775 1477 902 1523 actio
952 1476 1163 1523 hominis
1212 1476 1410 1537 propria
1460 1478 1620 1537 ,amad
1658 1479 1966 1524 substantiam

57 1545 327 1611 (speciem),
378 1565 522 1604 cona,
572 1566 675 1597 non
723 1560 795 1597 est
830 1551 1030 1612 propria
1067 1551 1278 1598 hominis
1314 1552 1476 1611 quoad
1504 1553 1712 1607 medam,
1762 1568 1861 1612 quo
1899 1554 1964 1611 fit,

57 1624 86 1672 i.
125 1640 166 1672 e.
205 1640 307 1671 non
354 1625 477 1670 decet
520 1625 774 1672 hominem
817 1635 868 1672 ut
904 1626 1219 1681 rationalem,
1270 1627 1488 1672 snbdist.:
1536 1627 1574 1672 si
1610 1626 1778 1673 debito
1814 1628 1966 1674 modo

58 1707 105 1747 et
140 1699 513 1746 circumstantiis
550 1702 624 1758 fit,
674 1716 803 1759 nego,
853 1715 1017 1756 secus,
1069 1716 1182 1747 conc.
1224 1725 1285 1729 —-
1328 1701 1461 1747 Sicut
1499 1702 1762 1748 comedere
1801 1702 1967 1762 quoad

58 1775 376 1821 substantiam
412 1790 515 1820 non
554 1783 625 1821 est
661 1776 790 1821 actio
828 1775 1032 1836 propria
1068 1775 1296 1833 hominis,
1335 1784 1496 1836 potest
1533 1784 1697 1823 tamen
1728 1792 1832 1823 esse
1860 1792 1967 1838 pro-

57 1848 163 1910 pria
212 1848 378 1909 quoad
427 1849 653 1907 modum,
704 1850 769 1896 ita
813 1865 839 1897 e
888 1850 1138 1896 contrario
1187 1850 1374 1908 ridere,
1426 1850 1619 1897 studere
1657 1858 1728 1897 est
1765 1852 1967 1912 quidem

57 1924 313 1985 proprium
361 1924 574 1970 hominis
623 1925 788 1985 quoad
838 1925 1181 1982 substantiam,
1236 1926 1402 1985 quoad
1449 1926 1651 1972 modum
1688 1941 1806 1973 vero
1851 1936 1968 1974 tunc

58 2000 229 2057 solum,
269 1999 471 2060 quando
507 2001 559 2046 fit
593 1999 762 2046 debito
800 2000 952 2046 modo
990 2009 1038 2046 et
1074 2000 1464 2048 circumstantiis.

140 2102 240 2142 Obi.
260 2115 303 2152 3.
352 2095 481 2153 Vita,
509 2095 704 2152 sanitas,
732 2096 985 2157 integritas
1011 2098 1361 2152 membrorum,
1390 2097 1653 2144 dexteritas
1678 2097 1728 2142 in
1755 2097 1965 2158 agendo,

58 2185 266 2216 acumen
303 2170 488 2231 ingenii
526 2179 616 2217 etc.
656 2186 746 2232 per
782 2186 833 2217 se
870 2171 1058 2217 homini
1095 2181 1144 2218 ut
1181 2171 1406 2218 rationali
1444 2171 1757 2219 conveniunt.
1832 2173 1969 2231 Ergo

57 2244 326 2291 secundum
375 2260 602 2291 normam
642 2255 868 2293 statutam
916 2255 1078 2293 essent
1124 2261 1214 2308 per
1259 2262 1308 2293 se
1346 2248 1582 2307 honesta3
1631 2248 1766 2308 quod
1803 2257 1968 2294 tamen

57 2319 230 2366 falsum
266 2319 473 2367 videtur.

137 2416 287 2465 Resp.
345 2409 475 2455 Dist.
505 2415 679 2455 antea:
715 2409 842 2466 Vita,
882 2409 1062 2456 sanitas
1099 2417 1190 2456 ete.
1229 2425 1318 2470 per
1355 2425 1406 2456 se
1442 2410 1632 2456 homini
1669 2412 1970 2458 conveniunt

61 2497 150 2543 per
196 2482 397 2529 modum
446 2492 606 2542 actus,
658 2499 798 2543 nego,
848 2499 937 2546 per
983 2485 1186 2530 modum
1224 2484 1431 2540 obiecti,
1481 2501 1628 2542 cenc.‚·
1678 2486 1755 2532 vel
1803 2485 1966 2533 aliter:

61 2555 240 2603 sanitas
276 2565 367 2604 etc.
407 2573 496 2619 per
532 2573 583 2605 se
621 2560 923 2605 conveniunt
958 2558 1160 2616 homini,
1200 2560 1227 2605 i.
1261 2574 1301 2605 e.
1340 2560 1524 2606 habent
1560 2559 1831 2607 bonitatem
1859 2561 1968 2620 for-

61 2632 250 2687 malem,
305 2648 444 2691 nego,
497 2632 771 2680 bonitatem
823 2634 1113 2689 obiectivam,
1167 2649 1282 2680 conc.
1335 2643 1383 2680 et
1418 2635 1684 2681 centradist.
1739 2651 1855 2681 cens.
1904 2662 1970 2666 -—

63 2705 278 2764 Sanitas,
336 2723 544 2754 acumen
600 2708 811 2768 ingenii,
870 2708 1044 2754 similia
1098 2724 1200 2755 non
1257 2717 1367 2755 sunt
1420 2715 1547 2755 actus
1601 2710 1815 2770 ideoque
1867 2725 1969 2756 non

63 2789 264 2840 possunt
313 2782 498 2829 habere
550 2782 824 2829 bonitatem
878 2784 1162 2841 formalem,
1219 2799 1344 2844 quae
1398 2792 1468 2830 est
1519 2785 1721 2845 propria
1773 2793 1969 2830 actuum

61 2854 414 2916 humanorumg
451 2866 655 2918 possunt
679 2866 846 2904 tamen
873 2873 976 2904 esse
1003 2859 1173 2904 abiecta
1198 2867 1407 2915 actuum,
1448 2867 1496 2905 et
1522 2874 1618 2919 qua
1643 2859 1757 2904 talia
1785 2859 1969 2905 habent

61 2929 333 2977 bonitatem
369 2931 665 2978 obiectivam
704 2928 779 2993 (In
822 2949 860 2989 I,
900 2933 1008 2979 dist.
1047 2935 1125 2990 48,
1166 2949 1213 2993 q.
1258 2950 1296 2989 1,
1335 2949 1377 2979 a.
1416 2929 1479 2993 4).

138 3027 254 3065 Inst.
315 3020 466 3080 Atqui
502 3020 614 3077 vita,
653 3021 848 3078 sanitas,
887 3037 1096 3067 acumen
1133 3021 1319 3082 ingenii
1356 3032 1447 3069 etc.
1486 3038 1588 3069 non
1627 3030 1736 3069 sunt
1772 3022 1968 3069 obiecta

63 3092 282 3151 honesta,
321 3094 408 3141 sed
444 3094 804 3155 indifferentia3
842 3111 980 3142 secus
1018 3096 1261 3157 appetitus
1299 3096 1515 3144 sanitatis
1549 3106 1595 3143 et
1621 3096 1831 3143 studium
1858 3112 1966 3143 eam

65 3168 392 3214 conservandi
428 3183 624 3230 semper
660 3179 788 3217 esset
823 3171 1098 3226 honestum,
1139 3171 1274 3231 quod
1311 3179 1477 3217 tamen
1516 3172 1688 3217 falsum
1726 3179 1810 3217 est.

141 3254 291 3304 Resp.
347 3249 486 3310 Nego
522 3253 631 3297 min.
669 3252 786 3298 subs.
827 3261 875 3298 et
909 3258 1001 3298 rat.
1030 3253 1174 3299 addit.
1237 3254 1325 3299 Est
1362 3252 1492 3299 enim
1531 3267 1765 3312 magnum
1802 3251 1968 3298 discri-

64 3336 179 3367 men
213 3321 340 3369 inter
374 3323 548 3382 vitam,
587 3324 845 3372 sanitatem
883 3335 974 3373 etc.
1015 3335 1063 3373 et
1099 3326 1309 3373 studium
1346 3326 1472 3373 haec
1507 3327 1640 3373 bona
1676 3326 1967 3386 acquirendi
