2182 3682
253 166 339 195 LIB.
373 167 402 194 1.
448 166 547 196 CAP.
584 165 648 194 ΙΙΙ.
694 165 756 193 DE
788 164 984 193 OFFICIIS
1020 165 1247 194 IIOMINUM
1283 166 1460 196 MU'rUIs
1495 167 1637 195 lN‘rER
1672 168 1736 196 SE.
1833 169 1895 219 23

1907 170 1932 220 Q)

786 306 1053 354 THESIS
1091 306 1182 352 LI.

49 422 193 473 294.
275 418 527 465 Tenetur
563 420 738 465 homo
776 431 967 464 amare
1004 416 1327 477 proximum
1365 417 1509 464 sicut
1545 432 1606 465 se
1642 418 1847 479 ipsum.

619 510 683 563 (S.
725 513 866 551 Tlmm.
902 522 939 561 2,
976 522 1014 559 2,
1050 526 1087 563 q.
1125 521 1192 562 25,
1228 526 1263 550 a.
1304 510 1361 563 Ι.)

118 611 205 664 St.
237 611 314 680 Q.
377 628 418 664 Ι.
450 613 580 663 Vox
618 614 755 664 sicut
784 630 890 663 non
919 612 1183 679 significat
1211 614 1603 680 aequalitatem,
1646 616 1742 664 sed
1770 616 1939 665 simili-

44 696 305 756 tudinem,
361 704 619 761 quatenus
671 695 885 745 dilectio
938 695 1164 744 hominis
1216 697 1284 745 ad
1336 714 1392 745 se
1443 697 1616 762 ipsum
1672 705 1752 746 est
1807 699 1941 747 sicut

44 777 317 843 exemplar
357 776 667 838 dilectionis,
717 794 855 843 quae
895 777 1121 827 habetur
1160 778 1226 826 ad
1270 777 1490 828 alterum
1533 776 1607 842 (S.
1660 778 1843 828 Tlmm.
1892 793 1938 840 2,

46 873 92 920 2,
135 876 185 925 q.
231 859 315 919 26,
359 876 403 910 a.
446 862 518 923 4).

119 963 164 999 2.
219 948 497 998 Proximus
538 949 671 998 intra
711 948 1005 999 naturalem
1048 949 1288 998 ordinem
1330 957 1510 1015 potest
1551 950 1832 1016 dupliciter
1872 950 1942 999 di-

43 1031 155 1096 ligi:
210 1031 259 1095 3)
300 1040 518 1100 propter
556 1030 752 1092 Deum,
795 1032 866 1080 ita
907 1037 964 1081 ut
1004 1031 1273 1081 obiectum
1317 1031 1537 1081 formale
1584 1033 1778 1082 amoris
1818 1049 1944 1097 erga

43 1113 347 1179 proximum
380 1113 444 1162 sit
472 1114 585 1179 ipse
614 1113 777 1171 Deus,
821 1122 876 1162 ut
917 1122 997 1163 est
1037 1130 1303 1163 summum
1345 1122 1397 1163 et
1436 1113 1699 1163 infinitum
1739 1114 1943 1164 bonum

42 1204 260 1245 naturae
315 1195 809 1261 proportionatum,
870 1195 925 1260 b)
978 1204 1200 1261 propter
1245 1213 1302 1245 se
1352 1196 1527 1262 ipsum
1582 1214 1675 1246 seu
1727 1205 1946 1262 propter

42 1277 334 1327 bonitatem
378 1286 637 1338 creatam,
685 1294 821 1343 quae
862 1277 914 1327 in
953 1278 1070 1343 ipso
1112 1277 1328 1327 homine
1368 1285 1462 1328 est.
1544 1278 1689 1327 Prior
1729 1278 1943 1328 dilectio

42 1359 268 1426 pertinet
308 1359 376 1408 ad
418 1359 646 1408 eundem
681 1359 939 1420 habitum,
983 1377 1089 1425 quo
1120 1359 1386 1424 diligimus
1414 1360 1607 1421 Deum,
1651 1361 1774 1426 quia
1800 1361 1942 1410 idem

43 1450 122 1491 est
162 1441 447 1507 utrobique
489 1442 761 1491 obiectum
791 1440 1037 1503 formale;
1082 1443 1345 1507 posterior
1373 1444 1659 1508 pertineret
1685 1443 1754 1492 ad
1783 1442 1942 1492 alium

41 1524 305 1585 habitum,
355 1523 445 1577 561
490 1523 749 1573 amicitiae
789 1523 1066 1573 humanae.
1148 1524 1273 1590 Nos
1305 1524 1390 1574 1116
1430 1526 1637 1590 agimus
1679 1525 1746 1574 de
1787 1525 1942 1575 dilec-

41 1607 184 1657 tione
225 1605 455 1680 proximi
495 1606 789 1655 secundum
828 1606 1059 1672 pliorem
1098 1587 1335 1667 modum,
1380 1616 1431 1656 et
1460 1608 1672 1656 nomine
1691 1616 1768 1672 jn
1772 1625 1940 1657 0127122

42 1680 396 1755 intellegimus
438 1705 624 1737 omnes
666 1696 932 1738 creaturas
973 1687 1271 1749 rationales,
1315 1690 1557 1755 exceptis
1597 1690 1849 1756 reprobis.

118 1779 282 1826 Prob.
362 1776 454 1827 Ad
497 1794 733 1827 amorem
775 1777 948 1827 benex
953 1776 1183 1827 olentiae
1223 1787 1431 1844 spectat
1472 1796 1578 1828 non
1619 1779 1792 1828 solum
1835 1779 1942 1828 dili-

40 1878 165 1926 gere
206 1877 353 1921 eum,
409 1877 638 1925 quocum
680 1859 1038 1926 principaliter
1076 1860 1286 1910 vinculo
1340 1860 1636 1911 dilectionis
1676 1862 1942 1927 coniungi-

40 1959 169 2003 mur,
211 1942 306 1991 sed
348 1942 506 1991 etiam
549 1959 735 1991 omnes
776 1959 884 2003 eos,
930 1942 1018 2008 qui
1048 1942 1116 1991 ad
1145 1943 1305 2008 ipsius
1346 1944 1495 2008 quasi
1538 1943 1785 1993 familiam
1828 1962 1937 2010 per-

39 2025 233 2084 tinent,
278 2024 346 2074 ab
387 2025 505 2090 ipso
546 2031 788 2073 amantur
828 2032 881 2074 et
921 2025 972 2074 in
1014 2025 1445 2074 coniunctionem
1488 2025 1778 2091 perfectam
1820 2043 1938 2076 cum

38 2107 153 2173 ipso
195 2107 524 2156 destinantur
565 2105 640 2170 (S.
693 2106 877 2156 leom.
925 2120 982 2167 2,
1030 2121 1083 2168 2,
1128 2125 1177 2173 q.
1224 2121 1309 2170 23,
1354 2125 1397 2157 a.
1451 2123 1466 2157 Ι
1516 2109 1583 2158 ad
1628 2110 1694 2173 2).
1776 2108 1946 2175 Atqui

40 2205 226 2238 omnes
266 2195 535 2238 creaturae
577 2188 858 2238 rationales
898 2205 929 2238 a
956 2189 1077 2238 Deo
1121 2189 1408 2255 diliguntur
1448 2198 1499 2239 et
1540 2190 1608 2239 ad
1650 2189 1939 2256 perfectam

40 2270 424 2321 beatitudinem
464 2271 515 2320 in
557 2271 677 2320 Deo
730 2271 1009 2320 nobiscum
1064 2272 1418 2333 destinantur,
1473 2273 1515 2321 si
1557 2272 1816 2338 reprobos
1856 2291 1943 2323 ex-

40 2353 216 2419 cipias.
297 2353 451 2418 Ergo
492 2361 614 2402 sunt
654 2361 880 2419 propter
920 2354 1096 2403 Deum
1138 2354 1366 2403 amandi.

44 2500 189 2554 295.
275 2490 476 2542 Coroll.
508 2508 555 2542 J.
618 2492 822 2543 Omnes
863 2494 1107 2544 homines
1136 2495 1363 2544 eandem
1392 2496 1672 2546 nobiscum
1706 2505 1945 2545 naturam

43 2582 94 2622 et
145 2574 555 2624 destinationem
608 2576 677 2625 ad
730 2576 1118 2626 beatitudinem
1159 2577 1373 2627 habent.
1456 2578 1621 2644 Igitur
1661 2579 1942 2639 neminem,

42 2672 107 2704 ne
146 2655 414 2706 inimicum
452 2657 684 2723 quidem,
727 2675 758 2708 a
787 2660 1059 2708 communi
1087 2675 1267 2709 amore
1296 2659 1582 2710 excludere
1611 2659 1747 2710 licet.
1804 2660 1943 2709 Nam

40 2737 279 2787 inimicus
319 2747 539 2804 propter
570 2739 894 2790 inimicitiam
923 2747 1165 2790 naturam
1195 2741 1485 2791 humanam
1514 2751 1565 2792 et
1595 2743 1945 2808 capacitatem

42 2819 385 2869 beatitudinis
425 2839 532 2870 non
573 2822 780 2872 amittit.
845 2822 1015 2872 Recta
1057 2832 1235 2873 tamen
1276 2824 1406 2873 ratio
1448 2824 1697 2890 postulat,
1742 2833 1799 2873 ut
1841 2824 1945 2890 qui-

44 2902 166 2950 dam
171 2903 354 2966 ordo
407 2903 601 2953 amoris
653 2921 779 2970 erga
834 2906 1142 2970 proximum
1194 2905 1479 2967 habeatur,
1534 2907 1605 2955 ita
1652 2915 1708 2955 ut
1760 2906 1947 2956 ceteris

34 2983 258 3057 paribus
299 2986 471 3051 magis
512 2986 797 3052 diligamus
825 3004 934 3048 eos,
978 2987 1069 3053 qui
1102 2988 1258 3037 nobis
1298 2989 1570 3053 sanguine,
1615 2988 1796 3054 patria,
1841 2987 1946 3036 fide

44 3064 264 3131 aliisque
304 3064 648 3118 relationibus
688 3069 1097 3135 propinquiores
1125 3079 1248 3119 sunt
1282 3068 1355 3134 (S.
1398 3069 1583 3119 Tlcom
1617 3083 1662 3130 2,
1697 3083 1744 3127 2,
1775 3086 1824 3135 q.
1860 3083 1942 3133 31,

47 3163 91 3196 3.
136 3160 163 3211 3
209 3157 262 3197 et
301 3165 351 3214 q.
398 3149 504 3214 26).

124 3242 325 3294 Coroll.
369 3260 417 3293 2.
499 3245 634 3297 Cum
687 3264 836 3296 amor
888 3249 965 3297 sui
1008 3248 1073 3297 sit
1125 3248 1401 3314 exemplar
1451 3248 1644 3298 amoris
1696 3248 1941 3312 proximi,

46 3323 210 3375 homo
263 3326 370 3376 fere
422 3328 612 3377 eadem
664 3328 865 3390 officia,
920 3346 1057 3395 quae
1098 3346 1224 3394 erga
1264 3347 1321 3379 se
1361 3331 1560 3395 ipsum,
1615 3330 1774 3379 etiam
1817 3345 1944 3394 erga
