2182 3682
199 158 264 220 38
601 164 715 194 PARS
749 164 777 193 Ι.
829 163 1148 193 PHILOSOPHIA
1182 162 1386 193 MORALIS
1421 163 1698 193 GENERALIS.

196 301 572 352 Voluntarium
600 301 898 366 positivum
952 309 1005 349 et
1056 300 1367 365 negativum
1408 316 1438 348 a
1477 299 1747 349 veteribus
1787 298 2104 367 plerumque

194 390 417 433 vocatur
454 383 713 433 directum
756 391 809 432 et
850 381 1167 431 z'ndz'recz‘mn
1211 379 1284 444 (S.
1338 380 1522 431 leom.
1575 396 1616 443 Ι,
1662 395 1708 443 2,
1754 399 1804 448 q.
1848 382 1898 442 6,
1942 398 1986 432 a.
2033 383 2101 448 3).

195 466 543 516 Recentiores
583 465 736 515 multi
787 472 966 515 autem
1019 463 1123 513 hoc
1165 464 1381 513 nomine
1422 463 1707 530 designant
1744 462 2104 514 voluntarium

194 548 252 598 in
290 566 347 598 se
387 557 441 598 et
481 548 536 597 in
577 564 754 597 causa.
837 545 1214 596 Voluntarium
1269 546 1326 595 2'72
1378 545 1492 595 alio
1547 545 1704 596 latius
1755 553 1904 612 patet
1943 563 2105 612 quam

193 629 550 680 voluntarium
592 629 901 695 negativum
943 628 1317 692 (indirectum).
1376 626 1553 678 Omne
1581 628 1722 678 enim
1747 628 2104 680 voluntarium

194 713 527 779 negativum,
581 712 609 762 i.
656 730 698 761 e.
744 712 797 762 id
840 711 990 777 quod
1030 711 1270 776 sequitur
1322 727 1391 759 ex
1433 711 1746 772 omissione,
1800 719 1883 761 est
1920 710 2102 762 volun-

194 796 385 845 tarium
426 795 477 844 in
518 794 639 861 adio,
684 795 780 844 sed
822 811 934 843 non
971 794 1272 855 viceversa3

275 888 318 940 5.
373 877 611 939 acfztale,
653 876 920 936 virtuale,
962 875 1239 941 lcabz'luale
1256 917 1270 938 ,
1313 874 1798 943 ἱηΐι)φνεῖαίὶῖίιυῃ
1877 875 2106 956 {lgqa-lf

194 970 274 1010 est
314 958 468 1021 illud,
523 959 673 1026 quod
715 976 745 1009 a
784 958 1060 1009 voluntate
1102 957 1378 1008 actualiter
1416 957 1670 1008 influente
1710 957 1940 1024 pendet3
1995 959 2103 1009 vir-

193 1043 364 1104 tuale,
422 1043 570 1109 quod
612 1059 643 1092 a
681 1042 957 1092 voluntate
1010 1041 1213 1108 pendet
1267 1041 1318 1090 vi
1358 1049 1509 1090 actus
1564 1041 1707 1108 prius
1760 1041 1919 1107 positi
1959 1048 2012 1091 et
2051 1042 2104 1091 in

194 1126 465 1175 actionem
517 1124 695 1190 aliquo
750 1125 916 1174 modo
969 1123 1189 1173 influere
1242 1124 1540 1189 pergentis;
1595 1122 1900 1184 habituale,
1954 1123 2103 1189 quod

194 1208 395 1274 pendet
434 1224 465 1257 a
491 1207 769 1258 voluntate
809 1207 993 1257 habita
1033 1216 1086 1256 et
1113 1224 1221 1256 non
1251 1213 1546 1271 retractata.
1610 1205 1704 1255 Ad
1744 1206 2103 1256 voluntarium

193 1290 431 1340 virtuale
470 1291 778 1356 requiritur,
832 1298 890 1340 ut
931 1290 1123 1350 homo,
1183 1289 1314 1338 dum
1365 1289 1505 1354 agit,
1559 1289 1627 1338 sit
1666 1289 1745 1338 sui
1785 1305 2012 1355 compos
2052 1296 2105 1339 et

192 1372 430 1422 humano
490 1373 657 1422 modo
718 1373 925 1438 operari
979 1372 1163 1438 possit.
1246 1369 1335 1421 Sic
1386 1389 1432 1420 v.
1479 1388 1529 1437 g.
1574 1371 1651 1432 ei,
1709 1371 1798 1436 qui
1853 1371 2105 1421 distracte

193 1455 444 1521 baptizat,
503 1453 600 1504 sed
651 1456 702 1505 vi
742 1456 929 1521 prioris
968 1453 1292 1514 voluntatis,
1348 1453 1646 1519 baptismus
1698 1462 1778 1503 est
1817 1453 2106 1503 virtualiter

192 1537 544 1601 voluntarius3
586 1537 947 1601 voluntarium
989 1536 1283 1597 habituale,
1327 1543 1486 1603 prout
1514 1553 1544 1586 a
1571 1535 1776 1586 virtuali
1818 1544 1871 1586 et
1910 1535 2105 1586 actuali

194 1620 558 1685 distinguitur,
613 1637 908 1686 numquam
970 1610 1224 1670 habetur
1255 1611 1307 1668 in
1342 1615 1567 1669 'actibus
1621 1619 1839 1668 internis
1889 1625 2103 1669 nostrae

194 1703 441 1768 propriae
481 1701 798 1764 voluntatis,
854 1703 950 1752 sed
990 1702 1165 1752 solum
1208 1702 1259 1750 in
1301 1701 1508 1751 actibus
1549 1702 1786 1751 externis
1824 1700 1908 1751 vel
1949 1701 2101 1751 effec-

194 1785 335 1835 tibus
376 1802 578 1850 eorum.
660 1784 748 1836 Sic
804 1784 1142 1841 habitualiter
1181 1783 1508 1833 voluntariae
1550 1801 1666 1833 esse
1707 1791 1932 1850 possunt
1971 1782 2127 1834 blas-.

193 1867 441 1934 phemiae
482 1868 534 1918 in
576 1868 835 1918 ebrietate
876 1868 1208 1918 commissae.
1272 1867 1449 1916 Etiam
1490 1874 1641 1916 actus
1681 1865 1884 1916 alienae
1923 1865 2107 1916 volun-

194 1950 317 2000 tatis
369 1950 525 2000 nobis
576 1949 915 2000 habitualiter
966 1949 1247 1999 voluntarii
1299 1965 1415 1998 esse
1456 1957 1697 2015 possunt.
1778 1948 2106 2014 Interpreta-

194 2033 361 2082 tiz'nm
405 2041 486 2082 est
525 2032 668 2082 idem
711 2033 861 2098 quod
901 2027 1269 2082 voluntarium
1301 2032 1357 2081 2'72
1398 2031 1546 2094 al2'0;

269 2115 317 2164 6.
364 2113 415 2165 V
411 2114 745 2164 oluntarium
786 2114 1110 2180 simpliciser
1151 2123 1203 2163 et
1244 2113 1610 2163 volzmtarz‘um
1638 2113 1921 2163 secundum
1961 2113 2105 2179 quid.

194 2196 332 2247 Illud
373 2204 454 2247 est
492 2197 576 2258 id,
634 2198 783 2264 quod
824 2196 1073 2247 voluntas
1112 2196 1197 2246 hic
1240 2205 1292 2246 et
1332 2213 1473 2246 nunc
1515 2197 1582 2245 de
1638 2196 1781 2246 facto
1823 2194 2109 2246 efficaciter

192 2278 321 2345 vult,
366 2279 490 2329 licet
528 2279 702 2329 solum
743 2287 1004 2346 quantum
1047 2288 1128 2329 est
1167 2279 1524 2329 necessarium
1561 2279 1629 2328 ad
1658 2276 1878 2344 aliquod
1908 2277 2106 2328 malum

196 2361 491 2411 vitandum.
548 2361 926 2431 Voluntarium
953 2362 1251 2411 secundum
1280 2361 1411 2427 quid
1440 2369 1520 2410 est
1558 2361 1629 2421 id,
1673 2360 1821 2426 quod
1861 2359 2109 2411 voluntas

195 2443 281 2493 hic
323 2452 377 2493 et
418 2461 557 2494 nunc
613 2432 723 2506 non
764 2443 904 2505 vult,
967 2444 1063 2493 sed
1104 2442 1294 2504 vellet,
1353 2444 1397 2493 si
1452 2435 2109 2492 circumstantiaeforent

190 2524 340 2585 aliae.
422 2515 800 2576 Voluntarium
855 2525 1165 2592 simpliciter
1216 2543 1324 2575 non
1381 2532 1461 2574 est
1500 2523 2107 2575 confundendum‘cum

194 2607 496 2658 voluntario
526 2617 672 2674 pure
728 2618 781 2659 et
810 2609 1079 2674 perseam,
1139 2608 1286 2674 quod
1342 2606 1402 2657 fit
1454 2606 1614 2673 pleno
1655 2605 1944 2657 voluntatis
1984 2623 2105 2656 con-

195 2707 355 2740 sensu
414 2692 526 2740 sine
581 2691 915 2740 admixtione
974 2689 1327 2740 involuntarii.
1423 2687 1559 2738 Cum
1628 2689 1973 2755 praecedenti
2035 2689 2106 2738 di-

196 2773 481 2823 stinctione
521 2774 704 2823 intime
747 2773 1000 2823 cohaeret
1041 2773 1311 2822 distinctio
1352 2771 1700 2821 involuntarii.

270 2854 705 2925 Imrolz-cssnrzfcrzfz-'mn
745 2855 1072 2920 simpliciter
1111 2862 1192 2904 est
1230 2853 1374 2915 illud,
1419 2853 1564 2919 quod
1594 2853 1661 2902 de
1691 2853 1833 2902 facto
1861 2851 2106 2903 voluntas

190 2937 282 3001 hic
324 2944 377 3001 et
417 2954 557 2986 nunc
589 2924 707 2987 non
747 2937 883 2998 vult,
939 2936 1064 2986 licet
1103 2926 1151 2986 ei
1191 2936 1502 3002 ceteroquin
1541 2934 1767 3001 placeat.
1846 2934 2093 2997 Involun-

196 3019 401 3069 larium
440 3020 720 3069 secundnm
761 3019 896 3085 quid
930 3028 1025 3079 est,
1070 3019 1219 3084 quod
1259 3018 1508 3068 voluntas
1548 3017 1616 3066 de
1657 3017 1799 3067 facto
1839 3016 1966 3078 vult,
2009 3017 2105 3079 sed

198 3101 347 3167 quod
389 3118 496 3151 non
537 3100 698 3151 vellet
750 3102 801 3150 in
841 3100 942 3150 alia
982 3100 1366 3166 suppositione.
1449 3098 1715 3149 Coincidit
1755 3116 1884 3165 ergo
1923 3116 2106 3149 secun-

199 3183 328 3232 dum
369 3201 481 3232 rem
522 3182 731 3247 (saltem
773 3183 1055 3245 ordinarie)
1098 3200 1220 3232 cum
1261 3181 1560 3232 voluntario
1600 3180 1909 3247 simpliciter
1923 3197 1934 3243 ;

276 3277 323 3328 7.
368 3265 793 3315 involmzlarimaz
838 3264 1184 3329 prz'valz'vmlz
1240 3271 1294 3314 et
1340 3263 1653 3329 posz'tivzmz.
1748 3263 1978 3313 Positive
2033 3263 2105 3312 in-

198 3345 553 3396 voluntarium
594 3354 688 3408 est,
734 3346 880 3412 quod
921 3345 980 3394 fit
1019 3345 1293 3395 voluntate
1333 3345 1559 3411 positive
1600 3353 1945 3411 repugnante.
1988 3336 2004 3337 ’ἶ
2026 3344 2109 3411 192
