2182 3682
226 185 378 216 CAPUT
411 184 489 214 VII.
541 183 602 212 DE
638 182 878 212 PROPRIET.
913 180 1186 210 BONITATEM
1220 181 1277 208 ET
1312 179 1550 208 MALITIAM
1586 179 1775 214 CONSEQ.
1867 169 1960 231 185

77 331 224 373 221.
304 327 470 367 PARS
500 327 554 366 ΙΙ.
622 326 793 376 Quoad
823 325 1055 364 meritum.

147 405 311 452 Prob.
352 418 392 451 1.
467 403 616 453 Deus
670 401 871 452 homini
930 417 1023 467 per
1074 400 1245 465 ipsam
1297 405 1516 448 naturae
1568 414 1759 447 vocem
1809 396 1970 447 beati-

74 486 313 537 tudinem
352 484 593 551 promisit
631 484 731 534 sub
774 483 1090 533 condicione
1145 496 1372 531 onerosa
1412 479 1687 530 custodiae
1728 480 1855 529 recti
1896 496 1971 528 or-

75 568 224 628 dinis,
267 575 320 617 et
360 567 578 633 quidem
619 566 883 616 diversam
923 582 1019 630 pro
1062 563 1272 613 diverso
1303 562 1474 628 gradu
1503 561 1658 611 huius
1699 561 1973 610 custodiae

75 650 143 714 (n.
190 660 256 712 27
298 656 350 698 et
391 665 439 698 n.
491 648 627 713 173).
698 648 851 712 Ergo
892 663 987 712 per
1026 646 1188 695 vitam
1228 643 1453 694 honeste
1494 649 1669 693 actam
1698 642 1974 708 quoddam

77 731 321 781 meritum
362 730 506 796 apud
548 730 727 779 Deum
768 729 1008 794 acquirit.

149 819 306 868 Prob.
351 836 484 868 cons.
566 817 659 867 Ad
701 817 949 867 meritum
990 816 1315 881 condignum
1359 813 1486 864 nihil
1527 813 1830 879 requiritur,
1881 813 1977 862 nisi

77 909 133 951 ut
172 900 361 967 aliquis
414 901 465 949 in
522 899 736 950 alterius
792 898 1074 948 utilitatem
1128 896 1213 946 vel
1269 896 1531 946 honorem
1586 894 1786 960 aliquid
1828 894 1978 959 quasi

77 1000 248 1044 suum,
292 983 322 1032 i.
354 999 398 1032 e.
441 998 473 1032 a
511 999 609 1031 suo
650 981 865 1031 arbitrio
909 979 1221 1046 dependens
1261 978 1468 1044 sibique
1510 993 1811 1036 onerosum,
1856 992 1977 1025 con-

78 1065 232 1126 ferat,
287 1081 522 1130 quocum
573 1064 639 1113 sit
680 1079 890 1113 conexa
944 1061 1225 1129 promissio
1266 1060 1500 1126 praemii.
1580 1058 1750 1124 Atqui
1784 1064 1978 1107 utrum-

79 1165 185 1214 que
225 1146 433 1197 obtinet
473 1145 653 1212 quoad
707 1146 944 1195 actiones
995 1143 1249 1194 honestas
1301 1141 1530 1192 hominis
1571 1147 1817 1207 respectu
1858 1139 1976 1189 Dei.

85 1229 239 1294 Ergo
284 1271 290 1278 .
339 1271 347 1279 .
394 1271 402 1278 .

159 1319 323 1366 Prob.
363 1332 405 1365 2.
483 1316 567 1366 Ex
623 1316 851 1366 hominis
907 1314 1161 1365 relatione
1227 1314 1295 1363 ad
1356 1313 1533 1363 Deum
1605 1319 1660 1361 ut
1714 1317 1980 1361 ‘rectorem

82 1400 264 1449 mundi
305 1399 532 1449 moralis.
615 1397 892 1464 Quidquid
949 1397 1113 1447 homo
1166 1396 1336 1446 meriti
1393 1395 1555 1444 habet
1596 1394 1739 1459 apud
1781 1394 1980 1443 univer-

80 1480 245 1532 salem
301 1482 614 1532 societatem
673 1481 909 1530 omnium
967 1480 1166 1529 entium
1221 1476 1553 1528 rationalium
1611 1476 1792 1525 divino
1853 1475 1981 1541 regi-

83 1564 208 1614 mini
262 1563 588 1624 subiectam,
647 1563 699 1612 id
757 1562 921 1612 habet
977 1562 1121 1627 apud
1181 1561 1384 1621 Deum,
1445 1560 1555 1609 eius
1612 1566 1874 1608 rectorem
1930 1566 1982 1607 et

83 1645 379 1696 custodem.
460 1645 630 1711 Atqui
674 1645 819 1711 apud
870 1643 1011 1693 illam
1064 1643 1378 1693 societatem
1429 1640 1651 1707 quilibet
1703 1647 1852 1690 actus
1893 1639 1982 1689 ho-

87 1736 270 1779 nestus
310 1736 389 1778 est
430 1727 728 1777 meritorius
770 1728 838 1791 (n.
885 1727 1026 1789 218).
1108 1725 1261 1790 Ergo
1304 1733 1356 1774 et
1397 1724 1540 1790 apud
1583 1724 1776 1773 Deum.

159 1817 487 1868 Probsmjn.
580 1815 769 1867 Omnis
826 1817 965 1866 enim
1020 1824 1171 1866 actus
1226 1815 1400 1865 bonus
1456 1814 1505 1877 a)
1564 1812 1768 1879 perficit
1824 1830 1984 1862 mem-

86 1901 243 1951 brum
283 1898 417 1949 illius
459 1900 855 1949 communitatis
908 1906 960 1948 et
1011 1898 1243 1947 mediate
1300 1896 1738 1946 communitatem
1785 1895 1980 1960 ipsam3

85 1983 141 2047 b)
184 1982 382 2032 directe
423 1981 609 2048 implet
650 1982 891 2031 ordinem
949 1980 1275 2040 rationalem,
1331 1980 1383 2028 in
1432 1996 1539 2045 quo
1593 1978 1795 2027 bonum
1845 1993 1984 2044 com-

87 2082 246 2115 mune
287 2063 422 2115 illius
461 2065 731 2114 societatis
773 2064 1010 2114 consistit
1052 2062 1126 2127 (ὸῖ
1183 2061 1366 2111 Tlmm.
1420 2076 1461 2121 1,
1508 2074 1553 2121 2,
1598 2078 1646 2126 q.
1695 2073 1779 2121 21,
1823 2076 1867 2109 a.
1913 2059 1981 2122 4).

92 2209 237 2249 222.
360 2196 561 2248 Coroll.
637 2197 782 2263 Ergo
823 2199 874 2247 in
917 2197 1102 2248 ordine
1144 2195 1366 2246 naturali
1409 2194 1678 2262 quaelibet
1718 2194 1857 2244 actio
1900 2193 1985 2242 de-

91 2279 312 2330 liberata
352 2279 595 2341 hominiS,
639 2281 727 2346 qui
768 2278 913 2329 nullo
956 2280 1243 2329 obstrictus
1295 2286 1375 2329 est
1416 2286 1642 2344 peccato
1685 2276 1859 2342 gravi,
1901 2284 1990 2325 aut

89 2369 228 2411 esset
268 2361 534 2412 meritoria
574 2371 666 2411 aut
706 2370 990 2428 peccatum
1032 2361 1100 2425 (n.
1153 2362 1290 2425 113).

164 2449 337 2501 Sclml.
384 2465 431 2500 J.
513 2450 914 2517 Argumentum
967 2451 1264 2500 secundum
1316 2457 1529 2499 nostrae
1581 2447 1745 2498 thesis
1797 2445 1989 2513 probat

90 2532 268 2582 Deum
313 2533 364 2583 vi
416 2533 655 2583 zbtslz'tz'ae
705 2532 1081 2583 distributivae
1096 2573 1109 2592 ,
1162 2539 1537 2597 argumentum
1588 2547 1714 2580 vero
1763 2529 1991 2596 primum

90 2632 211 2665 eum
251 2615 334 2665 vel
385 2616 436 2665 vi
489 2615 727 2666 iustitiae
778 2614 1188 2665 commulaz‘ivae
1238 2613 1321 2663 vel
1362 2613 1552 2663 saltem
1609 2612 1667 2661 τί
1698 2610 1994 2678 fidelitatis

91 2697 257 2747 teneri
297 2699 366 2748 ad
410 2697 797 2748 remuneranda
848 2697 1047 2747 merita.
1129 2697 1215 2746 Ex
1256 2696 1608 2762 promissione
1650 2694 1789 2743 enim
1831 2693 1994 2741 oritur

92 2777 350 2845 obligatio
389 2779 472 2830 vel
501 2780 725 2830 iustitiae
754 2778 1168 2830 commutativae
1220 2777 1303 2828 vel
1359 2777 1548 2828 saltem
1590 2776 1792 2841 (rarius)
1834 2773 1994 2824 fideli-

92 2861 227 2922 tatiS,
272 2879 409 2927 quae
449 2861 556 2912 lato
597 2879 755 2912 sensu
783 2861 978 2912 iustitia
1006 2861 1183 2911 vocari
1210 2868 1403 2926 potest.
1474 2858 1757 2924 Quaeritur
1796 2865 1990 2917 autem,

93 2953 210 2996 utra
250 2944 510 3011 obligatio
549 2946 617 2995 sit
657 2944 956 2994 asserenda.

169 3027 319 3077 Haec
384 3027 626 3093 quaestio
691 3026 965 3093 dependet
1028 3043 1097 3075 ex
1156 3023 1389 3090 generali
1457 3023 1800 3089 quaestione,
1870 3037 1992 3070 num

94 3108 243 3159 Deus
280 3109 355 3159 sit
380 3118 556 3174 capax
581 3108 747 3159 debiti
773 3107 1013 3159 iustiliae
1041 3107 1449 3157 cellzzlzntalivae
1485 3104 1815 3171 (rigorosae)
1859 3119 1994 3167 erga

95 3198 391 3241 creaturas.
473 3190 783 3258 Affirmant
831 3190 1092 3240 eiusmodi
1144 3189 1387 3239 debitum
1440 3205 1509 3238 ex
1549 3186 1742 3237 iustitia
1780 3186 1832 3234 in
1872 3184 1994 3234 Deo

98 3289 212 3322 esse
267 3289 456 3339 posse:
511 3272 562 3324 S.
619 3273 1015 3334 Bonaventura‚
1071 3271 1264 3323 Suarez
1317 3272 1521 3337 (opusc.
1565 3269 1650 3318 De
1690 3267 1847 3317 iustit.
1891 3266 1995 3316 Dei

97 3362 223 3405 sect.
272 3355 336 3420 5),
380 3353 477 3405 alii.
558 3354 780 3423 Negant
828 3353 955 3406 Alb,
999 3354 1256 3423 Magum,
1312 3351 1534 3413 ScotuS,
1580 3350 1646 3401 de
1686 3349 1844 3417 Lugo
1887 3348 1992 3414 (De
