2182 3682
216 203 279 239 10
615 198 730 227 PARS
764 198 793 228 I.
844 198 1159 227 PHILOSOPHIA
1193 198 1398 227 MORALIS
1434 198 1710 228 GENERALIS.

279 335 437 386 Prob.
482 335 609 386 mai.
692 333 931 406 Quilibet
972 344 1052 386 est
1094 335 1342 385 dominus
1383 351 1565 384 earum
1607 352 1806 395 rerum,
1864 350 2004 401 quae
2043 335 2113 384 ad

203 420 376 484 ipsum
421 419 669 484 primario
710 419 1034 468 ordinantur.
1105 417 1182 468 Ut
1222 417 1359 466 enim
1390 417 1507 483 quis
1547 418 1716 483 possit
1743 416 1974 483 aliquam
2002 434 2114 466 rem

204 517 398 551 vocare
442 501 678 567 perfecte
713 518 879 560 suam,
923 501 1057 550 haec
1097 500 1164 549 ad
1204 499 1376 565 ipsum
1418 499 1648 548 ordinari
1690 499 1869 549 debet.
1945 499 2114 548 «Dici-

204 591 288 632 tur
315 600 430 632 esse
459 600 614 632 suum
642 583 876 643 alicuius,
916 582 1064 648 quod
1093 582 1199 631 ad
1189 598 1361 648 ipsum
1393 582 1693 631 ordinatur»
1729 580 1804 646 (S
1846 581 2111 642 leom1,

206 683 255 731 q.
303 679 395 726 21,
439 682 482 715 a.
536 680 553 714 Ι
603 664 671 714 ad
715 650 783 728 3).
865 663 921 715 Si
972 681 1102 730 ergo
1156 681 1238 713 res
1291 671 1501 713 creatae
1551 662 1832 713 ultimatim
1883 680 1992 730 non
2043 623 2113 714 ad

204 707 395 797 Deum,
437 747 831 807 ordinarentur,
882 733 978 796 sed
1030 735 1100 796 ad
1152 745 1294 795 aliud
1337 762 1456 806 ens,
1511 745 1616 795 hoc
1657 744 1798 795 aliud
1839 762 1935 795 ens
1974 754 2116 795 esset

206 829 521 895 perfectiore
562 846 720 878 sensu
761 847 941 878 earum
984 829 1232 878 dominus
1274 844 1435 893 quam
1476 828 1639 877 Deus.

281 913 446 960 Prob.
485 927 529 973 3.
616 911 776 960 Nulla
827 911 1085 977 perfectio
1138 910 1447 976 simpliciter
1498 909 1730 976 simplex
1785 917 1840 960 et
1894 919 2116 978 propter

204 1011 261 1044 se
312 995 481 1060 ipsam
535 993 839 1060 appetibilis
880 995 1001 1043 Deo
1055 994 1243 1043 deesse
1284 1001 1480 1059 potest.
1563 992 1736 1058 Atqui
1783 1010 1901 1043 esse
1952 981 2114 1043 finem

204 1076 448 1126 ultimum
472 1077 711 1126 omnium
734 1084 1092 1126 creaturarum
1114 1085 1195 1126 est
1223 1076 1483 1125 eiusmodi
1511 1074 1785 1141 perfectio.
1828 1064 2110 1142 E7go*}†.

207 1215 264 1267 8-
381 1234 547 1272 PARS
578 1234 633 1271 II.
697 1233 792 1271 Dei
821 1233 974 1282 gloria
1010 1235 1213 1271 externa
1249 1235 1330 1271 est
1359 1232 1474 1270 finis
1509 1232 1735 1270 absolute
1771 1231 1965 1269 ultimus
2013 1242 2112 1269 om-

205 1302 334 1339 nium
370 1304 709 1339 creaturarum.

283 1405 448 1452 Prob.
492 1419 531 1451 1.
621 1403 794 1463 Deus,
838 1412 894 1452 ut
936 1403 1101 1451 modo
1145 1403 1429 1468 probatum
1474 1409 1577 1471 est,
1622 1419 1810 1451 omnes
1850 1409 2116 1464 creaturas

205 1486 486 1549 ultimatim
554 1494 774 1552 propter
829 1486 1177 1551 semetipsum
1230 1484 1356 1534 vult.
1450 1484 1622 1550 Atqui
1671 1485 1890 1534 easdem
1941 1483 2115 1543 solum

206 1577 426 1618 eatenus
454 1577 675 1635 propter
702 1586 757 1618 se
785 1569 961 1634 ipsum
990 1566 1125 1617 velle
1155 1575 1348 1638 potest,
1381 1576 1644 1633 quatenus
1670 1567 1721 1616 in
1751 1568 1860 1616 eius
1889 1566 2112 1632 gloriam

206 1652 542 1713 ordinantur,
599 1652 627 1701 i.
673 1669 716 1701 e.
774 1660 1033 1717 quatenus
1072 1666 1182 1699 sua·
1219 1651 1459 1699 bonitate
1501 1659 1679 1700 creata
1717 1648 2113 1699 similitudinem

205 1734 463 1783 exhibent
505 1734 711 1783 divinae
754 1734 1007 1783 bonitatis
1049 1749 1276 1798 eamque
1317 1731 1670 1782 manifestant.
1734 1732 1888 1797 Ergo
1919 1774 1927 1781 .
1963 1773 1972 1782 .

277 1816 434 1866 Proh.
479 1816 605 1866 min.
676 1816 800 1866 Non
857 1816 997 1865 enim
1049 1823 1231 1881 potest
1282 1832 1349 1864 ex
1403 1815 1653 1864 creaturis
1705 1805 1987 1864 utilitatem
2026 1814 2111 1864 vel

206 1899 596 1965 perfectionem
636 1898 868 1964 aliquam
910 1915 1116 1964 capere.

283 1983 447 2029 Prob.
488 1996 530 2029 2.
619 1982 768 2030 Deus
810 1998 988 2031 creare
1030 1998 1134 2029 non
1190 1987 1397 2046 potest,
1454 1980 1578 2045 quin
1621 1980 1872 2049 creaturis
1913 1980 1981 2028 de
2021 1997 2114 2030 sua

204 2064 444 2129 bonitate
486 2064 846 2113 communicet
886 2071 1046 2129 atque
1088 2063 1160 2112 ita
1200 2062 1573 2112 excellentiam
1615 2079 1766 2111 suam
1794 2062 2110 2113 manifestet.

206 2145 355 2196 Sicut
407 2147 545 2195 enirn
590 2163 750 2195 omne
791 2163 958 2211 agens
999 2146 1110 2210 agit
1150 2145 1250 2194 sibi
1291 2144 1485 2205 simile,
1539 2145 1611 2194 ita
1651 2145 1811 2193 etiam
1851 2145 2114 2210 quidquid

206 2229 355 2278 Deus
398 2238 568 2289 creat,
613 2230 722 2278 eius
763 2228 1160 2278 similitudinem
1201 2227 1421 2276 exhibet
1461 2235 1514 2276 et
1554 2227 1664 2276 eius
1703 2227 1961 2277 infinitam
2001 2244 2114 2293 per-

206 2310 491 2360 fectionem
544 2303 960 2376 aliquo'saltem
1017 2310 1183 2359 modo
1239 2318 1617 2375 repraesentat.
1697 2309 1868 2376 Atqui
1904 2309 1986 2370 id,
2044 2309 2114 2359 ad

206 2393 352 2458 quod
394 2410 476 2442 res
516 2402 702 2443 natura
741 2411 834 2442 sua
877 2393 1216 2453 ordinantur,
1260 2392 1409 2441 Deus
1450 2393 1610 2441 etiam
1650 2400 1710 2441 ut
1749 2391 1912 2442 finem
1950 2393 2114 2459 inten-

207 2475 332 2524 dere
375 2476 676 2525 censendus
717 2484 810 2524 est.
881 2475 1036 2540 Ergo
1069 2518 1075 2524 .
1114 2517 1120 2523 .
1155 2516 1161 2524 .
1208 2474 1487 2524 Praeterea
1528 2476 1770 2540 quamvis
1798 2475 1948 2524 Deus
1977 2490 2114 2525 crea—

205 2558 358 2618 tione,
403 2558 560 2607 etiarn
615 2558 915 2607 necessario
958 2558 1212 2606 creaturis
1252 2549 1570 2606 benefacere
1610 2557 1880 2618 intendat,
1934 2565 2114 2607 tamen

205 2640 407 2689 bonum
466 2648 739 2689 creaturae
795 2640 941 2689 bono
985 2640 1087 2689 Dei
1141 2648 1330 2705 utpote
1383 2638 1553 2688 altiori
1601 2639 1987 2688 subordinetur
2027 2656 2114 2689 ne-

207 2739 353 2771 cesse
395 2730 490 2772 est.

211 2873 266 2925 9·
383 2879 550 2917 PARS
582 2879 658 2917 III.
714 2879 848 2916 Finis
884 2879 1077 2916 ultimus
1112 2881 1436 2917 creaturarum
1471 2877 1816 2916 irrationaIium
1852 2881 1933 2916 est
1961 2878 2115 2927 gloria

207 2946 302 2984 Dei
334 2946 586 2984 objectiva.

283 3048 450 3095 Prob.
531 3046 818 3121 Quaelibet
871 3056 1108 3097 creatura
1161 3047 1385 3112 gloriam
1425 3047 1547 3097 Deo
1599 3046 1785 3095 afferre
1833 3045 1997 3095 debet
2048 3063 2113 3095 eo
2175 3091 2180 3094 .

208 3129 374 3178 modo
417 3146 524 3195 quo
567 3138 762 3194 potest.
834 3130 998 3196 Atqztz
1036 3138 1307 3179 creaturae
1346 3127 1677 3178 irrationales
1705 3128 1826 3177 Deo
1869 3145 1977 3178 non
2017 3128 2114 3177 nisi

200 3202 434 3276 gloriam
476 3211 796 3261 obiectivam
837 3212 1021 3261 afferre
1063 3219 1300 3277 possunt.
1370 3211 1525 3276 Euge
1565 3211 1634 3259 ad
1669 3210 1806 3259 hanc
1834 3209 2113 3260 ultimatim

212 3293 533 3342 ordinantur.
626 3292 769 3362 ῌ1116
820 3294 979 3343 etiam
1033 3301 1256 3359 apparet
1309 3310 1399 3342 cur
1438 3293 1589 3341 Deus
1640 3308 1892 3357 magnam
1943 3309 2112 3341 rerum

210 3374 519 3423 varietatem
562 3358 794 3424 condere
834 3359 1085 3424 voluerit:
1130 3391 1250 3423 cum
1292 3374 1432 3423 enirn
1473 3381 1760 3433 creaturae,
1803 3374 2112 3439 praesertim
