2182 3682
208 165 308 218 160
605 174 717 206 PARS
752 178 779 207 1.
832 175 1147 206 PHILOSOPHIA
1181 176 1390 205 MORALIs
1425 176 1706 206 GENERALIS.
1752 189 1759 195 ·

210 311 352 377 187.
471 313 649 366 Schol.
732 315 812 365 Re
863 332 895 365 a
947 316 1102 365 nobis
1158 331 1265 364 non
1323 314 1596 374 differunt,
1656 313 1745 379 qui
1799 328 2106 378 supremum

201 396 517 462 principium
558 398 631 447 sic
673 398 978 448 enuntiant:
1023 397 1256 446 Rectum
1285 404 1505 446 naturae
1546 393 1815 445 rationalis
1857 411 1963 459 qua
1989 392 2109 443 talis

203 479 446 528 ordinem
498 479 677 530 serva!
757 480 898 529 Nam
945 487 1123 529 rectus
1174 478 1310 528 ordo
1351 486 1570 528 naturae
1620 478 1672 526 in
1728 493 1793 527 eo
1851 475 2106 537 consistit,

202 569 260 610 ut
298 560 463 611 homo
504 562 634 612 vitet
674 561 813 612 mala
854 570 907 611 et
948 561 1105 611 faciat
1145 561 1304 621 bona,
1348 577 1485 626 quae
1514 558 1868 610 necessariam
1907 557 2111 608 habent

210 643 565 694 honestatem.

937 740 1266 781 ARTICULUS
1300 742 1372 780 VI.

815 821 908 867 DE
944 821 1128 868 LEGE
1165 821 1497 868 POSITIVA.

376 906 516 958 188.
597 913 624 968 ξ
663 927 696 956 1.
747 917 826 955 DE
858 917 1129 956 NOTIONE
1162 917 1333 957 LEGIS
1367 917 1675 956 PosiTIVAE
1708 917 1957 967 EIUSQUE

594 984 963 1025 HABITUDINE
996 985 1079 1024 AD
1112 985 1315 1024 LEGEM
1348 985 1728 1025 NATURALEM.

267 1064 330 1117 (S.
374 1067 513 1105 lem.
554 1077 587 1114 1,
625 1077 662 1115 2,
699 1080 736 1118 q.
774 1077 841 1116 91,
878 1082 913 1107 a.
951 1078 999 1118 3,
1035 1082 1073 1120 q.
1111 1076 1162 1119 95
1200 1074 1239 1106 et
1273 1068 1341 1116 96.
1406 1068 1561 1120 flIeyer,
1596 1067 1775 1106 Institut.
1809 1067 1884 1105 iur.
1919 1072 2002 1105 nat.
2036 1066 2068 1113 I,

544 1148 583 1172 n.
620 1134 717 1183 287.
782 1135 953 1182 Portas,
988 1134 1222 1187 Compend.
1257 1135 1407 1186 philos.
1442 1148 1543 1173 mor.
1580 1148 1620 1173 n.
1657 1132 1777 1186 399.)

295 1235 335 1271 Ι.
380 1220 693 1270 Αἐτεέςὶίας
732 1221 873 1287 legis
901 1223 1193 1287 positivae.
1277 1222 1396 1271 Lex
1451 1220 1701 1271 naturalis
1742 1228 1823 1271 est
1863 1220 2121 1288 quodam-
2181 1220 2182 1226 ’

212 1303 378 1352 1110(10
420 1303 694 1369 primarius
724 1313 776 1354 et
806 1304 1216 1355 fundamentalis
1244 1303 1518 1370 impulsus,
1564 1321 1671 1370 quo
1703 1304 1851 1354 Deus
1877 1321 1973 1354 sua
2001 1302 2121 1369 lege

212 1394 429 1436 aeterna
468 1403 565 1452 per
604 1386 776 1452 ipsam
816 1396 1061 1437 naturam
1090 1396 1356 1437 creaturas
1385 1385 1670 1437 rationales
1697 1387 1748 1436 in
1778 1386 1940 1436 finem
1967 1401 2120 1435 suum

214 1476 410 1518 movet.
482 1467 692 1534 Quodsi
733 1468 822 1518 lex
862 1469 1115 1519 naturalis
1156 1487 1253 1536 pro
1284 1469 1535 1537 omnibus
1564 1469 1776 1519 casibus
1817 1476 1872 1519 et
1903 1469 2122 1518 circum-

212 1550 419 1600 stantiis
457 1550 741 1612 sufficeret,
785 1569 892 1601 non
934 1569 1071 1629 opus
1112 1561 1252 1602 esset
1293 1552 1392 1601 alia
1434 1551 1581 1618 lege3
1624 1551 1719 1602 sed
1749 1558 1994 1617 spectata
2034 1553 2128 1622 {1}ss

203 1633 413 1711 iventia
451 1633 591 1682 vitae
631 1633 841 1691 socialis
893 1652 1001 1683 non
1053 1634 1249 1684 sufficit
1305 1651 1375 1684 ex
1426 1633 1616 1710 triplici
1657 1650 1846 1684 causa:
1904 1633 1973 1714 Ι)
1998 1633 2120 1716 (11113

214 1706 390 1765 50111111
430 1697 674 1781 quoadb
643 1716 970 1778 ΟΓ01101311013
998 1717 1255 1783 plincipia
1283 1726 1363 1766 est
1392 1707 1641 1766 omnibus
1669 1715 1968 1778 manifesta;
2013 1732 2122 1781 quo

216 1799 387 1863 magis
429 1798 495 1848 ad
538 1798 881 1864 particulares
923 1799 1296 1849 conclusiones
1326 1799 1685 1860 descenditur,
1730 1815 1794 1848 eo
1824 1798 1992 1847 maior
2031 1797 2120 1846 ha-

215 1880 372 1930 betur
412 1881 724 1947 opinionum
766 1881 1055 1932 diversitas.
1127 1881 1280 1948 Opus
1309 1890 1389 1931 est
1417 1898 1546 1947 ergo
1589 1881 1904 1932 auctoritate
1932 1879 2122 1946 aliqua,

216 1979 353 2028 quae
394 1961 506 2013 illas
548 1963 920 2014 conclusiones
950 1964 1186 2014 deducat
1215 1973 1267 2014 et
1296 1964 1546 2014 omnibus
1575 1972 1853 2030 tamquam
1880 1979 2125 2013 normam

216 2045 411 2111 agendi
450 2046 793 2118 praescribat.
863 2046 1121 2112 Alioquin
1151 2064 1259 2096 non
1287 2046 1573 2096 haberetur
1600 2046 1772 2096 unitas
1812 2046 1863 2095 in
1893 2045 2124 2111 agendo,

217 2145 354 2193 quae
410 2128 478 2177 ad
534 2116 725 2194 pacem
781 2137 834 2178 et
891 2129 1134 2179 ordinem
1191 2129 1462 2179 societatis
1518 2129 1812 2195 requiritur
1901 2128 1964 2203 g)
2005 2126 2126 2177 Lex

215 2210 466 2260 naturalis
507 2210 674 2260 multa
714 2211 888 2261 solum
942 2212 990 2261 in
1047 2229 1242 2278 genere
1283 2221 1377 2261 seu
1417 2211 1827 2281 indeterminate
1869 2211 2122 2261 continet.

217 2291 305 2343 Sic
355 2311 401 2343 1
491 2294 825 2360 .praecipit‚
885 2303 942 2343 ut
995 2294 1190 2344 delicta
1240 2295 1291 2344 in
1345 2295 1603 2344 societate
1659 2283 1971 2360 puniantur,
2029 2292 2126 2342 sed

217 2334 480 2440 poenamb
492 2392 600 2425 non
644 2376 964 2426 determinat
1006 2394 1180 2442 neque
1222 2377 1443 2427 modum
1487 2376 1666 2427 iudicii
1694 2383 1794 2426 etc,
1855 2374 2009 2442 Opus
2049 2382 2129 2425 est

217 2474 346 2523 ergo
389 2459 706 2508 auctoritate
747 2458 937 2526 aliqua,
983 2475 1121 2525 quae
1162 2459 1295 2509 haec
1325 2460 1394 2509 ad
1424 2466 1664 2508 mentem
1704 2457 1838 2524 legis
1878 2443 2129 2508 naturalis

217 2539 549 2591 determinet.
631 2540 745 2591 Sub
797 2541 897 2591 hac
940 2542 1382 2592 determinatione
1436 2541 1596 2590 etiam
1637 2532 2126 2606 comprehenditur,

217 2623 364 2687 quod
418 2622 579 2689 aliqui
630 2623 986 2673 ex'isenszonem
1043 2623 1176 2689 legis
1232 2623 1482 2674 naturalis
1533 2622 1615 2673 vel
1673 2623 2004 2673 addi'tzonem
2057 2622 2126 2672 ad

217 2705 443 2754 eandem
504 2713 715 2773 xjocant.
797 2706 939 2755 Nam
987 2705 1076 2756 lex
1132 2705 1383 2756 naturalis
1439 2704 1849 2771 comprehendit
1902 2704 2128 2755 indeter-

217 2787 413 2836 minate
455 2795 630 2837 totum
671 2788 915 2838 ordinem
954 2787 1222 2838 socialem
1294 2786 1572 2854 Quidquid
1601 2804 1731 2853 ergo
1772 2786 1861 2837 lex
1901 2787 2129 2877 positiva

217 2869 426 2929 statuit,
486 2880 629 2920 recte
671 2879 727 2920 ut
769 2870 1143 2920 determinatio
1200 2870 1332 2936 legis
1389 2868 1640 2920 naturalis
1696 2870 2024 2936 concipitur,
2083 2869 2126 2918 51

218 2967 280 3000 03
320 2952 547 3017 excipis,
608 2969 746 3018 quae
787 2953 891 3002 iam
932 2954 984 3002 in
1025 2969 1087 3003 ea
1127 2953 1199 3002 ita
1241 2953 1606 3013 continentur,
1666 2960 1725 3001 ut
1763 2969 1859 3018 per
1898 2951 2124 3001 modum

218 3032 576 3083 conclusionis
632 3035 829 3085 deduci
883 3036 1105 3101 possint.
1191 3035 1241 3099 3)
1297 3035 1476 3084 Etiam
1531 3049 1669 3100 quae
1726 3034 1847 3099 lege
1899 3031 2124 3083 naturali

219 3115 358 3165 clare
399 3117 948 3182 compiehenduntur‚
1003 3104 1246 3183 indigent
1296 3124 1567 3166 sanclzone
1607 3114 1784 3182 aliqua
1825 3114 2121 3182 temporali,

218 3206 276 3246 ut
332 3214 440 3262 pax
495 3207 547 3248 et
602 3199 857 3249 securitas
911 3199 1154 3248 societati
1210 3198 1508 3248 necessaria
1566 3206 1924 3269 conservetur.
2020 3196 2124 3246 Hic

219 3280 359 3329 enim
400 3279 515 3330 finis
556 3280 660 3330 iam
711 3281 763 3330 in
818 3280 918 3330 hac
971 3289 1108 3330 terra
1150 3280 1378 3330 obtineri
1417 3280 1608 3341 debet,
1662 3270 1908 3346 spectata
1944 3286 2124 3329 autem

219 3361 568 3428 plurimorum
609 3363 886 3412 hominum
928 3362 1220 3428 cupiditate
1248 3380 1355 3412 non
1384 3362 1727 3423 obtineretur,
1770 3362 1867 3412 nisi
1906 3361 2119 3411 adesset
