2182 3682
230 195 340 243 414
628 192 743 221 PARS
778 192 825 222 ΙΙ,
876 193 1191 222 PHILOSOPHIA
1224 193 1427 222 MORALIS
1462 193 1712 222 SPECIALIS.

306 330 470 376 Prob.
510 343 553 377 2.
629 328 826 379 Civitas
869 331 1029 379 etiam
1082 347 1188 396 qua
1227 330 1345 380 talis
1386 338 1595 381 tenetur
1646 330 1848 381 cultum
1887 331 2009 381 Deo
2051 348 2139 381 ex-

229 410 411 461 hibere
453 411 521 476 (n.
570 413 723 476 548),
779 421 829 462 et
883 413 1101 478 quidem
1153 430 1217 462 eo
1265 414 1458 475 modo,
1515 431 1622 480 quo
1663 413 1814 464 Deus
1865 413 1968 463 coli
2008 413 2134 466 vult.

227 493 399 559 Atqui
446 493 593 544 Deus
644 495 983 560 praescripsit
1034 495 1265 544 eundem
1317 513 1414 562 pro
1468 496 1715 546 omnibus
1758 496 1987 558 cultum,
2041 495 2133 548 scl.

228 575 585 627 christianum.
667 576 822 641 Ergo
874 585 1083 626 tenetur
1123 578 1280 627 etiam
1324 579 1507 628 civitas
1555 579 1623 628 ad
1665 578 1867 628 cultum
1907 579 2138 629 christia·
2168 610 2178 619 v—

226 676 368 709 num.
433 659 596 709 Porro
639 658 780 708 hunc
823 659 1027 709 cultum
1069 677 1176 710 non
1206 668 1387 726 potest
1428 661 1627 711 directe
1667 679 1763 728 per
1789 678 1847 711 se
1875 662 2135 724 ordinare,

227 742 352 807 quin
403 742 502 791 sibi
550 750 763 806 arroget
811 743 921 791 iura
962 741 1250 793 Ecclesiae.
1333 743 1480 809 Ergo
1522 760 1740 794 necesse
1781 751 1888 805 est,
1942 752 2001 794 ut
2038 744 2137 795 Ec-

227 823 441 873 clesiam
483 832 758 890 agnoscat,
803 841 920 874 eam
964 833 1172 875 tueatur
1213 834 1265 874 et
1305 825 1426 875 hinc
1469 827 1627 876 etiam
1670 833 1727 876 ut
1765 827 1990 889 exsistat
2029 827 2137 893 qui-

227 906 351 955 dam
394 907 527 956 ordo
570 923 600 956 a
637 907 757 956 Deo
797 914 1045 969 statuum,
1090 926 1199 974 quo
1241 908 1375 958 inter
1414 925 1531 958 sese
1572 908 1770 959 habere
1811 909 2059 959 debeant.

229 1036 374 1102 556.
461 1038 663 1090 Coroll.
731 1041 878 1107 Ergo
921 1041 1050 1092 falsa
1084 1050 1163 1091 est
1203 1041 1423 1103 theoria,
1469 1060 1606 1109 quae
1646 1042 1862 1109 plenam
1903 1042 2137 1093 omnium

224 1121 451 1171 cullmmz
491 1140 583 1172 seu
625 1123 949 1189 relz'gz'mzmn
991 1124 1296 1174 lz'berlaz‘cm
1349 1141 1377 1174 a
1419 1123 1627 1190 legibus
1669 1124 1907 1175 civilibus
1936 1134 2045 1190 per
2080 1143 2168 1175 se-

218 1205 527 1270 generalim
569 1206 978 1256 concedendam
1020 1224 1135 1256 esse
1176 1208 1342 1272 ponit.
1409 1206 1650 1257 Ecclesia
1691 1208 1831 1256 enim
1873 1207 2138 1258 catholica

226 1296 306 1337 est
356 1287 471 1337 sola
515 1287 755 1338 Ecclesia
806 1306 930 1339 vera
983 1289 1207 1355 solaque
1259 1307 1355 1355 per
1393 1306 1450 1338 se
1502 1288 1667 1339 habet
1716 1290 1794 1339 ius
1846 1291 2137 1340 exsistendi

226 1378 278 1419 et
331 1370 612 1420 ordinandi
664 1371 862 1420 cultum
904 1372 1031 1433 Dei;
1087 1372 1209 1421 ideo
1261 1372 1509 1422 iniustitia
1550 1372 1900 1422 committitur
1950 1381 2137 1422 contra

225 1453 479 1514 eandem,
535 1454 577 1502 si
618 1454 812 1503 eodem
853 1454 1019 1503 modo
1061 1463 1315 1504 tractatur
1354 1463 1516 1520 atque
1558 1454 1815 1521 reliquae;
1872 1454 1994 1504 dein
2034 1454 2135 1505 hac

225 1536 421 1600 agendi
477 1536 679 1586 ratione
733 1538 1020 1586 auctoritas
1074 1537 1237 1587 civilis
1289 1538 1439 1586 deest
1490 1554 1588 1586 suo
1630 1537 1808 1587 officio
1851 1535 2024 1587 cultus
2056 1537 2134 1586 di-

225 1619 344 1668 vini.
404 1617 690 1684 Obligatur
723 1620 863 1669 enim
891 1620 959 1669 ad
1002 1619 1203 1670 cultum
1232 1637 1339 1670 non
1382 1637 1789 1686 quemcumque,
1833 1620 1927 1670 sed
1956 1636 2140 1669 verum

228 1710 281 1751 et
333 1701 684 1764 catholicum;
740 1702 879 1752 hunc
933 1719 1064 1768 ergo
1114 1703 1277 1752 debet
1330 1711 1613 1768 protegere
1666 1711 1720 1752 et
1771 1701 1977 1764 fovere,
2032 1719 2141 1752 non

225 1801 351 1834 vero
394 1783 639 1851 reliquos.

751 1920 806 1958 11.
853 1921 1073 1959 Potestas
1108 1919 1337 1959 ecclesiae
1371 1919 1608 1959 indirecta.

298 2021 565 2088 Quoniam
595 2040 662 2071 ex
693 2021 885 2072 Christi
924 2021 1200 2073 voluntate
1242 2023 1547 2072 coniunctio
1587 2023 1723 2072 inter
1749 2021 2046 2073 Ecclesiam
2083 2031 2137 2072 et

221 2104 430 2156 Statum
473 2105 675 2155 iuribus
716 2114 768 2154 et
809 2105 996 2155 officiis
1038 2105 1255 2154 definita
1297 2105 1517 2154 exsistat
1558 2111 1789 2171 oportet,
1832 2105 1936 2154 iam
1978 2122 2134 2172 quae-

220 2189 361 2249 ritur,
406 2205 671 2254 quaenam
704 2188 770 2238 sit
810 2187 943 2238 haec
985 2187 1167 2238 relatio
1210 2189 1345 2237 inter
1385 2196 1666 2254 utramque
1706 2188 2019 2237 societatem
2047 2186 2131 2237 vel

219 2279 544 2337 potestatem
573 2270 777 2320 civilem
821 2279 873 2320 et
915 2270 1346 2321 ecclesiasticam.
1409 2271 1752 2336 Responsum
1782 2270 1873 2320 dat
1900 2287 2131 2336 sequens

856 2434 1124 2495 THEsis
1163 2435 1495 2481 LXXXVII.

223 2546 347 2601 557
359 2576 369 2587 ·
454 2547 517 2593 In
556 2547 726 2593 rebus
765 2562 922 2594 mere
962 2547 1216 2595 civilibus
1266 2547 1459 2594 civitas
1509 2553 1594 2593 est
1641 2547 1710 2593 ab
1748 2545 2003 2593 Ecclesia
2049 2545 2129 2592 in-

221 2622 578 2681 dependens3
618 2621 877 2669 similiter
905 2622 1161 2670 Ecclesia
1198 2629 1283 2669 est
1318 2622 1710 2682 independens
1747 2636 1779 2668 a
1816 2619 2037 2668 civitate
2073 2619 2129 2666 in

221 2697 391 2743 rebus
441 2696 751 2744 moralibus
801 2704 855 2744 et
905 2697 1192 2757 religiosis.
1265 2697 1479 2743 Earum
1528 2710 1663 2743 vero
1712 2710 1932 2751 rerum,
1987 2708 2130 2756 quae

221 2771 326 2818 sub
377 2770 599 2818 diverso
648 2778 912 2832 respectu
961 2773 1031 2818 ad
1079 2772 1265 2819 forum
1313 2778 1437 2817 tum
1500 2769 1945 2817 ecclesiasticum
2004 2775 2129 2815 tum

222 2845 381 2892 civile
418 2845 717 2906 pertinent,
759 2852 814 2893 et
850 2846 906 2892 in
945 2846 1148 2907 quibus
1188 2852 1387 2892 mutua
1425 2844 1800 2892 conventione
1830 2842 2131 2891 concordia

222 2935 335 2968 non
374 2921 684 2977 obtinetur,
735 2935 1075 2981 supremum
1124 2920 1396 2968 iudicium
1448 2926 1533 2967 est
1580 2933 1759 2980 penes
1795 2918 2128 2966 Ecclesiam.

300 3035 467 3073 PARS
498 3035 530 3073 Ι.
594 3036 648 3073 In
681 3035 830 3073 rebus
864 3048 997 3074 mere
1033 3036 1257 3074 civilibus
1292 3035 1466 3073 civitas
1501 3065 1509 3073 .
1546 3065 1553 3072 .
1590 3064 1598 3073 .
1632 3033 1989 3083 independens.

295 3129 599 3180 Praenom:
652 3129 949 3180 Ecclesiam
990 3129 1349 3194 (Pontificem,
1394 3129 1680 3195 episcopos
1720 3127 1845 3191 etc.)
1896 3126 1989 3187 ibi,
2040 3125 2130 3174 ubi

222 3212 387 3262 habet
446 3213 741 3263 dominium
807 3211 1135 3278 temporale,
1204 3231 1251 3263 v.
1315 3229 1365 3277 g.
1424 3213 1476 3261 in
1532 3210 1684 3261 Statu
1751 3208 2126 3268 ecclesiastico,

223 3312 383 3360 posse
425 3296 626 3345 directe
666 3295 911 3345 ordinare
951 3310 1033 3344 res
1072 3294 1397 3360 temporales
1437 3310 1468 3343 a
1501 3293 1712 3342 nemine
1752 3300 1989 3357 negatur,
2032 3289 2129 3340 sed

224 3378 466 3442 quaestio
508 3387 602 3438 est,
646 3395 774 3427 num
815 3377 974 3426 etiam
1014 3377 1065 3426 in
1105 3375 1203 3425 illis
1243 3376 1445 3441 regnis,
1490 3391 1628 3441 quae
1668 3374 1962 3440 principem
2001 3382 2129 3423 tem·
2181 3405 2182 3457 1
