2182 3682
87 171 185 200 CAP.
211 170 281 199 111.
327 169 389 196 DE
424 166 658 195 BONITATE
690 165 748 194 ET
783 164 980 193 MALITIA
1014 163 1191 192 MORALI
1226 163 1423 191 ACTUUM
1460 162 1790 191 HUMANORUM.
1850 164 1916 213 93

25 306 301 370 imperat0‚
344 303 435 368 qui
475 310 532 350 ut
560 301 793 349 medium
822 300 888 348 ad
919 298 1150 363 aliquem
1178 296 1337 346 finem
1366 298 1661 346 assumitur.
1708 311 1753 347 2.
1822 297 1923 346 Ne-

27 403 131 452 que
180 384 421 450 quaestio
463 391 568 443 est,
627 399 754 430 num
810 389 959 430 actus
1010 397 1077 428 ex
1130 380 1342 428 obiecto
1395 378 1572 427 malus
1627 379 1794 443 possit
1845 395 1925 427 ac-

27 468 202 533 cipere
241 466 472 531 aliquam
512 464 807 514 bonitatem
849 479 918 511 ex
958 461 1087 523 fine;
1143 461 1194 510 id
1238 461 1376 509 enim
1417 459 1692 509 manifeste
1732 476 1925 524 negan-

28 549 185 608 dum,
248 548 370 612 quia
427 546 566 595 actio
628 542 974 594 essentialiter
1030 541 1168 591 mala
1223 542 1409 607 nequit
1464 541 1574 590 fieri
1630 541 1774 590 bona
1833 558 1927 605 per

27 629 337 681 relationem
377 629 428 677 in
469 627 628 676 finem
669 627 887 675 bonum.
968 625 1177 674 Bonum
1218 624 1358 672 enirn
1400 640 1468 672 ex
1507 624 1712 688 integra
1753 639 1924 672 causa.

29 712 188 763 Unde
230 710 419 759 falsum
459 718 539 758 est
589 708 717 757 illud
759 707 1102 773 principium:
1165 705 1312 776 «finis
1361 705 1658 754 sanctificat
1698 704 1926 764 media»,

28 795 186 844 etiam
244 794 312 842 de
368 792 555 841 mediis
611 790 776 839 malis
835 789 1192 850 intellectum3
1250 805 1431 837 verum
1487 795 1666 836 tamen
1722 795 1828 846 est,
1889 786 1930 834 si

28 875 349 940 intellegitur
389 875 456 923 de
499 873 686 922 mediis
726 870 1172 934 indifferentibus.
1248 870 1461 919 Etenim
1504 882 1550 932 3.
1595 868 1931 917 manifestum

30 966 109 1008 est
149 966 326 1007 actum
368 973 437 1005 ex
478 955 669 1005 obieclo
710 953 1108 1017 indzjfferculem
1137 968 1297 1017 posse
1325 952 1566 1016 accipere
1594 950 1931 1000 honestatem

29 1039 260 1104 aliquam
317 1055 385 1087 ex
439 1037 543 1086 fine
584 1036 915 1097 extrinseco3
975 1034 1050 1084 sic
1106 1052 1153 1084 v.
1197 1051 1247 1098 g.
1291 1033 1426 1081 velle
1480 1033 1696 1082 studere
1752 1032 1820 1081 de
1876 1048 1932 1081 se

29 1120 333 1171 indifferens
389 1128 498 1180 est,
558 1119 615 1168 fit
671 1126 847 1167 autem
906 1116 1219 1175 honestum,
1278 1116 1321 1164 si
1362 1114 1612 1164 referatur
1665 1115 1716 1163 in
1772 1114 1931 1163 finem

30 1203 339 1263 honestum,
394 1203 558 1251 immo
612 1200 680 1249 ab
732 1200 836 1248 hoc
889 1199 993 1248 fine
1045 1207 1195 1247 actus
1251 1215 1318 1246 ex
1360 1197 1574 1246 obiecto
1631 1197 1935 1246 indifferens

30 1286 264 1352 speciem
304 1301 452 1334 suam
497 1282 740 1333 desumit.
822 1280 908 1331 Sic
949 1298 994 1330 v.
1027 1297 1076 1345 g.
1121 1281 1162 1329 si
1204 1297 1273 1329 ex
1314 1280 1530 1329 caritate
1571 1279 1674 1328 Dei
1714 1294 1936 1327 moveor

30 1368 99 1418 ad
141 1367 271 1427 hoc,
316 1376 372 1416 ut
411 1366 576 1415 velim
617 1365 862 1425 studere,
918 1363 1050 1412 haec
1090 1361 1334 1411 voluntas
1375 1361 1625 1411 studendi
1667 1368 1748 1410 est
1787 1369 1936 1410 actus

32 1450 275 1510 caritatis,
320 1449 444 1514 quia
483 1465 513 1497 a
554 1447 770 1497 caritate
811 1464 918 1495 non
961 1444 1177 1511 quidem
1220 1444 1452 1504 elicitur,
1496 1443 1591 1493 sed
1632 1443 1933 1508 imperatur.

34 1547 81 1595 4.
125 1531 322 1597 Agitur
373 1547 504 1596 ergo
558 1529 790 1578 maxime
844 1528 911 1577 de
960 1536 1106 1588 actu,
1151 1527 1238 1592 qui
1280 1544 1349 1575 ex
1389 1526 1603 1576 obiecto
1646 1526 1817 1575 bonus
1858 1532 1938 1574 est

33 1623 86 1664 et
125 1630 155 1663 a
194 1613 483 1685 vqluntate
511 1612 562 1661 in
603 1610 907 1661 ulteriorem
949 1569 1107 1658 fineni
1150 1609 1355 1658 bonum
1396 1607 1628 1658 refertur
1671 1639 1742 1642 —
1781 1608 1939 1657 Deni-

37 1682 322 1762 quest-'prae
374 1678 542 1744 oculis
594 1692 902 1742 habendum
956 1700 1035 1741 est
1087 1708 1184 1740 nos
1232 1708 1392 1755 agere
1449 1690 1516 1739 de
1568 1689 1693 1739 solis
1734 1690 1940 1739 actibus

36 1777 342 1828 voluntatis.

45 1931 187 1984 106.
269 1933 433 1980 Prob.
509 1930 806 1996 Dupliciter
846 1939 1026 1996 potest
1067 1938 1216 1979 actus
1251 1928 1537 1978 voluntatis
1577 1929 1771 1977 versari
1811 1927 1949 1977 circa

42 2017 315 2066 obiectum
354 2015 640 2064 honestum
682 2014 732 2062 in
774 2014 959 2062 ordine
1001 2012 1067 2061 ad
1110 2012 1270 2060 finem
1311 2010 1644 2059 ulteriorem:
1690 2011 1738 2073 a)
1780 2010 1852 2058 ita
1892 2016 1949 2072 ut

39 2105 153 2148 tota
194 2097 326 2147 ratio
367 2096 583 2146 volendi
625 2096 894 2145 obiectum
935 2094 1222 2143 honestum
1262 2094 1326 2142 sit
1368 2093 1499 2142 finis.
1571 2091 1639 2141 Et
1680 2100 1806 2141 tunc
1848 2091 1951 2140 evi-

41 2175 298 2230 (16ἶ15651ί
333 2188 502 2229 totam
541 2179 836 2228 bonitatem
879 2186 1028 2226 actus
1070 2177 1276 2226 desumi
1317 2193 1385 2224 ex
1426 2175 1529 2224 fine
1571 2168 1746 2240 neque
1772 2172 1950 2223 ‘ullam

42 2280 110 2312 ex
151 2263 391 2323 obiecto,
451 2261 572 2327 quia
627 2260 731 2310 hoc
782 2277 839 2309 se
891 2260 1055 2309 habet
1105 2258 1279 2308 solum
1332 2274 1425 2323 per
1481 2257 1703 2307 modum
1757 2257 1951 2306 obiecti

46 2343 356 2413 materialis,
412 2344 467 2406 b)
510 2344 581 2392 ita
632 2350 691 2392 ut
744 2341 991 2391 voluntas
1043 2339 1169 2390 velit
1222 2340 1437 2405 quidem
1480 2339 1751 2388 obiectum
1792 2339 1952 2388 hone-

45 2435 185 2476 stum
224 2415 644 2492 propter's'uam
697 2425 1066 2484 honestatem,
1124 2422 1277 2472 simul
1329 2429 1508 2471 tamen
1559 2428 1733 2471 totum
1773 2428 1954 2470 actum

45 2508 97 2558 in
136 2507 437 2558 ulteriorem
474 2507 633 2557 finem
675 2508 959 2556 honestum
1003 2505 1206 2573 referat
1275 2504 1346 2554 Et
1385 2506 1436 2577 in
1479 2504 1582 2566 hoc
1612 2521 1748 2579 casu
1790 2503 1954 2553 habet

47 2600 194 2640 actus
234 2591 572 2640 honestatem
624 2598 735 2639 tum
789 2606 857 2638 ex
914 2570 1129 2638 obiecto
1171 2597 1282 2636 tum
1326 2605 1395 2636 ex
1436 2587 1568 2657 fine,
1627 2576 1750 2651 quia
1791 2603 1832 2658 a
1860 2586 1953 2659 vir-

48 2682 176 2735 tute,
221 2690 359 2738 quae
387 2681 628 2722 versatur
670 2672 808 2721 circa
837 2664 1125 2731 obiectum,
1171 2669 1386 2730 elicitur,
1417 2654 1471 2718 et
1512 2686 1542 2717 a
1569 2669 1774 2751 virtute,
1819 2652 1953 2734 quae

54 2763 290 2805 versatur
331 2755 469 2804 circa
510 2754 688 2815 finem,
732 2754 1036 2819 imperatur.

123 2843 392 2910 Exemplo
452 2861 563 2892 rem
625 2842 917 2892 illustrabo.
1014 2841 1274 2907 Suppone
1342 2841 1481 2890 actui
1552 2840 1780 2890 caritatis
1843 2856 1954 2903 per-

54 2924 223 2975 fectae
263 2943 527 2975 annexam
555 2942 670 2975 esse
698 2924 1102 2989 indulgentiam.
1158 2924 1257 2973 Vis
1285 2940 1403 2972 eam
1444 2922 1645 2982 lucrari,
1690 2931 1747 2970 ut
1776 2920 1956 2969 deleas

54 3025 255 3073 poenas
295 3017 639 3073 peccatorum
693 3016 934 3067 tuorum,
989 3015 1041 3056 et
1096 3006 1148 3055 in
1201 3006 1342 3055 hunc
1395 3005 1554 3054 finem
1596 3003 1738 3053 elicis
1779 3011 1955 3052 actum

56 3090 297 3138 caritatis.
378 3090 460 3139 En
500 3090 668 3139 habes
708 3090 846 3139 duos
888 3097 1039 3138 actus
1077 3087 1391 3138 voluntatis:
1436 3085 1656 3136 alterum
1686 3084 1956 3149 poeniten-

56 3170 190 3232 tiae,
245 3189 350 3236 quo
390 3172 468 3221 vis
509 3170 686 3221 delere
739 3188 942 3237 poenas
982 3178 1353 3236 peccatorum,
1413 3168 1636 3218 alterum
1689 3166 1953 3215 caritatis.

59 3251 161 3301 Hic
215 3253 478 3317 posterior
540 3253 752 3302 ell'cilul‘
808 3253 876 3302 ab
940 3252 1125 3302 habitu
1179 3251 1409 3302 caritatis
1460 3267 1529 3298 ex
1580 3266 1678 3298 suo
1738 3247 1955 3313 proprio

60 3334 261 3382 motivo
304 3334 427 3398 (fine
466 3335 777 3395 intrinseco,
832 3334 922 3384 561.
967 3334 1168 3384 infinita
1208 3334 1310 3382 Dei
1361 3331 1688 3397 perfectione
1739 3337 1960 3395 propter
