2182 3682
203 172 313 236 406
602 181 716 211 PARS
750 182 799 211 Η.
849 182 1164 211 PHILOSOPHIA
1198 182 1407 211 MORALIS
1443 181 1691 212 SPECIALIS.

202 319 300 369 sed
339 320 391 369 in
433 319 610 369 divina
648 318 926 369 voluntate
967 319 1168 370 fundat.
1237 317 1346 384 Qui
1385 319 1524 368 enim
1565 319 1866 370 auctoritati
1901 320 2108 383 resistit,

202 402 324 451 Deo
377 402 584 452 resistit.
667 401 808 451 Hinc
856 401 1157 452 auctoritati
1198 401 1514 467 dignitatem
1556 410 1609 451 et
1649 401 1982 453 maiestatem
2020 406 2110 455 im-

203 484 361 551 pertit
422 483 577 550 eique
638 484 1038 534 oboedientiam
1099 491 1152 534 et
1209 484 1557 534 reverentiam
1610 484 1948 535 subditorum
2002 505 2111 537 non

201 573 422 633 propter
472 565 648 616 solum
700 575 930 627 metum,
989 566 1085 616 sed
1136 574 1359 632 propter
1410 566 1793 617 conscientiam
1845 568 2107 632 conciliat,
2173 610 2179 620 ,

202 650 327 716 quin
360 648 687 715 principibus
716 647 905 698 falsum
939 648 1283 715 splendorem
1313 648 1597 698 divinitatis
1625 649 1837 712 tribuat,
1880 659 1937 701 ut
1966 652 2109 718 apud

202 731 429 798 gentiles
468 731 666 797 passim
708 731 915 782 accidit.
978 731 1141 781 Porro
1183 731 1316 781 haec
1344 730 1525 780 valent
1563 748 1672 781 non
1712 731 1885 782 solum
1927 735 2109 800 quoad

201 815 439 880 regimen
466 812 885 873 monarchicum‚
929 814 1024 863 sed
1055 814 1233 880 quoad
1264 811 1559 879 quamlibet
1587 814 1855 879 regiminis
1883 815 2110 867 formam

200 905 344 946 recte
385 896 742 946 constitutam,
824 896 930 960 (De
971 897 1071 947 hac
1112 914 1166 946 re
1207 896 1469 962 legendae
1509 896 1758 962 egregiae
1804 897 2110 964 encyclicae

199 978 397 1029 Leonis
423 977 591 1041 XIII,
635 979 946 1045 praesertim
987 996 1064 1040 ea,
1109 996 1247 1045 quae
1286 978 1499 1045 incipit:
1550 979 1888 1030 «Immortale
1928 981 2108 1046 Dei».)

202 1106 348 1161 545.
429 1097 475 1147 6.
529 1095 760 1157 Obiecta,
801 1097 946 1147 circa
989 1115 1124 1163 qnae
1151 1098 1447 1148 auctm‘l'fas
1473 1097 1653 1147 civilis
1680 1097 1904 1148 versari
1916 1106 2106 1163 polest,

197 1188 320 1230 sunt
355 1179 585 1244 duplicis
618 1180 869 1245 generis:
911 1179 1010 1230 alia
1051 1180 1294 1229 nimirum
1337 1180 1536 1229 directe
1575 1189 1629 1230 et
1669 1167 1980 1230 immediate
2006 1181 2107 1231 sub

198 1262 358 1312 finem
412 1263 739 1312 auctoritatis
793 1263 993 1313 cadunt
1040 1263 1270 1329 ideoque
1312 1262 1512 1312 directe
1553 1262 1622 1311 ad
1661 1262 1944 1327 sphaeram
1985 1263 2108 1313 acti-

197 1345 372 1394 vitatis
412 1345 652 1394 eiusdem
694 1346 984 1411 pertinent;
1030 1345 1129 1394 alia
1170 1362 1297 1394 vero
1339 1362 1447 1394 non
1489 1345 1587 1394 nisi
1626 1344 1886 1395 indirecte
1925 1351 1980 1395 et
2006 1363 2106 1394 me-

197 1427 344 1477 diate
395 1427 461 1477 ad
515 1427 675 1477 finem
728 1435 780 1476 et
832 1428 1156 1477 activitatem
1208 1427 1490 1493 potestatis
1541 1425 1790 1493 publicae
1841 1434 2104 1493 spectant,

197 1510 317 1576 quia
358 1510 601 1559 nimirum
643 1510 977 1576 requiruntur
1016 1518 1293 1575 tamquam
1333 1509 1593 1571 subsidia,
1635 1518 1692 1559 ut
1726 1509 1916 1559 eadem
1944 1508 2103 1559 finem

197 1610 351 1642 suum
393 1593 666 1642 directum
696 1593 959 1658 attingere
1001 1594 1183 1658 possit.

270 1676 321 1739 a>
364 1674 608 1736 Obiecta,
652 1676 721 1725 ad
763 1691 900 1741 quae
941 1675 1140 1724 discsse
1179 1675 1468 1725 auctoritas
1509 1674 1724 1740 publica
1764 1691 1821 1724 se
1863 1675 2100 1741 porrigit,

190 1758 387 1808 iterum
443 1766 565 1807 sunt
623 1756 848 1823 duplicis
905 1758 1138 1823 generis:
1199 1758 1250 1820 a.)
1305 1756 1584 1822 Quatenus
1639 1757 1968 1807 auctoritatis
2023 1766 2104 1807 est

197 1841 439 1891 ordinem
480 1841 768 1890 im‘icz'l'czml
810 1841 968 1901 lueri,
1010 1841 1079 1890 ad
1121 1841 1229 1889 eius
1270 1840 1595 1890 activitatem
1629 1839 1830 1889 directe
1856 1846 2105 1905 spectant

197 1923 377 1973 onznia:
419 1923 546 1973 iura
588 1932 700 1972 tum
743 1923 948 1989 privata
989 1932 1102 1972 tum
1143 1922 1372 1989 publica.
1442 1922 1558 1971 Iura
1587 1922 1821 1987 privam
1855 1921 1955 1971 alia
1981 1929 2104 1971 sunt

194 2005 603 2066 individuorum,
647 2005 748 2055 alia
790 2005 1114 2066 familiarum,
1160 2004 1259 2054 alia
1300 2006 1626 2054 diversarum
1663 2004 1979 2054 societatum
2007 2005 2104 2070 pri-

193 2096 447 2138 vatarum.
511 2089 627 2137 iura
645 2088 866 2153 publica
896 2088 1364 2154 comprehendunt
1392 2087 1675 2136 relationes
1702 2087 1949 2137 iuridic'as
1968 2087 2104 2136 inter

196 2172 336 2221 cives
369 2180 421 2220 et
461 2180 631 2220 totam
673 2171 1109 2221 communitatem
1153 2179 1205 2220 et
1244 2171 1355 2220 iura
1382 2169 1671 2220 Ecclesiae.
1734 2170 1794 2237 β)
1824 2168 2104 2234 Quatenus

194 2255 482 2304 auctoritas
511 2254 934 2318 prosperitalenz
978 2253 1252 2318 publicam
1295 2253 1522 2318 positive
1562 2269 1881 2318 promovere
1922 2252 2100 2313 debet,

193 2337 387 2386 versari
415 2344 596 2402 potest
624 2337 823 2386 directe
852 2337 988 2385 circa
1018 2337 1197 2385 omnia
1224 2336 1384 2395 bona,
1429 2352 1567 2401 quae
1595 2334 1664 2385 ad
1693 2335 2104 2400 prosperitatem

195 2436 537 2469 communem
580 2427 632 2468 et
672 2419 954 2469 honestam
997 2419 1347 2484 requiruntur,
1394 2426 1450 2468 ut
1488 2434 1647 2483 supra
1676 2417 1878 2467 dictum
1906 2424 2000 2467 est.

270 2502 325 2567 b>
367 2501 632 2551 Ina'z'recse
672 2502 740 2551 ad
781 2502 1154 2551 auctoritatem
1196 2509 1406 2567 spectat
1446 2500 1706 2566 quidquid
1746 2516 1842 2565 per
1882 2499 2103 2549 modum

194 2584 414 2634 subsidii
454 2585 751 2633 necessario
794 2585 1088 2650 requiritur,
1133 2592 1190 2633 ut
1230 2601 1382 2633 suum
1424 2582 1586 2632 finem
1625 2582 1887 2646 attingere
1915 2581 2099 2648 possit,

196 2675 253 2716 ut
304 2666 494 2716 electio
551 2675 603 2716 et
657 2667 916 2716 institutio
974 2665 1280 2716 officialium
1336 2664 1697 2731 publicorum,
1756 2664 1967 2714 exactio
2019 2664 2100 2713 tri-

194 2751 446 2799 butorum
488 2757 587 2799 etc.

197 2884 285 2939 ξεῖ.
320 2886 447 2926 NUM
480 2886 695 2925 MORUM
728 2885 1039 2925 HONESTAS
1073 2887 1154 2923 AD
1191 2885 1394 2924 CL'RAM
1427 2884 1862 2924 AUCTORITATIS
1893 2882 2100 2922 CIVILIS

975 2953 1319 2992 PERTINEAT.

375 3033 564 3086 (LS'uafez,
599 3035 664 3073 De
697 3035 779 3086 leg.
814 3035 839 3073 l.
877 3046 914 3085 3,
951 3049 985 3074 c.
1025 3046 1088 3083 11,
1124 3049 1163 3074 n.
1200 3036 1223 3073 6
1258 3040 1299 3074 et
1332 3035 1371 3073 8.
1436 3033 1679 3086 Moralphil.
1713 3033 1754 3071 Π
1789 3029 1910 3084 545.)

200 3121 345 3186 546.
426 3123 641 3173 Morum
669 3123 918 3172 honestas
945 3121 1044 3171 alia
1072 3132 1150 3172 est
1173 3123 1390 3188 privata,
1422 3121 1522 3172 alia
1543 3120 1773 3187 publica,
1804 3128 1857 3170 et
1877 3126 2100 3185 utraque

196 3205 279 3254 vel
320 3205 570 3255 naturalis
609 3205 693 3255 vel
734 3204 1161 3271 supernaturalis,
1206 3212 1363 3270 prout
1403 3205 1454 3254 in
1489 3203 1742 3253 exercitio
1770 3202 2021 3252 virtutum
2049 3208 2102 3250 et

197 3305 295 3337 usu
336 3288 632 3338 mediorum
675 3287 929 3347 consistit,
974 3304 1110 3352 quae
1150 3288 1218 3336 ad
1252 3287 1412 3336 finem
1440 3283 1898 3352 supernaturalem
1925 3283 2099 3349 dispo-

196 3377 341 3431 nunt,
383 3369 467 3420 vel
507 3370 641 3420 intra
681 3370 871 3420 limites
912 3369 1297 3419 observationis
1338 3369 1470 3434 legis
1506 3366 1754 3419 naturalis
1782 3366 2096 3418 continetur.
