2182 3682
214 170 318 231 378
620 178 732 207 PARS
767 178 815 207 11.
866 178 1182 207 PHILOSOPHIA
1216 179 1420 207 MORALIS
1456 179 1706 208 SPECIALIS.

215 314 454 364 tudinem
496 313 638 363 illam
679 314 1037 375 iudicandam,
1081 314 1149 364 ad
1191 331 1382 380 pacem
1411 316 1834 366 conservandam
1862 324 1915 367 et
1942 316 2126 367 hostes

213 396 474 446 arcendos
515 404 614 446 etc.
660 404 771 446 erat
811 397 1122 446 necessaria.
1191 396 1363 462 Atqui
1387 414 1547 447 nemo
1581 398 1650 447 ad
1684 398 1912 448 eandem
1941 416 2123 465 geren-

213 479 338 528 dam
389 478 440 527 in
491 477 590 528 illis
643 479 1049 528 circumstantiis
1097 478 1324 528 idoneus
1365 488 1477 529 erat
1518 480 1614 529 nisi
1653 480 1766 546 ipse
1805 480 2121 547 patriarcha,

211 559 296 610 vel
337 560 427 626 qui
468 561 578 610 eius
620 559 741 610 loco
783 560 1036 610 familiam
1076 561 1381 626 primariam
1410 562 1648 627 regebat.
1716 562 1872 628 Ergo
1900 562 1985 613 ille
2013 572 2125 613 erat

208 643 504 692 subiectum
549 642 858 692 naturaliter
900 643 1315 693 determinatum
1357 642 1491 693 illius
1532 645 1828 710 potestatis.

287 725 438 774 Idem
478 723 580 774 alio
622 725 789 774 modo
830 724 905 774 sic
948 724 1206 775 declarari
1246 733 1453 790 potest:
1496 725 1841 776 Abrahamus
1879 745 1928 777 v.
1959 744 2011 793 g.
2040 726 2124 777 vel

210 806 340 858 alius
399 806 723 873 patriarcha,
787 807 877 873 qui
936 825 1043 858 non
1100 806 1273 857 solum
1330 807 1568 858 habebat
1619 807 1797 874 plures
1836 826 2032 859 uxores
2072 818 2125 859 et

211 889 360 950 filios,
404 889 500 939 sed
542 889 702 938 etiam
744 891 1039 940 maximum
1080 907 1360 939 numerum
1401 907 1673 940 servorum
1717 899 1770 940 et
1797 889 2121 952 ancillarum,

211 971 434 1022 fortasse
488 972 648 1021 etiam
701 972 1175 1033 mercenariorum,
1231 973 1430 1038 quique
1483 989 1589 1022 non
1642 990 1737 1039 per
1789 971 2121 1032 electionem,

207 1055 303 1104 sed
357 1071 452 1120 per
502 1054 673 1119 ipsam
730 1072 904 1104 rerum
957 1063 1201 1104 naturam
1255 1064 1367 1104 erat
1420 1063 1580 1121 caput
1632 1054 1785 1105 huius
1837 1055 2125 1105 communi-

210 1137 332 1187 tatis
371 1136 809 1203 independentis,
867 1136 1104 1186 habebat
1145 1145 1308 1186 lolam
1339 1145 1608 1201 potestam
1650 1137 2015 1187 necessariam
2055 1137 2124 1186 ad

210 1219 616 1286 gubernandam
658 1227 711 1268 et
752 1219 1008 1269 tuendam
1050 1218 1188 1268 hanc
1230 1220 1687 1269 communitatem.
1756 1219 1928 1285 Atqui
1953 1219 1999 1268 ei
2039 1236 2124 1269 ne-

209 1301 436 1352 cessaria
477 1309 588 1351 erat
629 1301 789 1350 etiam
831 1309 1071 1368 potestas
1100 1300 1333 1367 politica.
1403 1301 1558 1366 Ergo
1586 1301 1724 1352 hanc
1752 1319 1860 1352 non
1889 1301 2125 1351 habebat

207 1401 301 1451 per
341 1383 675 1445 electionem,
720 1384 815 1433 sed
858 1401 953 1450 per
993 1384 1163 1450 ipsam
1206 1400 1381 1433 rerum
1421 1391 1679 1434 naturam.

280 1473 440 1523 Proh.
484 1473 612 1523 min.
680 1474 809 1522 Erat
850 1475 897 1523 ei
938 1473 1235 1523 necessaria
1276 1473 1562 1539 praecipue
1589 1480 1831 1540 potestas
1858 1471 2126 1522 iudiciaria

206 1574 303 1622 pro
346 1556 446 1606 hac
489 1556 899 1617 communitate,
956 1557 1121 1606 immo
1163 1564 1397 1622 poterat³
1440 1556 1484 1605 si
1525 1573 1662 1622 opus
1703 1564 1839 1617 erat,
1891 1572 2124 1621 poenam

209 1639 396 1704 capitis
435 1637 688 1704 infligere,
733 1647 944 1705 poterat
986 1638 1126 1689 bella
1167 1656 1367 1705 gerere,
1412 1638 1537 1688 alias
1579 1639 1991 1688 communitates
2031 1654 2124 1703 pu-

209 1721 318 1771 nire
358 1720 442 1771 vel
484 1721 643 1770 etiam
684 1722 733 1770 in
777 1739 1011 1787 poenam
1051 1739 1150 1771 suo
1193 1721 1452 1787 gubernio
1493 1720 1748 1782 subicere,
1792 1718 1993 1770 similia.

218 1853 363 1919 506.
445 1853 621 1905 Scleol.
686 1854 896 1904 Aderat
923 1871 1050 1905 sane
1078 1854 1163 1904 hic
1192 1854 1378 1920 aliquis
1407 1871 1702 1915 consensu&
1737 1862 2001 1920 quatenus
2027 1852 2120 1903 scl.

214 1954 566 2004 unaquaeque
618 1955 686 1987 ex
741 1937 947 1987 familiis
1000 1937 1251 2003 paulatim
1306 1937 1689 1987 accedentibus
1742 1954 1864 1986 cum
1912 1935 2124 2002 reliquis

213 2020 523 2070 cohabitare
564 2019 797 2079 volebat,
841 2020 1003 2086 idque
1045 2020 1112 2069 ab
1155 2019 1234 2069 bis
1274 2037 1380 2069 non
1424 2019 1830 2086 impediebatur.
1900 2017 2008 2068 Sed
2037 2017 2122 2068 hic

214 2120 504 2152 consensus
545 2119 653 2152 non
695 2111 806 2152 erat
836 2111 1055 2167 passum
1097 2101 1343 2168 aliquod,
1395 2119 1502 2167 quo
1543 2119 1600 2151 se
1640 2099 1836 2151 vellent
1878 2100 2124 2166 obligare

212 2184 296 2234 vel
336 2184 572 2234 subicere
612 2185 668 2234 in
711 2185 900 2234 ordine
940 2185 1020 2234 ad
1053 2185 1241 2234 bouum
1282 2201 1564 2234 [munemne.
1641 2184 1724 2233 Eo
1764 2185 1882 2250 ipso
1922 2190 2119 2244 autem,

212 2268 360 2334 quod
412 2268 586 2317 variae
641 2266 866 2317 familiae
921 2267 1180 2317 stabiliter
1234 2266 1385 2316 simul
1444 2266 1827 2316 cohabitabant
1876 2297 1949 2302 -—
2001 2281 2122 2314 una-

213 2367 458 2416 quaeque
512 2350 736 2399 fortasse
787 2349 959 2399 solum
1013 2349 1288 2415 proprium
1342 2349 1691 2400 commodum
1742 2356 1993 2415 spectans
2032 2378 2118 2409 ——‚

213 2433 482 2482 oriebatur
534 2432 822 2482 necessitas
874 2431 1027 2481 alicui
1078 2432 1236 2481 iudici
1287 2441 1340 2481 et
1393 2431 1605 2481 custodi
1657 2431 1856 2480 ordinis
1896 2438 1949 2480 et
1976 2430 2122 2496 pacis

212 2532 269 2565 se
319 2514 631 2564 subiciendi.
714 2513 818 2563 Hic
872 2523 1048 2563 autem
1100 2514 1152 2563 in
1204 2515 1341 2564 datis
1397 2513 1801 2564 circumstantiis
1855 2513 1959 2562 iam
2011 2519 2123 2562 erat

212 2596 519 2648 naturaliter
567 2596 908 2662 designatu5‚
962 2597 1033 2646 ita
1075 2604 1133 2646 ut
1174 2605 1499 2662 potestatem
1539 2613 1844 2662 supremam
1883 2595 2120 2656 haberet,

211 2680 321 2729 sive
353 2679 552 2729 subditi
582 2679 990 2729 consentiebant
1017 2680 1127 2728 sive
1156 2697 1279 2729 non.
1348 2679 1600 2728 Poterant
1627 2677 1867 2744 singulae
1896 2676 2121 2727 familiae

210 2761 315 2811 alio
366 2761 524 2811 sedes
572 2778 694 2810 suas
745 2761 1052 2822 transferre,
1106 2761 1379 2826 supposita
1432 2769 1606 2811 aulem
1648 2760 1918 2810 voluntate
1956 2759 2124 2809 simul

213 2843 501 2894 habitandi
559 2843 684 2909 ipsis
744 2842 967 2893 liberum
1028 2861 1135 2893 non
1197 2852 1334 2904 erat,
1398 2854 1572 2893 utrum
1632 2841 1829 2892 vellent
1887 2841 2119 2908 aliquem

210 2926 538 2993 superiorem
589 2942 747 2991 super
795 2943 853 2975 se
905 2942 1200 2991 agnoscere
1252 2943 1436 2976 necne.
1519 2925 1623 2975 Hic
1664 2933 1841 2974 autem
1880 2924 2121 2990 superior

211 3009 313 3058 iarn
356 3015 468 3058 erat
507 3024 602 3074 per
642 3007 1060 3058 circumstantias
1102 3008 1425 3074 designatus.

217 3144 341 3198 507
352 3173 362 3183 ·
434 3149 536 3190 Obi.
571 3162 604 3188 1.
660 3141 709 3188 si
744 3157 847 3188 non
873 3142 979 3203 ipsa
1016 3143 1357 3199 communitas,
1397 3142 1484 3189 sed
1523 3142 1687 3203 aliqua
1712 3157 1927 3203 persona
1962 3140 2120 3202 singu-

212 3217 325 3264 laris
373 3226 445 3263 est
483 3216 799 3278 originarium
848 3217 1120 3263 subiectum
1167 3217 1447 3278 potestatis,
1497 3216 1626 3264 haec
1660 3232 1875 3279 persona
1921 3222 2003 3262 aut
2039 3215 2120 3262 de-

211 3293 429 3353 signatur
454 3307 543 3353 per
567 3291 726 3353 ipsum
753 3292 915 3338 Deum
952 3291 1238 3339 immediate
1276 3300 1357 3338 aut
1385 3307 1474 3353 per
1510 3307 1647 3339 suam
1684 3299 1922 3338 naturam.
1971 3290 2125 3351 Atqui

211 3376 437 3413 neutrum
476 3365 574 3413 dici
610 3374 784 3428 potest.
856 3366 995 3425 Ergo
1022 3405 1029 3413 .
1060 3405 1067 3413 .
1099 3405 1106 3413 .
