2182 3682
215 171 321 220 240
620 168 732 197 PARS
767 168 815 197 ΙΙ.
866 168 1180 198 PHILOSOPHIA
1214 168 1418 197 MORALIS
1455 168 1703 197 SPECIALIS.

212 303 289 351 cui
326 303 610 352 obviaretur
659 306 879 353 revelata
927 305 1259 364 confessione,
1299 305 1431 352 malo
1469 314 1712 367 perpetuo
1752 344 1761 353 .
1802 343 1810 353 .
1851 343 1860 352 .
1899 321 1960 354 ex
1995 306 2118 354 diffi-

213 379 392 426 cultate
430 379 784 439 confessionis,
836 381 873 427 si
912 380 1223 442 exciperetur
1260 395 1400 427 casus
1436 380 1518 428 ille
1555 396 1584 427 a
1619 380 1970 442 prohibitione.
2041 381 2120 428 Sic

209 469 318 513 ergo
353 454 445 501 dici
466 460 624 517 potest
655 456 710 502 tte
744 456 979 502 mendacio
994 473 1010 512 ,·
1046 455 1173 502 adeo
1212 455 1346 502 enim
1371 463 1482 502 sunt
1506 456 1652 516 proni
1688 455 1930 514 homines,
1969 455 2116 503 etiam

209 537 369 576 stante
405 530 740 591 prohibitione
778 529 1041 577 universali
1077 529 1354 588 mendacii,
1393 529 1456 577 ad
1494 529 1849 588 mentiendum,
1887 538 1952 590 ut,
1990 529 2030 577 si
2065 530 2116 578 in

208 604 375 665 aliquo
414 621 528 652 casu
565 606 752 653 licitum
779 614 919 663 esset,
961 606 1248 666 frequenter
1274 605 1632 667 persuaderent
1657 604 1749 652 sibi
1775 621 1941 652 casum
1981 605 2115 652 illum

209 679 396 737 adesse,
436 689 483 727 et
520 695 716 742 semper
753 680 1081 728 formidarent
1118 680 1367 727 auditores
1405 680 1467 727 de
1505 679 1711 727 veritate
1749 681 2013 742 loquentis,
2052 695 2116 727 ne

211 754 335 801 forte
374 755 462 801 sub
500 755 664 816 aliqua
701 755 1017 802 excusatione
1066 754 1198 802 licite
1247 763 1364 802 tunc
1400 756 1686 816 loqueretur
1732 755 1933 815 falsum,
1983 756 2117 803 unde

213 838 428 876 cessaret
463 846 646 890 magna
683 845 743 877 ex
778 839 919 892 parte
957 830 1079 877 fides
1116 830 1380 876 humana».

293 918 395 958 Obi.
430 930 473 958 2.
537 911 679 958 Licet
725 912 954 959 iniustum
1003 926 1342 973 aggressorem
1395 911 1458 957 ad
1510 927 1561 958 se
1614 911 1988 959 defendendum
2039 927 2118 959 oc-

211 985 394 1033 cidere.
467 986 603 1046 Ergo
640 987 755 1034 licet
791 1004 818 1033 a
857 987 1047 1034 fortiori
1084 986 1148 1034 ad
1182 1001 1233 1033 se
1271 986 1649 1033 defendendum
1684 986 1894 1033 mentiri.

290 1077 442 1126 Resp.
518 1069 651 1116 Conc.
707 1075 851 1116 antec.
907 1075 951 1115 et
998 1085 1112 1129 nego
1163 1084 1281 1115 cons.
1335 1074 1379 1114 et
1422 1070 1694 1129 paritatem.
1784 1067 1984 1116 Occisio
2034 1068 2117 1116 ho-

209 1142 352 1190 minis
390 1143 548 1190 solum
586 1153 789 1191 eatenus
827 1152 900 1191 est
936 1144 1128 1202 illicita,
1169 1152 1411 1204 quatenus
1448 1159 1538 1205 per
1575 1158 1686 1190 eam
1723 1143 1950 1204 proximo
1987 1143 2119 1190 dam-

207 1233 322 1264 num
363 1217 592 1265 iniustum
630 1218 861 1277 infertur3
900 1218 1217 1266 mendacium
1254 1233 1373 1265 vero
1398 1233 1500 1264 non
1527 1219 1684 1264 solum
1712 1233 1771 1265 ex
1796 1217 1890 1264 hac
1927 1218 2119 1266 ratione

209 1301 282 1340 est
317 1292 557 1351 illicitum,
598 1294 686 1340 sed
724 1309 784 1341 ex
821 1309 872 1341 se
909 1293 1018 1356 ipso
1058 1303 1130 1342 est
1167 1293 1520 1350 inordinatum,
1563 1301 1805 1354 quatenus
1842 1302 1915 1341 est
1939 1294 2119 1342 abusus

207 1368 490 1415 verborum.

291 1456 391 1497 Obi.
421 1469 464 1507 3-
535 1450 859 1497 Mendacium
896 1458 967 1498 est
1004 1450 1188 1497 locutio
1215 1458 1388 1497 contra
1414 1457 1648 1496 mentem.
1710 1449 1864 1511 Atqui
1895 1450 2118 1498 obiciens

208 1523 258 1570 in
296 1523 626 1585 disputatione
674 1524 968 1572 scholastica
1016 1525 1232 1586 loquitur
1280 1533 1454 1572 contra
1502 1533 1735 1572 mentem.
1807 1525 1946 1585 Ergo
1981 1541 2116 1574 men-

209 1599 350 1659 titur3
387 1600 523 1660 quod
560 1599 772 1647 absurde
811 1599 1002 1648 dicitur.

288 1690 439 1738 Resp.
514 1681 648 1728 Com.
687 1683 796 1728 mai.
868 1682 1009 1742 [Vego
1056 1684 1165 1729 min.
1240 1684 1382 1743 Quae
1431 1681 1563 1729 enim
1612 1680 1773 1728 sciens
1826 1681 1948 1730 falsa
1998 1682 2118 1730 dicit

211 1755 447 1813 obiciens,
485 1771 590 1803 non
628 1758 797 1804 asserit
833 1772 892 1804 ex
929 1773 1015 1804 sua
1039 1773 1267 1819 persona,
1307 1757 1395 1805 sed
1422 1773 1479 1804 ex
1508 1771 1721 1817 persona
1746 1757 1973 1818 negantis
1998 1757 2119 1806 veri-

208 1839 374 1887 tatem,
409 1830 545 1878 cuius
573 1840 738 1893 partes
763 1832 877 1893 agit.
929 1832 1003 1880 Cf.
1031 1832 1079 1879 S.
1115 1833 1295 1889 Thom„
1322 1834 1380 1879 In
1407 1849 1451 1892 3,
1479 1833 1587 1883 dist.
1610 1839 1686 1896 38,
1716 1852 1762 1898 q.
1790 1853 1828 1893 1,
1856 1849 1899 1881 a.
1930 1847 1952 1896 5
1983 1833 2047 1880 ad
2078 1850 2117 1880 1.

290 1913 393 1953 Obi.
427 1926 469 1963 4.
544 1906 724 1953 Contra
760 1908 831 1953 ll.
865 1913 1063 1969 partem.
1137 1909 1212 1953 Ex
1260 1908 1672 1969 aequivocatione
1721 1919 1771 1958 et
1806 1909 2116 1957 restrictione

211 1981 389 2028 eadem
427 1982 557 2027 mala
593 1990 863 2042 sequuntur
911 1997 1039 2043 quae
1087 1998 1147 2029 ex
1183 1983 1462 2031 mendacio,
1534 1985 1674 2045 Ergo
1711 1985 1890 2033 eadem
1925 1983 2118 2031 ratione

210 2064 322 2103 sunt
356 2055 566 2103 illicitae.

287 2147 439 2196 Resp.
512 2139 642 2186 Dist.
682 2144 825 2185 antec.
846 2157 859 2185 .·
912 2140 987 2185 Ex
1039 2139 1451 2200 aequivocatione
1506 2142 1681 2189 eadem
1734 2142 1864 2188 mala
1911 2155 2119 2201 sequun-

209 2222 284 2260 tur
321 2228 410 2274 per
446 2229 512 2271 se,
551 2229 695 2273 nego,
734 2229 823 2275 per
860 2214 1119 2273 accidens,
1170 2215 1392 2261 modist..-
1438 2215 1476 2262 si
1525 2216 1706 2277 passim
1745 2225 1793 2263 et
1829 2215 1933 2262 sine
1971 2230 2119 2262 causa

208 2288 584 2349 proportionate
631 2288 769 2350 gravi
821 2289 1171 2347 adhibeantur,
1211 2295 1378 2345 tram„
1418 2305 1585 2349 secus,
1624 2306 1750 2350 nego.
1823 2290 1963 2350 Nego
1998 2305 2116 2337 cons.

210 2363 529 2410 Mendacium
557 2378 617 2411 ex
642 2372 816 2410 natura
841 2380 927 2411 sua
950 2365 1102 2412 habet
1127 2373 1177 2411 ut
1201 2365 1349 2421 fallat,
1389 2379 1474 2411 seu
1500 2365 1623 2413 fallit
1647 2381 1737 2426 per
1761 2380 1841 2426 seg
1878 2363 2119 2412 restrictio

208 2453 328 2485 vero
366 2440 523 2486 solum
560 2439 768 2500 praebet
803 2441 1077 2486 occasionem
1114 2439 1293 2487 erroris
1331 2448 1377 2487 et
1413 2439 1531 2487 hinc
1565 2456 1656 2502 per
1702 2441 1935 2488 accidens
1982 2439 2117 2486 fallit.

293 2527 395 2567 Obi.
443 2538 484 2578 5.
554 2520 652 2579 Qui
690 2520 963 2581 aequivoce
1001 2521 1230 2582 loquitur,
1269 2520 1483 2568 abutitur
1508 2537 1753 2570 sermone.
1815 2522 1944 2568 Nam
1972 2519 2117 2568 utitur

212 2609 440 2641 sermone
478 2595 542 2641 ad
579 2595 929 2642 occultandam
967 2603 1187 2642 mentem
1226 2611 1378 2643 suam.

290 2692 440 2741 Resp.
509 2682 648 2742 Nego
684 2690 847 2730 assert.
920 2684 1007 2731 Ad
1035 2691 1128 2731 rat.
1167 2685 1312 2731 addit.
1351 2686 1454 2732 dist.
1474 2703 1488 2731 .·
1534 2686 1680 2732 Haec
1727 2685 1991 2732 occultatio
2044 2692 2117 2731 est

210 2757 318 2804 finis
371 2763 573 2804 remotas
626 2766 674 2804 et
724 2773 815 2819 per
866 2773 917 2805 se
971 2759 1185 2806 intentus
1239 2755 1442 2821 (primus
1494 2759 1543 2805 in
1582 2759 1758 2807 ordine
1794 2754 2114 2820 intentionis),

211 2848 357 2889 conc,
411 2840 483 2879 est
534 2831 643 2878 finis
684 2834 938 2894 proximus
991 2829 1195 2895 (primus
1242 2833 1293 2880 in
1347 2834 1522 2881 ordine
1574 2829 1948 2895 exsecutionis),
2004 2848 2118 2892 nego

215 2903 281 2968 (n·
326 2902 452 2969 299)-

944 3011 1273 3052 ARTICULUS
1307 3013 1383 3051 III.

214 3129 306 3173 DE
341 3126 625 3174 OFFICIIS
659 3128 922 3174 MUTUIS
956 3127 1165 3175 CIRCA
1198 3129 1734 3175 INTEGRITATEM
1760 3127 2115 3175 CORPORIS.

220 3268 366 3320 303.
446 3258 570 3308 Non
622 3257 796 3308 solum
848 3258 970 3324 lege
1017 3257 1252 3324 generali
1293 3259 1553 3319 caritatiS,
1603 3258 1700 3308 sed
1740 3259 1899 3309 etiam
1938 3257 2119 3308 stricta

219 3340 410 3389 iustitia
461 3339 773 3406 prohibetur
812 3340 1187 3402 homicidium,
1241 3340 1270 3390 i.
1315 3358 1357 3390 e.
1404 3340 1605 3391 directa
1651 3340 1848 3391 occisio
1887 3338 2118 3407 proximi
