2182 3682
219 182 325 247 276
616 192 729 221 PARS
763 192 810 222 11.
862 191 1176 221 PHILOSOPHIA
1211 191 1416 220 MORALIS
1452 190 1702 221 SPECIALIS.

221 339 368 393 351.
448 327 626 379 Sclwl.
695 327 753 379 Si
792 329 910 394 quis
950 328 1018 378 ad
1061 327 1309 378 evitanda
1347 327 1695 377 incommoda
1735 326 2122 376 communismo

217 429 374 478 supra
430 411 642 461 obiecta
696 428 1000 478 supponere
1050 409 1211 460 vellet
1267 410 1444 459 omnia
1499 409 1644 459 bona
1697 426 1858 475 posse
1909 425 2124 458 manere

219 494 523 545 communia
562 493 828 558 negaz‘ive,
871 494 942 542 ita
982 491 1075 542 scl.
1118 502 1177 542 ut
1217 509 1403 541 eorum
1445 508 1570 542 cura
1611 492 1869 558 cuiusque
1908 491 2124 542 arbitrio
2181 522 2182 557 3

218 577 577 643 permittatur,
630 576 682 625 in
735 576 962 625 maiores
1016 575 1175 624 etiam
1224 573 1567 624 difficultates
1616 574 1888 624 incideret.
1970 571 2124 638 Quae
2163 570 2182 620 ᾗ

218 660 359 709 enim
409 660 480 709 ita
532 658 836 708 communia
886 664 1035 718 sunt,
1090 666 1149 707 ut
1199 656 1395 706 nemini
1446 657 1722 722 speciatim
1776 673 1960 706 eorum
2001 673 2127 706 cura

218 741 597 802 demandetur,
653 740 1010 790 communiter
1049 738 1265 805 neglegi
1304 738 1494 790 solent.
1575 738 1841 803 Accedit,
1883 739 2032 805 quod
2072 739 2125 789 in

217 824 303 875 illa
353 823 722 890 suppositione
774 822 947 872 nullus
1001 823 1136 872 ordo
1188 821 1457 888 possibilis
1509 828 1648 871 esset
1699 820 1948 887 nullaque
1999 839 2123 888 pax.

218 906 458 972 Quilibet
497 914 682 972 posset
723 923 777 955 re
819 904 1058 972 qualibet
1098 905 1199 966 uti,
1244 913 1404 971 prout
1442 904 1616 966 vellet,
1662 912 1715 954 et
1753 905 1828 954 sic
1868 912 2127 970 perpetua

216 990 383 1055 iurgia
411 997 699 1038 orerentur.
756 986 967 1052 Quodsi
1003 988 1390 1054 respondeatur
1418 987 1712 1054 quemlibet
1752 1004 1911 1053 posse
1939 986 2069 1037 alios
2095 1002 2128 1037 a

217 1090 271 1122 re
299 1071 462 1122 semel
493 1080 756 1137 occupata
784 1070 1087 1131 excludere,
1118 1071 1221 1120 iam
1252 1070 1319 1120 de
1349 1070 1740 1120 communismo
1767 1077 1946 1120 actum
1969 1075 2123 1120 esset.

956 1232 1283 1271 ARTICULUS
1315 1233 1390 1271 ΠΙ.

505 1337 933 1384 REFUTATUR
972 1336 1424 1383 SOCIALISMUS
1462 1335 1834 1382 AGRARIUS.

220 1464 365 1518 352.
447 1454 486 1504 Ii
537 1454 861 1516 socialistae‚
918 1463 1103 1504 contra
1155 1470 1292 1520 quos
1344 1454 1395 1503 in
1448 1454 1721 1519 superiore
1762 1452 1983 1503 articulo
2026 1452 2127 1503 dis-

217 1537 534 1603 putavimus,
560 1538 853 1587 dominium
877 1537 1109 1586 omnium
1134 1537 1401 1586 bonorum
1422 1536 1860 1602 productivorum
1882 1536 1934 1585 in
1956 1544 2128 1585 totam

216 1620 484 1670 civitatem
525 1619 807 1670 transferre
848 1618 1050 1670 volunt.
1122 1619 1221 1669 His
1261 1618 1345 1668 alii
1386 1618 1787 1679 moderatiores,
1829 1618 1925 1667 sed
1955 1618 2127 1668 minus

215 1703 313 1752 sibi
355 1711 677 1764 constantes,
722 1711 927 1752 tantum
969 1703 1115 1752 bona
1155 1702 1471 1768 productiva
1504 1700 1805 1750 immobilia
1834 1718 1926 1751 seu
1954 1700 2126 1750 solum

216 1785 411 1851 (agros,
442 1794 608 1851 prata,
652 1784 824 1847 silvas,
858 1785 1080 1846 fodinas,
1114 1785 1307 1834 domos
1336 1785 1460 1848 etc.)
1489 1784 1540 1832 in
1570 1800 1855 1834 commune
1885 1783 2126 1849 redigere

216 1867 720 1932 («nationalizare»)‚
765 1867 963 1933 reliqua
1005 1868 1148 1917 bona
1189 1867 1507 1933 productiva
1547 1866 1597 1915 in
1638 1867 1844 1932 privato
1887 1866 2126 1916 dominio

217 1949 513 2016 relinquere
555 1952 789 2016 cupiunt.
860 1950 1142 2000 Vocantur
1182 1950 1233 1999 hi
1274 1949 1585 1999 socialz'slae
1612 1948 1856 2013 agrarii,
1898 1965 2126 2014 quorum

218 2033 330 2082 dux
381 2034 696 2100 praecipuus
738 2041 819 2083 est
858 2032 932 2082 H.
985 2032 1194 2098 Georgc
1237 2031 1286 2097 (1²
1337 2032 1494 2095 1897)
1537 2032 1586 2080 in
1628 2031 1909 2092 America,
1965 2047 2126 2097 quem

217 2116 451 2165 maxima
506 2133 574 2165 ex
631 2124 781 2182 parte
837 2125 1131 2181 sequuntur
1185 2114 1266 2164 Μ.
1323 2113 1669 2163 filma-cheina
1721 2114 1771 2162 in
1826 2112 2125 2174 Germania,

217 2197 469 2248 Hersslca
511 2199 561 2247 in
603 2198 822 2247 Austria
874 2215 1170 2264 eorumque
1222 2196 1472 2247 asseclae.
1555 2196 1623 2245 Iis
1663 2196 1800 2245 viam
1850 2211 2127 2262 praepara-

219 2289 403 2330 verant
443 2280 505 2330 E.
551 2281 615 2330 dc
655 2280 925 2346 Laveleye
965 2281 1016 2330 in
1066 2279 1281 2345 Belgio,
1325 2278 1380 2338 J.
1428 2277 1620 2328 Stltm‘t
1657 2277 1800 2328 slsz'll
1834 2278 1886 2327 in
1925 2276 2130 2344 Anglia

218 2363 425 2429 aliique.
508 2363 717 2413 Horum
772 2364 1082 2429 opinionem
1134 2362 1239 2412 hoc
1292 2361 1414 2412 loco
1468 2360 1698 2411 breviter
1738 2360 2124 2426 expendemus.

926 2525 1195 2574 THESIS
1233 2526 1433 2572 LVIII.

223 2639 370 2692 353·
452 2637 733 2693 Rationes,
773 2636 977 2698 quibus
1015 2635 1328 2684 socialistae
1366 2634 1562 2696 agrarii
1593 2649 1758 2682 suam
1785 2633 2125 2682 sententiam

220 2718 593 2773 propugnant,
631 2712 685 2759 vi
723 2711 880 2759 omni
918 2718 1124 2758 carent.

874 2813 1136 2867 (Moralphil.
1171 2815 1211 2852 H
1248 2823 1329 2864 247
1357 2810 1472 2865 sqq.)

298 2914 394 2969 St.
441 2916 516 2985 Q.
599 2917 676 2969 Cf.
720 2936 894 2984 supra.

298 3024 463 3071 Prob.
512 3023 873 3088 percurrendo
915 3031 1229 3088 argumenta
1270 3021 1707 3071 adversariorum.

296 3127 688 3191 Argumentum
733 3141 778 3175 I.
825 3144 893 3176 ex
934 3126 1166 3176 lzislm‘ia
1209 3126 1425 3175 ducunt.
1496 3122 1551 3173 Si
1592 3123 1732 3173 enim
1773 3122 1833 3173 E.
1867 3123 1935 3172 de
1962 3122 2126 3172 Lave-

224 3207 343 3274 leye
395 3218 448 3258 et
499 3217 624 3275 post
675 3208 849 3274 ipsum
893 3207 1131 3273 Georgio
1183 3208 1395 3268 credaS,
1449 3207 1692 3272 primitus
1742 3204 1887 3271 apud
1940 3221 2127 3254 omnes

224 3299 411 3356 gentes
458 3291 721 3340 invenitur
771 3291 1069 3340 communis
1124 3290 1391 3356 possessio
1435 3288 1745 3349 fundorum,
1802 3304 1832 3336 a
1871 3302 1978 3352 qua
2017 3302 2125 3335 non

223 3374 318 3422 nisi
359 3372 636 3439 paulatim,
679 3372 993 3439 plerumque
1032 3373 1082 3422 vi
1123 3381 1175 3421 et
1217 3371 1415 3432 fraude,
1461 3371 1756 3420 discessum
1797 3376 1890 3419 est.
1970 3367 2125 3433 Ergo
