2182 3682
207 169 314 232 256
610 179 724 208 PARS
759 178 805 208 ΙῘ.
857 177 1173 207 PHILOSOPHIA
1207 177 1410 207 MORALIs
1447 177 1695 208 SPECIALIS.

207 327 351 378 322.
433 315 520 366 ΙΙΙ.
574 315 727 382 Quae
778 316 1055 383 hucusque
1113 316 1181 366 de
1232 315 1475 366 libertate
1528 316 1884 366 conscientiae
1925 315 2114 383 proba-

202 399 392 460 vimus,
431 397 582 449 facile
610 396 863 469 applicari
891 407 1118 464 possunt
1147 398 1215 448 ad
1245 397 1547 448 libertatem
1578 397 1879 463 relzgz'onis,
1914 397 2114 464 quippe

205 497 343 548 quae
384 498 479 547 per
517 498 574 531 se
615 479 740 530 nihil
782 480 924 531 aliud
966 481 1111 531 dicat
1163 497 1326 546 quam
1370 479 1669 530 libertatem
1711 474 1971 546 sequendi
2010 480 2114 530 dic-

203 572 383 613 tamen
424 571 626 614 certum
671 563 1028 613 conscientiae
1068 563 1120 612 in
1162 562 1322 613 rebus
1362 562 1648 628 religiosis,
1701 563 1731 613 i.
1776 580 1819 613 e.
1865 579 2004 629 quae
2045 561 2115 612 ad
2156 620 2165 623 μ

205 645 404 696 cultum
462 646 562 696 Dei
619 646 901 712 pertinent.
994 645 1448 711 Distinguendum
1508 653 1588 696 est
1642 645 1953 716 exercitium
2007 644 2117 695 reli-

207 729 378 795 gionis
419 729 684 778 internum
726 737 779 778 et
820 736 1130 778 externum:
1778 715 1819 719 ⁴⁴

289 832 329 869 Ι.
395 818 641 868 Libertas
701 817 969 884 religionis
1028 818 1243 868 interna
1303 818 1533 884 spectari
1591 826 1774 884 potest
1832 826 1928 869 aut
1983 819 2118 868 intra
2181 855 2182 878 ,

205 900 380 950 solum
435 901 677 950 ordinem
732 900 1002 967 religionis
1054 899 1305 951 naturalis
1357 909 1453 950 aut
1495 908 1743 967 respectu
1784 899 2118 951 revelationis

204 970 514 1050 positivae*
560 983 619 1033 In
659 983 858 1048 priore
909 1000 1061 1045 casu,
1116 984 1145 1033 i.
1191 1000 1232 1033 e.
1278 1000 1386 1033 non
1439 984 1718 1049 supposita
1770 991 1859 1033 aut
1904 984 2118 1049 penitus

203 1066 450 1132 ignorata
489 1064 745 1132 religione
786 1066 1027 1132 positiva,
1072 1065 1297 1132 quilibet
1325 1074 1405 1115 est
1440 1066 1520 1114 «in
1562 1065 1955 1131 possessione»,
1997 1066 2027 1115 i.
2071 1083 2115 1116 e.

204 1149 281 1198 ius
321 1148 485 1199 habet
514 1157 567 1198 et
596 1148 830 1199 officium
871 1148 1170 1215 inquirendi
1211 1148 1261 1197 in
1303 1164 1451 1197 suam
1490 1148 1559 1197 ad
1589 1148 1765 1198 Deum
1807 1148 2116 1199 relationem

205 1240 258 1281 et
297 1232 558 1297 sequendi
598 1232 814 1281 rationis
857 1231 1173 1292 dictamina;
1230 1230 1427 1296 quodsi
1467 1231 1513 1279 ei
1555 1230 1896 1281 annuntietur
1935 1230 2119 1297 religio

205 1314 446 1380 positiva,
491 1322 781 1380 antequam
811 1315 857 1364 ei
892 1314 960 1364 de
1002 1312 1522 1383 facto-revelationis
1564 1321 1790 1375 constet,
1833 1314 1913 1364 ius
1954 1322 2007 1363 et
2047 1313 2119 1363 of-

206 1395 384 1446 ficium
436 1396 601 1446 habet
653 1395 851 1446 factum
904 1394 1239 1446 revelationis
1281 1395 1637 1445 examinandi.
1718 1395 1777 1445 In
1812 1395 2120 1460 posteriore

207 1495 350 1540 casu,
392 1479 420 1528 i.
454 1496 498 1529 e.
544 1479 724 1544 agnita
765 1478 931 1528 semel
972 1478 1150 1528 divina
1192 1476 1460 1542 religionis
1499 1477 1759 1543 positivae
1789 1479 2006 1543 origine,
2049 1487 2120 1528 te-

207 1569 362 1611 netur
408 1560 632 1627 quilibet
684 1562 858 1611 eidem
900 1578 957 1611 se
997 1561 1239 1611 subicere
1281 1569 1334 1610 et
1373 1560 1536 1610 vitam
1577 1576 1726 1610 suam
1769 1560 2118 1612 conformare.

284 1667 330 1703 2.
376 1651 574 1718 Quoad
617 1653 917 1704 libertatem
949 1661 1227 1703 externam
1257 1651 1525 1718 religionis
1553 1652 1649 1702 tria
1678 1652 1934 1719 principia
1962 1670 2119 1719 gene-

208 1735 333 1785 ralia
374 1753 444 1785 ex
485 1736 639 1786 dictis
683 1737 751 1804 de
793 1736 1037 1786 libertate
1079 1735 1439 1786 conscientiae
1480 1735 1591 1784 erui
1632 1742 1883 1801 possunt:

282 1826 331 1890 a)
373 1825 550 1875 Nemo
592 1843 846 1892 umquam
891 1826 958 1875 ad
999 1823 1438 1891 amplectendam
1491 1825 1651 1874 etiam
1692 1841 1872 1874 veram
1917 1823 2120 1891 religio-

208 1925 331 1958 nem
383 1907 671 1961 revelatam
723 1908 863 1958 licite
915 1908 1038 1974 cogi
1090 1915 1284 1973 potest.
1367 1906 1482 1957 Etsi
1533 1908 1672 1957 enim
1726 1924 1797 1957 ex
1847 1906 2122 1958 voluntate

208 1991 312 2040 Dei
366 2008 552 2040 ornnes
592 1990 868 2041 Ecclesiae
910 2008 966 2040 se
1018 1991 1260 2040 subicere
1315 1990 1576 2051 debeant,
1631 1997 1811 2040 tamen
1853 2007 2013 2039 nemo
2055 1990 2123 2040 de

210 2072 353 2123 facto
381 2072 657 2124 Ecclesiae
698 2073 970 2135 subicitur,
1015 2073 1104 2138 qui
1145 2072 1195 2122 in
1238 2089 1356 2122 eam
1398 2089 1505 2122 non
1545 2072 1827 2122 intraverit.
1896 2072 2125 2122 Intratur

209 2163 387 2206 autem
431 2155 676 2206 Ecclesia
728 2173 823 2222 per
862 2155 1053 2217 fidem,
1110 2171 1246 2221 quae
1287 2163 1367 2204 est
1419 2154 1825 2204 fundamentum
1877 2163 1930 2204 et
1970 2154 2123 2204 radix

209 2238 373 2288 totius
413 2239 552 2288 vitae
593 2237 1021 2304 supernaturalis.
1091 2236 1199 2288 Sed
1241 2237 1310 2287 ad
1352 2237 1516 2287 fidem
1558 2254 1717 2287 nemo
1760 2237 1883 2303 cogi
1922 2244 2119 2303 potest,

210 2321 332 2387 quia
372 2321 589 2370 credere
629 2320 917 2371 voluntatis
947 2329 1026 2370 est
1069 2319 1142 2384 (S.
1184 2320 1371 2369 Thone.
1405 2333 1451 2381 2,
1485 2333 1532 2380 2,
1565 2332 1734 2385 q.710‚
1778 2336 1822 2368 a.
1856 2320 1923 2384 8).
1981 2318 2122 2369 Hinc

210 2420 276 2452 ne
316 2403 431 2468 ipsa
471 2402 713 2453 Ecclesia
754 2403 972 2470 quidem
1013 2402 1241 2468 gentiles
1282 2403 1350 2452 ad
1393 2401 1556 2452 fidem
1596 2401 2030 2468 amplectendam
2071 2410 2124 2451 et

211 2485 574 2535 confitendam
628 2484 872 2535 nolentes
924 2484 1248 2551 compellere
1301 2493 1497 2551 potest.
1578 2484 1893 2534 Notandum
1942 2492 2121 2533 tamen

210 2566 352 2617 aliud
396 2584 512 2617 esse
568 2567 810 2618 infideles
852 2567 1203 2634 compellere,
1255 2574 1313 2616 ut
1353 2566 1513 2617 fidem
1558 2583 1665 2616 non
1705 2566 2000 2632 impediant
2038 2565 2123 2616 vel

212 2649 376 2699 fidem
417 2650 661 2711 audiant,
716 2649 799 2700 vel
842 2649 1033 2700 falsum
1087 2649 1284 2700 cultum
1335 2658 1618 2699 externum
1659 2648 1730 2698 ob
1774 2665 1958 2698 causas
1999 2647 2123 2714 legi-

213 2732 368 2781 timas
420 2750 527 2781 non
584 2733 841 2792 tolerare,
901 2742 953 2782 et
1006 2731 1149 2781 aliud
1207 2732 1274 2781 ad
1334 2731 1731 2797 suscipiendum
1782 2747 1964 2780 verum
2021 2728 2123 2780 cul-

214 2822 327 2863 tum
370 2814 599 2880 adigere,

297 2977 398 3017 Obi.
466 2970 604 3029 Ergo
640 2984 805 3030 neque
841 2969 1079 3017 haeretici
1117 2969 1229 3031 cogi
1254 2977 1459 3031 possunt
1497 2969 1561 3015 ad
1596 2967 1745 3015 fidem
1771 2967 2118 3030 profitendam.

295 3076 446 3124 Resp.
513 3066 679 3113 D2·st..·
727 3067 843 3113 Non
880 3075 1085 3128 possunt
1120 3066 1358 3113 haeretici
1397 3060 1665 3127 (formales)
1705 3064 1818 3126 cogi
1854 3063 1920 3110 ad
1954 3064 2120 3121 fidem,

216 3156 362 3197 conc„
401 3141 465 3187 ad
501 3141 771 3188 tenendam
809 3141 1189 3202 promissionem
1227 3156 1364 3187 suam
1404 3140 1536 3187 circa
1572 3139 1736 3197 fidem,
1775 3154 1902 3198 nego.
1957 3137 2122 3184 «Sicut

217 3229 397 3262 vovere
450 3215 712 3263 voluntatis
764 3224 860 3273 est,
915 3216 1127 3263 reddere
1180 3224 1343 3262 autem
1393 3213 1724 3272 necessitatis,
1777 3212 1843 3259 ita
1893 3212 2122 3273 accipere

219 3290 367 3337 fidem
404 3298 476 3337 est
511 3290 800 3347 voluntatis,
851 3291 940 3338 sed
989 3299 1159 3338 tenere
1209 3305 1318 3337 eam
1368 3298 1627 3350 acceptam
1678 3296 1751 3335 est
1784 3285 2118 3335 necessitatis»

132 3425 147 3438 .
221 3361 288 3425 (S.
324 3365 486 3412 Tlmm.
526 3366 554 3412 l.
595 3382 635 3412 c.
675 3366 739 3412 ad
776 3361 838 3426 3).
