2182 3682
210 180 316 230 334
613 175 728 204 PARS
762 175 810 204 ΙΙ.
860 175 1176 205 PHILOSOPHIA
1209 175 1414 205 MORALIS
1450 175 1699 205 SPECIALIS.

963 314 1291 354 ARTICULUs
1323 315 1356 355 Ι.

681 419 771 464 DE
812 417 1195 465 SOCIETATE
1233 417 1637 465 CONIUGALI.

425 546 453 601 ξ
491 561 524 589 1.
576 551 655 589 DE
688 551 933 590 NATURA
967 550 1042 589 ET
1074 550 1479 589 NECESSITATE
1511 550 1891 591 MATRIMONII.

910 674 1179 723 THESIS
1217 676 1415 722 LXVI.

205 788 354 841 435.
435 787 650 833 Auctor
687 792 920 833 naturae
969 787 1038 833 ad
1086 785 1554 847 propagationem
1607 786 1828 847 generis
1876 787 2114 835 humani

203 862 323 907 vult
359 860 819 908 coniunctionem
857 875 1234 921 personarum
1273 860 1478 908 diversi
1515 875 1708 918 sexuS‚
1752 876 1879 909 eam
1918 869 2111 910 autem
2163 903 2165 905 .

205 950 317 983 non
356 935 460 982 nisi
497 936 774 983 stabilem.

435 1038 508 1091 (5..
541 1041 695 1089 Thone„
734 1041 780 1079 C.
815 1049 929 1093 gent.
965 1041 990 1080 l.
1029 1050 1066 1090 3,
1103 1055 1137 1080 c.
1178 1051 1282 1089 122;
1320 1040 1533 1094 Supplem.
1571 1055 1609 1093 q.
1645 1052 1715 1091 41,
1750 1055 1784 1079 a.
1826 1037 1884 1092 Ι.)

283 1147 450 1186 PARS
481 1148 513 1186 Ι,
578 1148 651 1186 De
686 1148 1028 1187 coniunctione
1062 1161 1282 1187 sexuum.

282 1229 447 1276 Prob.
523 1228 703 1277 Deum
740 1227 876 1278 velle
917 1230 1362 1295 propagationem
1411 1230 1620 1295 generis
1658 1228 1876 1279 humani
1917 1246 2116 1296 cogno-

206 1311 404 1360 scimus
456 1328 525 1360 eX
576 1311 872 1377 aptitudine
914 1319 966 1360 et
1005 1310 1309 1361 vehementi
1349 1311 1689 1361 inclinatione
1729 1311 1798 1361 ad
1837 1329 2114 1378 procrean-

210 1393 355 1454 dum,
399 1410 559 1458 quam
594 1393 901 1443 hominibus
941 1394 1078 1443 sicut
1115 1394 1303 1443 ceteris
1343 1394 1701 1444 animantibus
1742 1394 1959 1456 indidit3
2002 1411 2120 1461 pro-

209 1476 554 1542 pagationem
592 1484 770 1525 autem
800 1476 911 1525 fieri
940 1476 1138 1526 debere
1175 1494 1269 1542 per
1302 1477 1735 1527 coniunctionem
1771 1494 2120 1543 personarum

210 1557 402 1607 diversi
441 1575 603 1607 sexus
644 1566 794 1623 patet
834 1575 903 1607 ex
945 1576 1025 1619 eo,
1072 1559 1219 1625 quod
1261 1567 1412 1608 extra
1452 1558 1594 1609 illam
1637 1560 1958 1625 propagatio
1999 1577 2118 1626 pos-

208 1639 371 1689 sibilis
410 1658 515 1689 non
560 1648 653 1690 est.
718 1639 913 1691 Semen
955 1642 1095 1690 enim
1138 1641 1412 1691 ordinatur
1451 1659 1558 1691 non
1600 1641 1668 1691 ad
1710 1642 1914 1691 bonum
1953 1643 2118 1708 ipsius

208 1722 486 1784 individui,
541 1723 636 1772 sed
678 1724 746 1772 ad
788 1724 991 1773 bonum
1031 1725 1254 1789 speciei,
1300 1724 1447 1789 quod
1491 1732 1642 1773 extra
1683 1725 2115 1774 coniunctionem

208 1822 433 1855 sexuum
472 1805 699 1855 obtineri
737 1807 935 1872 nequit.
993 1806 1123 1856 Inde
1160 1807 1398 1872 sequitur
1426 1806 1722 1872 quamlibet
1761 1806 2114 1873 pollutionem

208 1887 427 1938 liberam
471 1905 587 1938 esse
628 1906 846 1954 gravem
888 1889 1110 1938 abusum
1162 1906 1255 1938 seu
1298 1898 1582 1955 peccatum
1631 1898 1816 1940 contra
1857 1898 2113 1941 naturam.

212 2020 359 2086 436.
441 2032 608 2071 PARS
639 2033 692 2071 ΙΙ.
758 2033 831 2070 De
865 2033 1033 2071 stabili
1063 2032 1417 2071 coniunctione.

285 2120 451 2168 Prob.
539 2135 578 2171 Ι.
635 2120 745 2170 Iam
789 2138 858 2170 ex
899 2129 1049 2187 parte
1103 2120 1304 2186 dignae
1346 2128 1396 2170 et
1432 2137 1654 2170 securae
1693 2119 2118 2187 propagationis

208 2201 488 2268 requiritur
536 2203 796 2253 stabilitas
837 2204 1171 2253 matrimonii.
1255 2203 1473 2268 Vagum
1515 2204 1843 2253 consortium
1883 2203 1953 2252 ad
1995 2220 2115 2253 con-

209 2285 476 2335 dicionem
516 2285 785 2335 beluinam
813 2285 1086 2336 hominem
1117 2287 1319 2336 ratione
1361 2286 1662 2351 praeditum
1703 2286 1982 2351 redigeret.
2040 2285 2116 2335 Ut

207 2368 347 2418 enim
387 2369 705 2434 procreandi
745 2367 912 2418 libido
953 2368 1090 2418 adeo
1119 2368 1410 2418 vehemens
1449 2369 1583 2418 intra
1617 2368 1860 2418 ordinem
1901 2367 2117 2418 rationis

207 2451 567 2512 contineatur,
623 2468 759 2517 opus
800 2459 880 2500 est
920 2450 1097 2517 aliqua
1137 2450 1319 2517 regula
1361 2450 1650 2511 obiectiva‚
1705 2449 1908 2512 stabili,
1959 2449 2114 2510 clara,

206 2533 505 2583 secundum
541 2551 703 2599 quam
731 2551 854 2583 usus
881 2551 1229 2583 venereorum
1261 2533 1655 2583 determinetur.
1714 2532 1888 2599 Atqui
1922 2533 1966 2582 si
1994 2549 2116 2582 con-

205 2615 402 2666 iunctio
445 2633 553 2665 non
583 2616 746 2666 debet
787 2633 903 2666 esse
944 2616 1161 2677 stabilis,
1205 2617 1308 2665 iam
1341 2614 1484 2665 nulla
1526 2616 1680 2665 adest
1720 2614 1983 2665 eiusmodi
2023 2614 2114 2665 ob-

206 2699 396 2748 iectiva
447 2706 500 2751 et
551 2698 857 2748 universalis
910 2698 1107 2765 regula.
1190 2698 1438 2748 Hominis
1487 2698 1627 2747 enim
1680 2696 1846 2748 libido
1894 2714 2002 2746 non
2042 2697 2110 2746 in-

204 2781 400 2830 stinctu
442 2781 664 2846 regitur,
720 2790 778 2830 ut
818 2781 877 2830 fit
916 2781 967 2830 in
1008 2780 1351 2841 animalibus,
1401 2781 1496 2830 sed
1538 2780 1703 2830 debet
1742 2780 1944 2830 ratione
1985 2779 2111 2845 regi.

207 2862 370 2913 Unde
410 2862 732 2912 Aristoteles
773 2864 815 2927 (Ι
855 2863 1006 2914 Polit.
1051 2881 1093 2913 c.
1141 2864 1219 2928 2):
1284 2863 1761 2912 «Immanissimum
1803 2860 1995 2912 animal
2036 2869 2116 2911 est

208 2944 415 3009 (homo)
468 2946 580 2995 sine
619 2946 810 2995 virtute
863 2955 915 2995 et
969 2946 1035 2995 ad
1090 2963 1171 2995 res
1221 2962 1476 2995 venereas
1528 2945 1818 3011 cibumque
1871 2943 2116 3010 profliga-

207 3027 516 3078 tissimum.»

285 3122 331 3159 2.
375 3109 570 3159 Intuitu
612 3109 938 3160 educationis
978 3109 1192 3160 homine
1219 3110 1435 3175 dignae.
1498 3109 1702 3159 Natura
1740 3108 1967 3158 intendit
2006 3125 2132 3158 non·

209 3190 381 3241 solum
422 3193 819 3257 generationem
862 3191 1117 3253 hominiS,
1171 3193 1267 3242 sed
1309 3193 1469 3243 etiam
1511 3191 1749 3241 eiusdem
1804 3190 2116 3241 convenien-

210 3280 321 3323 tem
361 3274 735 3324 educationem
775 3274 1055 3340 physicam
1085 3282 1137 3324 et
1166 3274 1438 3336 moralem,
1482 3281 1539 3324 ut
1566 3274 1634 3323 ad
1662 3281 1862 3324 statum
1889 3272 2120 3322 hominis

214 3356 511 3422 perfectum
552 3358 838 3423 perveniat.
901 3356 994 3406 Ad
1023 3357 1161 3406 hanc
1201 3374 1362 3423 porro
1404 3356 1779 3407 educationem
1820 3354 2114 3421 generatim
