2182 3682
163 148 272 210 486
567 157 681 186 PARS
716 157 764 187 ΙΙ.
814 156 1134 187 PHILOSOPHIA
1167 156 1372 186 MORALIS
1407 157 1656 187 SPECIALIS.

165 303 368 361 genteS‚
412 303 643 345 statuere
685 312 900 344 normas
938 312 1037 361 pro
1079 293 1420 344 relationibus
1459 294 1951 347 internationalibus
1977 314 2072 347 seu

164 377 398 428 condere
437 377 616 442 legum
651 377 898 437 codicem,
939 377 990 426 in
1019 394 1128 442 quo
1156 377 1235 426 ius
1262 376 1666 427 internationale
1693 385 1808 427 tum
1835 378 2072 429 naturale

162 468 275 510 tum
315 460 602 526 positivum
644 460 1018 516 contineretur,
1059 477 1107 510 v.
1140 476 1189 525 g.
1236 459 1373 508 circa
1412 459 1756 510 traditionem
1795 460 2074 511 hominum

162 541 569 604 sceleratorum,
633 543 771 592 circa
825 542 1086 591 rationem
1143 541 1474 602 commercii,
1539 542 1677 592 circa
1731 542 2074 594 evitationem

164 624 522 691 periculorum
564 624 930 674 communium
971 641 1039 673 ex
1080 623 1282 673 morbis
1324 624 1652 689 contagiosis
1693 631 1792 675 etc,

166 762 312 815 661.
399 775 443 829 5.
486 765 613 815 Duo
656 773 857 815 restant
895 764 1000 815 hoc
1041 763 1163 815 loco
1207 764 1709 815 animadvertenda:

237 861 286 925 a)
330 860 466 911 Cum
508 862 772 912 eiusmodi
812 862 935 912 unio
975 860 1213 922 socialis,
1270 860 1482 928 qualem
1524 862 1928 929 descripsimus,
1977 881 2075 930 pro

162 951 406 1010 tempore
447 945 693 1010 proxime
734 944 911 995 futuro
941 944 1032 994 vix
1067 944 1265 1010 sperari
1306 945 1491 1010 possit,
1535 943 1726 995 saltem
1755 946 2076 996 constituen-

163 1026 293 1075 dum
345 1035 484 1076 esset
534 1026 780 1077 tribunal
826 1026 1272 1089 inlernationale,
1327 1027 1396 1076 ad
1445 1027 1594 1093 quod
1647 1028 1937 1093 pertineret
1988 1046 2075 1078 ar-

161 1109 382 1159 bz'trz'zmz
424 1109 492 1159 de
544 1108 720 1160 litibus
772 1110 906 1159 inter
947 1109 1182 1160 diversas
1235 1118 1425 1175 gentes
1472 1110 1686 1159 exortis.
1769 1109 1894 1161 Hoc
1935 1111 2076 1160 enim

162 1192 377 1241 arbitrio
430 1191 657 1258 plurima
696 1193 1081 1259 impedirentur
1132 1191 1274 1242 bella
1326 1191 1540 1258 populis
1581 1193 1719 1243 adeo
1760 1193 2074 1259 perniciosa.

161 1274 379 1324 Praeses
419 1274 574 1324 huius
615 1273 889 1325 tribunalis
931 1275 1081 1341 quasi
1121 1283 1276 1324 natus
1317 1283 1457 1324 esset
1485 1273 1539 1324 S.
1570 1274 1842 1340 Pontifex.
1897 1275 2075 1326 Nemo

162 1358 302 1407 enim
354 1365 559 1407 tantam
599 1358 940 1407 securitatem
990 1357 1216 1423 praebet
1257 1358 1438 1423 quoad
1489 1358 1740 1408 iustitiam
1781 1359 2076 1409 sententiae

163 1439 438 1501 ferendae,
494 1457 653 1490 nemo
696 1440 855 1489 etiam
908 1448 1055 1490 tanta
1107 1440 1424 1490 auctoritate
1476 1439 1663 1490 morali
1703 1441 1847 1507 apud
1890 1458 2077 1492 omnes

165 1531 352 1588 gentes
394 1522 577 1573 fruitur
618 1532 816 1589 quanta
856 1521 956 1573 ille.

237 1605 293 1669 b)
334 1605 449 1655 Etsi
490 1606 751 1655 eiusmodi
792 1604 1096 1655 universalis
1136 1606 1270 1655 inter
1310 1614 1500 1671 gentes
1528 1604 1739 1655 socialis
1779 1607 1904 1655 unio
1934 1614 2076 1656 recte

163 1688 231 1738 ab
272 1696 490 1738 auctore
542 1697 761 1738 naturae
813 1705 909 1754 per
959 1705 1016 1738 se
1068 1689 1271 1738 intenta
1323 1689 1555 1749 dicatur,
1612 1688 1665 1737 id
1720 1697 1902 1738 tamen
1944 1687 2076 1738 diffi-

162 1771 387 1820 tendum
427 1788 535 1820 non
576 1780 657 1821 est
698 1788 816 1821 eam
857 1772 909 1821 in
950 1772 1217 1836 praesenti
1259 1771 1576 1821 condicione
1617 1779 1836 1820 naturae
1877 1769 2073 1837 lapsae,

162 1862 404 1920 spectata
455 1853 673 1904 humani
726 1854 935 1920 generis
989 1853 1246 1903 divisione
1298 1854 1349 1902 in
1402 1860 1485 1903 tot
1538 1852 1695 1903 falsas
1741 1861 1793 1902 et
1845 1854 1980 1903 inter
2018 1870 2077 1903 se

163 1937 401 1986 inimicas
442 1936 741 2003 religiones,
785 1945 1031 2003 spectato
1062 1937 1222 1986 etiam
1264 1937 1506 2002 gentium
1535 1935 1780 2001 egoismo
1809 1944 1862 1985 et
1889 1944 2076 1986 mutuo

162 2020 297 2069 inter
336 2037 393 2069 se
440 2020 594 2079 odio,
648 2020 760 2069 sine
812 2019 1078 2086 praesidio
1121 2018 1395 2068 Ecclesiae
1447 2017 1773 2079 catholicae,
1828 2018 1878 2067 in
1932 2019 2078 2068 cuius

165 2102 368 2168 gremio
399 2119 586 2152 omnes
627 2101 872 2152 homines
899 2101 1195 2151 secundum
1227 2101 1330 2150 Dei
1357 2100 1689 2151 voluntatem
1718 2100 1866 2150 velut
1893 2100 2078 2150 fratres

164 2185 216 2234 in
267 2202 429 2234 unam
480 2201 736 2251 magnam
790 2184 1041 2234 familiam
1083 2184 1400 2250 congregari
1453 2184 1679 2245 debent,
1733 2184 1825 2233 vix
1871 2183 2078 2232 firmam

165 2284 589 2333 prosperamque
631 2267 874 2317 futuram.
932 2267 991 2316 Id
1033 2267 1193 2332 igitur
1234 2267 1391 2316 etiam
1433 2266 1625 2316 intuitu
1662 2264 2078 2316 internationalis

166 2350 382 2400 humani
437 2350 646 2415 generis
702 2350 1070 2415 prosperitatis
1125 2350 1252 2398 totis
1306 2349 1504 2399 viribus
1563 2348 1957 2415 expetendum,
2020 2355 2078 2397 ut

167 2449 355 2482 omnes
395 2439 585 2498 gentes
624 2433 676 2481 in
718 2433 828 2482 eius
869 2431 1066 2481 lumine
1107 2431 1384 2481 ambulent
1425 2448 1658 2497 eumque
1699 2430 1940 2491 adorent,
1990 2430 2079 2495 qui

168 2523 248 2564 est
289 2532 383 2564 rex
422 2514 755 2564 saeculorum
795 2513 1123 2575 immortalis,
1170 2514 1252 2564 cui
1293 2513 1393 2564 soli
1433 2513 1607 2563 honor
1647 2520 1700 2563 et
1742 2511 1925 2578 gloria.
