2182 3682
105 166 206 194 CAP.
237 164 302 193 ΙΙΙ.
350 163 411 192 DE
444 162 678 190 BONITATE
711 162 769 189 ET
804 161 1003 189 MALITIA
1038 161 1216 188 MORALI
1250 161 1448 189 ACTUUM
1483 161 1806 190 HUMANORUM.
1869 160 1934 214 95

47 297 241 347 ficiunt.
322 297 459 346 Nam
515 295 601 345 illa
642 296 852 345 bonitas
897 294 1241 359 accidentalis
1283 303 1363 345 est
1403 297 1764 346 denominatio
1806 298 1947 347 actui

46 366 622 444 conveniens-‘'‘propter
661 377 1101 442 dependentiam,
1159 394 1319 442 quam
1360 377 1523 427 habet
1573 379 1640 427 ab
1682 378 1782 428 alio
1824 387 1945 429 actu

46 460 210 510 bono,
279 459 387 509 Sed
429 459 561 509 haec
603 459 964 525 dependentia
1004 476 1111 508 non
1153 467 1232 508 est
1273 458 1439 519 realiS,
1484 460 1581 508 nisi
1620 460 1811 509 sallem
1852 463 1946 510 vir-

45 541 278 602 tualiter,
338 542 368 591 i.
413 559 456 591 e.
499 542 551 590 vi
607 540 740 590 illius
796 547 946 590 actus
1003 541 1163 599 boni,
1222 540 1476 590 referatur
1531 541 1582 589 in
1640 541 1799 590 finem
1858 560 1943 591 ex-

44 624 327 673 trinsecum
370 622 456 687 (cf.
502 622 711 672 §nares
751 622 779 671 l.
827 639 868 672 c.
916 623 1048 687 disp.
1095 622 1142 683 6,
1187 629 1313 671 sect.
1365 623 1429 684 5).

118 710 294 761 Sclzol.
340 726 388 761 2.
468 710 593 760 Alia
661 712 920 781 quaes-tio
954 720 1060 771 est,
1130 728 1255 760 num
1314 718 1490 771 actus,
1560 712 1646 777 qui
1708 721 1947 786 versatur

45 793 183 843 circa
223 794 494 843 obiectum
536 793 820 842 honestum
861 794 958 842 sub
1001 793 1204 842 ratione
1245 793 1479 854 honesti,
1536 795 1832 843 necessario
1875 812 1946 844 re-

45 876 217 941 quirat
257 874 559 925 ulteriorem
602 872 913 924 relationem
963 875 1014 923 in
1057 875 1217 924 finem
1257 877 1612 925 extrinsecum
1642 876 1944 937 honestum,

46 966 101 1006 ut
140 947 449 1023 simpliciter
489 947 745 1006 honestus
785 957 865 1006 sit.
949 956 1205 1021 Quaestio
1255 957 1388 1007 haec
1429 958 1662 1007 maxime
1702 967 1949 1007 movetur

45 1046 264 1104 propter
318 1038 477 1087 finem
534 1038 804 1098 ultimum,
864 1055 1021 1102 quem
1065 1038 1223 1104 aliqui
1263 1039 1313 1088 in
1356 1040 1500 1089 omni
1554 1047 1678 1089 actu
1720 1039 1947 1089 honesto

44 1121 245 1170 intendi
273 1120 470 1170 debere
499 1121 696 1170 dicunt.
755 1120 1216 1191 Respondendum
1246 1129 1327 1169 est
1354 1122 1603 1185 negative
1631 1121 1706 1184 (S.
1742 1121 1948 1182 Tllom„

45 1203 102 1251 In
151 1217 192 1259 Ι,
236 1203 352 1252 dist.
408 1217 447 1263 Ι,
493 1220 541 1268 q.
589 1216 635 1266 3,
679 1202 804 1263 sol.,
863 1202 954 1251 ubi
995 1203 1189 1252 diserte
1231 1212 1392 1268 negat
1433 1203 1727 1269 quamlibet
1767 1221 1949 1269 opera-

45 1285 245 1334 tionem
285 1302 497 1350 semper
523 1284 800 1335 actualiter
828 1285 1159 1334 referendam
1188 1302 1304 1334 esse
1333 1286 1399 1334 ad
1429 1285 1624 1336 Deum.
1680 1285 1757 1336 Cf.
1790 1287 1947 1336 etiam

45 1366 104 1415 In
148 1381 195 1428 2,
241 1367 359 1416 dist.
404 1381 489 1429 40,
535 1385 584 1432 q.
637 1381 677 1428 Ι,
722 1384 766 1417 a.
804 1378 826 1430 5
862 1368 928 1415 ad
959 1368 1007 1416 6.
1065 1366 1274 1416 Suara&
1314 1368 1343 1417 l.
1390 1385 1432 1417 c.
1478 1369 1612 1434 disp.
1645 1369 1694 1429 6,
1736 1377 1863 1418 sect.
1904 1383 1944 1429 Ι,

48 1466 96 1498 n.
142 1463 193 1512 9,
250 1458 302 1498 et
354 1449 527 1498 thesin
569 1463 601 1512 9
644 1449 951 1498 damnatam
1005 1450 1072 1498 ab
1126 1448 1442 1499 Alexandro
1495 1450 1623 1499 VIII
1675 1468 1717 1500 a.
1771 1451 1946 1514 1690).

51 1530 228 1599 Ratio(
251 1538 358 1592 est,
417 1531 538 1596 quia
594 1529 712 1580 talis
764 1538 914 1581 actus
962 1531 1104 1580 nulla
1156 1531 1483 1597 perfectione
1540 1533 1720 1582 debita
1773 1541 1946 1594 caret;

49 1599 223 1679 neque
264 1602 400 1662 enim
457 1620 633 1662 exstat
684 1612 900 1678 aliquod
953 1622 1303 1679 praeceptum
1356 1631 1541 1663 omnes
1593 1614 1829 1664 actiones
1881 1632 1950 1663 ex

37 1681 268 1760 pafo‘jiii‘b
307 1704 426 1745 acm
463 1695 515 1744 in
555 1695 716 1744 finem
758 1695 1001 1744 ultimum
1043 1695 1318 1745 referendi.
1402 1695 1569 1746 Dico:
1625 1714 1693 1745 ex
1734 1697 1948 1763 proprio

45 1764 192 1839 actu3
245 1764 368 1826 nam
424 1786 602 1827 actum
654 1777 939 1827 honestum
982 1778 1386 1843 interpretative
1438 1778 1657 1828 tendere
1698 1779 1748 1828 in
1790 1779 1947 1828 finem

45 1852 454 1908 ultimum''iam
513 1875 675 1925 supra
729 1859 798 1923 (n.
860 1860 949 1925 3223)
1014 1860 1259 1910 diximus.
1341 1860 1619 1910 Praeterea
1680 1861 1945 1911 interdum

42 1941 230 1991 saltem
281 1941 332 1990 in
384 1942 490 1991 vita
546 1941 711 1991 debet
762 1941 926 1991 homo
980 1942 1230 2007 explicite
1282 1960 1338 1991 se
1380 1950 1434 1992 et
1482 1960 1669 1992 omnes
1710 1944 1947 1993 actiones

43 2023 94 2072 in
134 2022 375 2072 ultimum
416 2023 576 2073 finem
619 2024 864 2073 ordinare
903 2041 1023 2084 seu,
1079 2024 1226 2090 quod
1279 2025 1422 2074 idem
1464 2033 1558 2086 est,
1602 2034 1782 2075 actum
1835 2043 1946 2092 per-

8 2105 169 2155 'fecti
219 2106 411 2155 amoris
453 2106 553 2155 Dei
605 2105 809 2156 elicere.
892 2105 1027 2155 Cum
1081 2107 1220 2156 enim
1272 2106 1436 2156 homo
1488 2108 1539 2156 in
1592 2107 1733 2158 hunc
1786 2109 1946 2158 finem

44 2188 292 2238 conditus
331 2189 412 2249 sit,
455 2197 511 2237 ut
553 2188 672 2238 Deo
714 2189 906 2237 serviat
946 2198 999 2237 et
1038 2190 1111 2238 sic
1141 2190 1413 2254 perveniat
1452 2190 1521 2238 ad
1562 2190 1947 2240 beatitudinem

42 2271 435 2336 sempiternam,
480 2287 588 2319 non
628 2270 798 2319 solum
831 2270 955 2319 nihil
984 2288 1241 2336 umquam
1270 2270 1442 2321 facere
1470 2271 1606 2333 licet,
1651 2273 1799 2338 quod
1828 2273 1949 2322 huic

45 2351 133 2401 fini
173 2352 499 2413 adversetur,
543 2354 639 2402 sed
680 2352 949 2402 interdum
989 2352 1178 2402 saltem
1232 2353 1372 2403 hunc
1413 2354 1572 2403 finem
1615 2356 1840 2420 positive
1880 2356 1949 2404 in-

45 2434 266 2484 tendere
306 2443 360 2484 et
399 2451 456 2484 se
496 2451 704 2500 suaque
745 2435 922 2484 omnia
962 2435 1013 2484 in
1055 2436 1287 2485 eundem
1328 2436 1572 2486 ordinare
1614 2437 1790 2488 debet.

54 2564 192 2617 108·
264 2584 364 2624 Obi.
400 2598 432 2624 1.
501 2579 843 2627 Communiter
895 2580 1072 2628 dicitur
1123 2581 1396 2629 bonitatem
1448 2590 1643 2629 actuum
1692 2580 1949 2627 moralium

43 2648 277 2709 primario
314 2652 603 2713 dependere
641 2671 670 2700 a
705 2655 802 2702 fine
842 2651 1168 2718 (intentione).
1222 2657 1375 2718 Atqui
1408 2656 1457 2703 id
1494 2655 1766 2704 secundum
1791 2655 1951 2702 thesin

46 2738 216 2770 verum
250 2741 353 2772 non
390 2735 531 2774 esset.
599 2728 738 2788 Ergo
765 2767 772 2774 .
803 2768 810 2775 .
841 2768 849 2775 .

133 2815 287 2864 Resp.
355 2808 487 2855 Dz'st.
526 2811 668 2856 mazl:
716 2811 1060 2859 Communiter
1105 2812 1154 2859 id
1203 2812 1379 2859 dicitur
1425 2812 1626 2859 nomine
1663 2813 1771 2858 finis
1817 2811 1954 2858 intel-

42 2879 257 2940 legendo
282 2882 432 2929 finem
468 2883 568 2930 sive
594 2883 912 2932 intrinsecum
940 2887 1040 2933 sive
1067 2887 1410 2944 extrinsecum,
1449 2903 1583 2943 conc„
1622 2887 1779 2934 solum
1804 2887 1952 2933 finem

45 2954 385 3014 extrinsecum,
423 2958 610 3004 szcbdz'st.
631 2976 644 3004 .·
679 2959 718 3006 si
754 2960 912 3021 agitur
948 2960 1011 3008 de
1048 2961 1237 3008 actibus
1274 2962 1608 3019 exterioribus,
1648 2977 1781 3016 conc„
1821 2960 1859 3008 si
1889 2961 1950 3007 de

43 3026 369 3090 interioribus,
408 3047 535 3092 nege.
605 3034 850 3081 Homines
887 3035 1215 3082 communiter
1250 3037 1516 3097 loquuntur
1553 3037 1616 3083 de
1653 3035 1840 3082 actibus
1877 3050 1953 3081 ex-

45 3103 318 3162 terioribus,
359 3121 483 3167 quos
521 3108 653 3154 solos
688 3107 974 3156 immediate
1010 3110 1318 3172 percipiunt3
1354 3111 1529 3158 horum
1557 3120 1718 3158 autem
1744 3108 1951 3166 bonitas,

44 3184 95 3222 ut
128 3194 244 3224 mox
279 3179 525 3239 dicemus,
574 3190 676 3228 tota
720 3183 907 3244 pendet
942 3185 1005 3231 ab
1042 3185 1343 3244 intentione,
1393 3185 1420 3232 i.
1461 3200 1502 3232 e.
1542 3186 1603 3231 ab
1642 3193 1753 3231 actu
1787 3185 1954 3230 volun-

44 3251 166 3308 tatis,
205 3269 235 3299 a
269 3269 368 3314 quo
404 3257 684 3315 procedunt
721 3258 905 3318 quique
943 3273 1112 3305 eorum
1150 3261 1300 3306 finem
1338 3259 1664 3306 extrinsecum
1690 3259 1839 3305 habet
1862 3274 1952 3320 pro

44 3325 207 3372 obiecto
244 3323 357 3388 (fine
395 3326 697 3391 intrinseco).
