2182 3682
197 187 303 237 344
593 182 706 213 PARS
741 183 788 212 ΙΙ.
839 183 1158 212 PHILOSOPHIA
1193 182 1402 212 MORALIS
1437 182 1686 213 SPECIALIS.

269 320 318 384 c)
358 319 684 370 Possibilitas
713 319 924 369 divortii
947 319 1106 369 etiam
1135 319 1265 369 bono
1283 318 1500 384 publico
1522 319 1793 371 societatis
1821 329 2100 388 repugnat.

194 401 350 453 Salus
390 403 530 451 enim
570 402 839 452 societatis
878 419 910 452 a
951 402 1198 452 firmitate
1227 408 1280 451 et
1307 418 1415 451 non
1447 401 1740 468 interrupta
1766 404 2104 454 successione

195 483 421 534 familiae
475 483 762 551 plurimum
819 485 1110 550 dependet.
1207 482 1295 533 Sic
1351 501 1397 534 V.
1454 500 1504 549 g.
1563 493 1823 551 perpetua
1878 484 2103 537 familiae

193 567 405 617 traditio
448 567 599 633 quasi
639 567 834 617 canalis
872 574 965 628 est,
1011 584 1118 632 quo
1147 566 1298 615 Deus
1338 565 1596 616 moralem
1637 566 1854 617 humani
1893 569 2104 634 generis

191 648 578 699 institutionem
618 649 969 715 sequentibus
1008 648 1442 714 generationibus
1476 648 1669 713 iugiter
1708 651 1990 699 transmitti
2018 668 2105 700 vo·
2173 700 2177 701 ⁷

192 730 301 782 luit.
382 730 643 792 Accedit,
689 731 836 797 quod
878 749 947 780 ex
989 730 1232 796 quolibet
1273 730 1381 780 fere
1423 730 1666 792 divortio,
1709 733 2021 797 praesertim
2061 733 2104 782 si

192 813 425 863 alterutri
476 814 612 879 parti
666 813 861 863 invitae
913 822 1292 879 extorquetur,
1350 812 1501 862 facile
1558 829 1748 878 graves
1804 813 2103 864 discordiae

191 896 326 945 inter
365 896 698 962 propinquos
739 896 1034 961 coniugum
1075 895 1387 945 excitentur.

193 1031 340 1085 450.
427 1020 629 1073 Corell.
684 1023 773 1072 Ex
812 1022 1095 1088 hucusque
1131 1022 1286 1072 dictis
1327 1021 1458 1071 haec
1499 1022 1736 1088 definitio
1764 1022 2108 1073 matrimonii

191 1106 517 1169 (contractus
545 1104 946 1156 matrimonialis
973 1105 1024 1154 in
1068 1105 1210 1155 facto
1241 1106 1376 1168 esse)
1407 1103 1585 1170 colligi
1624 1113 1831 1170 potest:
1876 1103 2106 1155 stabilis

190 1187 480 1238 coniunctio
509 1188 741 1238 duarzum
771 1197 1141 1253 personarum
1182 1187 1392 1237 diversi
1417 1203 1578 1236 sexus
1605 1187 1686 1236 ad
1707 1186 1924 1251 prolem
1946 1203 2101 1252 gene-

193 1270 426 1320 randam
468 1278 520 1320 et
555 1270 886 1320 educandam
929 1270 1169 1335 legitime
1209 1270 1361 1319 [nita.
1446 1268 1667 1319 Definiri
1710 1270 1870 1319 etiam
1920 1277 2103 1336 potest

190 1370 313 1403 cum
341 1351 651 1402 Lombardo
695 1355 764 1417 (4,
809 1354 928 1403 dist.
964 1353 1068 1416 27),
1115 1352 1166 1401 5.
1210 1351 1417 1401 Thema
1459 1351 1680 1417 aliisque
1722 1353 2098 1403 communiter:

188 1434 265 1485 M
260 1435 487 1486 arilalz's
527 1436 818 1486 coniunctio
845 1435 962 1485 viri
991 1443 1042 1484 ct
1063 1434 1317 1499 semmae
1344 1434 1487 1483 z'm‘er
1528 1434 1804 1500 legilz'mas
1831 1443 2103 1500 personas

189 1518 531 1568 individuam
559 1519 705 1569 vilae
733 1517 1156 1568 consuetudinem
1188 1517 1436 1566 refluens.
1495 1517 1702 1567 Dicitur
1741 1518 1791 1581 a)
1821 1517 2104 1568 maritalis

189 1601 507 1662 coniunctio,
547 1602 577 1651 i.
622 1619 665 1651 e.
710 1601 827 1651 talis
869 1601 1020 1661 unio,
1077 1617 1171 1666 per
1211 1616 1372 1665 quam
1412 1599 1490 1649 vir
1530 1608 1582 1649 et
1624 1599 1818 1650 femina
1857 1609 2100 1650 mutuum

189 1684 268 1734 ius
318 1684 370 1734 in
412 1701 609 1750 corpus
661 1683 876 1734 alterius
928 1684 980 1733 in
1022 1683 1207 1732 ordine
1248 1683 1316 1732 ad
1372 1683 1774 1748 generationem
1816 1683 2097 1750 accipiunt,

138 1769 145 1774 ”
188 1784 281 1817 seu
323 1783 429 1833 qua
471 1767 863 1816 constituuntur
902 1768 1012 1816 iure
1064 1765 1373 1831 proximum
1415 1773 1468 1814 et
1509 1765 1840 1831 completum
1885 1782 2100 1831 genera-

189 1850 343 1899 tionis
383 1850 714 1916 principium.
796 1849 1004 1899 Dicitur
1044 1849 1100 1913 b)
1141 1848 1281 1898 inter
1322 1848 1600 1912 legitimas
1628 1856 1927 1912 personas,
1978 1849 2008 1898 i.
2053 1865 2096 1899 e.

189 1950 326 1999 quae
377 1930 524 1982 nullo
577 1932 964 1998 impedimento
1019 1931 1284 1981 dirimenti
1337 1931 1786 1996 constringuntur.
1874 1931 2099 1997 Impedi-

189 2024 370 2065 menta
422 2015 720 2065 dirimentia
771 2023 892 2064 sunt
946 2032 1033 2075 ea,
1091 2031 1227 2080 quae
1278 2013 1603 2079 impediunt,
1659 2013 1945 2079 quominus
1995 2013 2100 2064 vin-

189 2097 366 2149 culum
407 2096 686 2148 essentiale
728 2097 1047 2148 matrimonii
1089 2097 1298 2146 oriatur.
1365 2095 1517 2145 Haec
1557 2103 1681 2145 sunt
1721 2094 1803 2145 vel
1845 2095 2101 2146 naturalia

188 2180 271 2231 vel
306 2180 547 2247 positiva,
592 2189 751 2246 prout
780 2179 900 2246 lege
930 2178 1155 2229 naturali
1183 2177 1263 2228 vel
1295 2179 1520 2244 positiva
1548 2184 1862 2228 statuuntur.
1918 2178 2102 2228 Potest

190 2264 331 2314 enim
394 2262 629 2328 legitima
688 2263 980 2313 auctoritas
1043 2261 1431 2327 impedimenta
1490 2259 1749 2310 naturalia
1808 2260 2101 2311 extendere

188 2345 271 2397 vel
312 2363 452 2396 nova
491 2354 738 2406 statuere,
783 2345 1003 2411 quando
1045 2345 1098 2394 id
1140 2344 1208 2394 ad
1250 2343 1454 2393 bonum
1483 2360 1770 2393 commune
1799 2343 2103 2394 conducere

187 2429 443 2479 videatur.

192 2558 339 2611 451.
423 2546 597 2597 Schol.
643 2563 690 2596 I.
773 2546 827 2596 A
868 2546 1064 2596 finibus
1114 2545 1421 2596 subieclz'z'is
1460 2554 1513 2595 et
1564 2544 1910 2605 exz‘m'nsecjs5
1963 2561 2101 2609 quos

191 2631 448 2696 coniuges
508 2629 876 2680 contrahendo
937 2629 1332 2678 matrimonium
1387 2628 1487 2677 sibi
1547 2634 1884 2694 proponunt,
1946 2625 2102 2676 huius

189 2712 493 2779 legitimitas
521 2729 615 2778 per
642 2730 699 2762 se
732 2729 841 2761 non
870 2711 1158 2777 dependet,
1203 2711 1521 2770 dummodo,
1564 2726 1701 2776 quae
1729 2706 2102 2758 matrimoniali

190 2796 487 2846 contractui
528 2794 826 2844 essentialia
865 2802 1002 2855 sunt,
1047 2811 1113 2843 ne
1154 2792 1522 2842 excludantur.
1590 2790 1879 2842 Obiectum
1922 2799 2098 2840 autem

189 2876 493 2938 essentiale,
547 2877 598 2926 in
651 2877 799 2943 quod
853 2893 1144 2926 consensus
1197 2874 1621 2925 contrahentium
1677 2873 1838 2923 fertur
1876 2879 1930 2922 et
1982 2872 2100 2922 ferri

190 2961 370 3022 debet,
414 2968 494 3009 est
534 2959 618 3010 ias
657 2976 751 3008 seu
783 2967 1025 3024 poteslas
1065 2968 1246 3007 mutua
1273 2958 1325 3006 in
1367 2974 1575 3023 corpuS,
1619 2974 1727 3006 non
1755 2963 1935 3005 autem
1976 2971 2100 3004 usas

189 3042 341 3092 huius
404 3042 700 3108 potestatis.
803 3039 1149 3107 Quapropter
1211 3048 1393 3106 potest
1455 3039 1852 3089 matrimonium
1913 3053 2097 3086 verum

188 3125 326 3186 iniri,
385 3124 628 3191 quamvis
682 3124 948 3189 utrimque
1000 3123 1137 3172 adsit
1191 3123 1414 3172 intentio
1466 3121 1550 3171 vel
1602 3121 1760 3170 etiam
1817 3119 2097 3186 promissio

191 3214 461 3273 potestate
502 3207 602 3256 hac
643 3222 935 3272 numquam
976 3205 1175 3266 utendi,
1221 3213 1278 3254 ut
1318 3205 1369 3254 in
1411 3202 1759 3253 matrimonio
1799 3202 1866 3251 B.
1908 3199 1992 3250 M.
2037 3199 2096 3250 V.

191 3306 305 3339 cam
345 3289 409 3340 B.
442 3288 647 3354 Josepla
689 3288 897 3338 accidit.
954 3287 1213 3336 Nimirum
1254 3287 1303 3335 in
1347 3303 1470 3336 casu
1511 3285 1792 3352 supposito
1833 3283 2098 3333 habentur

193 3372 300 3421 duo
343 3378 671 3421 contractus:
727 3369 883 3431 alter,
939 3387 1045 3435 quo
1089 3368 1465 3419 contrahentes
1505 3367 1604 3417 sibi
1644 3366 1954 3417 concedunt
2003 3382 2095 3431 po-
