2182 3682
222 180 251 215 2
1003 174 1344 204 INTRODUCTIO.

292 310 379 359 EX
419 310 519 360 hac
548 310 838 375 primaria
878 310 1268 376 significatione
1307 328 1418 359 vox
1469 310 1682 360 moralis
1732 309 1989 377 paulatim
2041 305 2128 361 ex*-

219 392 542 442 tendebatur
580 393 650 443 ad
691 392 1040 458 significanda
1082 393 1275 453 omnia,
1320 409 1456 457 quae
1498 393 2008 459 quomodocumque
2059 394 2128 443 ad

218 482 370 524 actus
410 474 608 525 liberos
649 474 945 524 referuntur
985 475 1094 524 sive
1134 482 1193 523 ut
1233 474 1553 540 principium
1591 474 1676 524 vel
1717 475 1964 525 condicio
2018 476 2129 525 sive

217 564 276 605 ut
331 557 726 607 circumstantia
776 556 859 606 vel
920 556 1159 605 effectus.
1233 587 1305 592 -—
1377 555 1515 621 Quia
1549 565 1717 606 actus
1772 556 1990 607 humani
2035 574 2128 607 seu

216 638 446 688 morales
512 657 542 688 a
596 637 943 704 Philosophia
998 637 1187 687 morali
1241 637 1441 687 direcle
1495 646 1547 688 et
1598 647 1706 704 per
1769 656 1826 688 se
1891 639 2129 689 conside-

217 729 418 782 rantur,
481 720 680 786 reliqua
734 738 861 770 vero
918 720 1059 770 entia
1114 719 1334 769 moralia
1390 736 1498 769 non
1554 720 1648 770 nisi
1711 720 1993 783 indirecte,
2056 738 2130 772 ra-

214 802 360 852 tione
401 803 712 852 conexionis
754 820 873 851 cum
926 802 1134 852 actibus
1187 801 1503 863 moralibus,
1558 801 1629 851 illi
1681 811 1824 852 recte
1871 812 2130 853 vocantur

218 884 470 934 obieclzmz
499 885 812 950 principale
852 884 1230 950 Philosophiae
1271 883 1501 945 moraliS‚
1546 884 1678 934 haec
1718 902 1846 935 vero
1875 885 2127 936 obiectum

214 967 606 1017 secundarium.

289 1063 466 1113 Actus
507 1063 735 1114 morales
775 1072 1034 1114 vocantur
1074 1065 1234 1114 etiam
1276 1073 1426 1114 actus
1468 1064 1708 1127 litmamni,
1753 1064 1875 1131 quia
1922 1082 2128 1131 ponun-

216 1152 298 1195 tur
349 1147 515 1195 modo
571 1146 806 1196 humano
859 1164 952 1196 seu
1005 1146 1235 1196 hominis
1275 1147 1521 1213 proprio,
1580 1148 1609 1211 i.
1642 1164 1697 1211 ς,
1744 1147 2036 1216 deliberate
2077 1156 2130 1198 et

216 1226 396 1295 &Effi-
467 1228 608 1291 Hinc
649 1237 815 1290 actus,
862 1230 951 1295 qui
978 1238 1239 1279 vocantur
1267 1229 1519 1290 lzmninis,
1564 1229 1652 1295 qui
1680 1246 1788 1279 non
1830 1230 2130 1296 procedunt

215 1327 245 1360 a
284 1309 559 1360 voluntate
602 1310 841 1371 electiva,
886 1328 980 1377 per
1020 1329 1077 1361 se
1118 1328 1228 1361 non
1269 1311 1675 1361 considerantur
1703 1311 1755 1361 in
1783 1310 2130 1378 Philosophia

215 1392 428 1454 morali,
483 1393 605 1462 quia
658 1410 766 1443 non
806 1403 928 1443 sunt
980 1393 1211 1443 hominis
1251 1394 1453 1459 proprii
1505 1393 1689 1461 quemi
1733 1393 1976 1463 modjmn,
2031 1394 2130 1444 etsi

215 1474 445 1524 hominis
485 1476 685 1541 proprii
725 1493 841 1525 esse
882 1476 1091 1541 possint
1132 1476 1317 1542 quoad
1348 1476 1719 1526 substantiam.
1771 1464 1777 1465 ἶ
1823 1464 1844 1465 ⁷⁷

290 1570 466 1621 Actus
509 1572 790 1634 humanus,
838 1581 987 1623 actus
1030 1572 1168 1622 liber
1209 1582 1261 1622 et
1301 1581 1453 1622 actus
1492 1572 1727 1622 moralis
1767 1589 1875 1622 non
1917 1589 1986 1634 re,
2031 1572 2126 1622 sed

215 1655 419 1704 ratione
460 1654 873 1720 distinguuntur.
955 1655 1131 1705 Actus
1174 1656 1363 1705 dicitur
1403 1654 1698 1716 ballianus,
1741 1663 2006 1721 quatenus
2047 1663 2128 1704 est

217 1736 447 1786 hominis
488 1738 735 1803 proprius
776 1738 958 1803 quoad
1001 1738 1250 1799 modum;
1295 1736 1464 1798 liber,
1507 1744 1770 1803 quatenus
1809 1737 2056 1803 procedit
2096 1753 2128 1786 a

216 1818 491 1869 voluntate
532 1820 644 1868 sine
672 1820 877 1869 interna
906 1821 1348 1869 determinatione
1377 1820 1445 1869 ad
1475 1836 1666 1882 unum3
1711 1819 1960 1881 moralis,
2004 1835 2126 1885 qua-

217 1910 368 1951 tenus
410 1910 568 1968 aptus
608 1909 873 1968 natusque
915 1911 995 1951 est
1035 1903 1102 1952 ad
1145 1919 1323 1952 mores
1364 1901 1691 1952 efficiendos.

294 2012 339 2062 3.
402 1997 691 2048 Obiectum
746 2000 1001 2064 formale
1056 1998 1436 2065 Philosophiae
1504 1997 1718 2048 moralis
1774 2007 1853 2048 est
1912 2006 2128 2048 actuum

218 2080 571 2130 humanorum
626 2091 800 2130 rectus
855 2082 990 2131 ordo
1044 2082 1112 2130 ad
1169 2099 1226 2131 se
1278 2082 1505 2131 invicem
1559 2090 1611 2130 et
1663 2081 1732 2131 ad
1773 2081 1933 2130 finem
1975 2097 2128 2130 suum

217 2161 291 2226 (S.
347 2161 551 2223 Tliom„
596 2163 656 2213 In
697 2164 718 2212 Ι
759 2164 881 2213 Eth.
927 2163 957 2213 l.
1011 2165 1072 2227 Ι).

291 2259 507 2310 Rectum
550 2261 843 2324 generatim
884 2260 1150 2326 significat
1191 2261 1453 2327 quidquid
1495 2278 1624 2323 suae
1664 2276 1885 2327 normae
1925 2258 2130 2310 confor-

219 2351 402 2392 matur.
484 2342 674 2392 Rectus
727 2343 858 2392 ordo
912 2343 997 2392 hic
1039 2361 1147 2410 non
1188 2342 1511 2409 intellegitur
1551 2342 1983 2409 qualiscumque,
2033 2342 2128 2391 sed

217 2423 326 2485 ille,
372 2424 462 2490 qui
502 2423 702 2473 homini
745 2425 994 2482 convenit
1035 2426 1273 2490 praecise
1315 2434 1577 2491 quatenus
1618 2423 1886 2481 rationalis
1926 2432 2032 2485 est,
2076 2432 2130 2484 et

219 2523 289 2555 ex
330 2523 438 2572 qup
481 2507 592 2555 eius
632 2514 784 2556 actus
827 2506 977 2555 liberi
1018 2523 1111 2555 seu
1153 2524 1330 2556 mores
1372 2508 1617 2556 dicuntur
1657 2507 1799 2576 Ῥρῃῇιἶ
1824 2505 2133 2572 simpliciter

217 2587 301 2638 vel
354 2588 580 2639 honesti.
662 2589 847 2638 Potest
901 2590 1042 2638 enim
1097 2590 1212 2654 quis
1253 2606 1368 2638 esse
1409 2589 1585 2638 bonus
1625 2589 1800 2654 pictor
1838 2587 1923 2637 vel
1965 2588 2127 2648 faber,

221 2671 349 2736 quin
389 2671 455 2719 sit
495 2671 672 2719 bonus
713 2670 878 2719 homo
921 2669 996 2734 (S.
1036 2670 1223 2720 Tliom.
1276 2686 1316 2731 1,
1365 2684 1411 2731 2,
1458 2688 1507 2736 q.
1557 2670 1638 2733 56,
1683 2687 1726 2719 a.
1763 2670 1831 2732 3).
1891 2669 2132 2720 Vocatur

219 2752 305 2802 hic
347 2752 481 2801 ordo
524 2752 774 2813 moralis,
815 2753 843 2801 i.
890 2770 934 2802 e.
980 2760 1198 2802 actuum
1241 2752 1528 2802 liberorum
1571 2752 1834 2818 proprius.

293 2870 343 2918 4.
398 2855 497 2905 Per
548 2856 711 2906 verba
757 2873 857 2905 «ex
886 2856 1186 2922 principiis
1226 2856 1488 2906 rationis»
1539 2855 1830 2921 (naturalis)
1869 2855 2132 2905 indicatur

220 2938 339 2987 fons
379 2938 700 3003 praecipuus
739 2938 1121 3004 Philosophiae
1163 2937 1376 2988 moralis
1417 2939 1720 3003 eademque
1761 2954 1791 2987 a
1830 2936 2134 3003 Theologia

219 3019 407 3069 morali
447 3020 807 3085 distinguitur,
855 3037 990 3086 quae
1033 3021 1321 3086 praecipue
1349 3019 1417 3070 ex
1447 3020 1717 3086 principiis
1745 3018 1987 3069 revelatis
2013 3036 2130 3085 pro-

221 3102 377 3151 cedit.
458 3100 737 3151 Addendo
799 3120 897 3152 «ex
937 3102 1173 3152 ultimis»
1221 3102 1567 3168 Philosophia
1606 3102 1820 3151 moralis
1861 3101 2131 3166 distingui-

221 3189 305 3231 tur
344 3184 412 3232 ab
453 3182 566 3232 aliis
605 3184 837 3233 scientiis
878 3183 1281 3245 subalternatis‚
1327 3201 1465 3250 quae
1505 3185 1574 3234 ab
1614 3182 1702 3232 illa
1741 3200 1836 3232 sua
1875 3182 2132 3248 principia

221 3272 555 3325 mutuantur,
610 3273 666 3314 ut
706 3283 753 3315 v.
798 3283 848 3331 g.
894 3265 1265 3331 Paedagogia‚
1322 3265 1753 3331 Iurisprudentia‚
1799 3263 2132 3314 Oeconomia

221 3344 441 3410 politica
482 3355 583 3396 ete.
