2182 3682
237 141 342 204 366
633 153 747 182 PARS
784 154 830 183 11.
883 155 1199 186 PHILosorfflA
1233 156 1437 186 MORALIS
1474 157 1726 189 SPECIALIS.

229 287 518 339 multorum
546 298 805 351 veterum,
847 292 1077 358 denique
1117 307 1166 356 4.
1210 295 1545 357 sententiam,
1589 313 1750 362 quarn
1787 314 1981 348 vocare
2021 315 2140 365 pos-

228 387 412 421 sumus
470 371 1072 425 historico-naturalem
1133 393 1406 442 quamque
1462 386 1519 427 ut
1578 377 1996 444 probabiliorem
2051 381 2138 432 de-

228 451 523 504 fendemus.

301 535 612 588 Omittimus
652 553 693 588 1.
724 540 1044 589 sententiam
1069 540 1365 604 falalz'smz'
1401 540 1669 604 lzz'sloricz',
1711 544 1800 609 qui
1827 551 1999 595 totam
2028 543 2136 595 fere

225 619 589 670 causalitatem
631 620 888 671 libertatis
928 621 1194 672 humanae
1234 623 1286 672 in
1326 623 1657 674 efformanda
1694 626 1952 676 societate
1990 626 2138 677 reicit

224 701 470 768 hancque
522 703 745 752 naturali
797 704 1031 769 quadam
1083 714 1135 754 et
1175 704 1501 755 ineluctabili
1553 708 1870 757 necessitate
1922 708 2043 758 oriri
2084 717 2137 759 et
2172 695 2182 704 „

220 801 278 833 se
319 784 565 835 evolvere
617 786 793 836 docet.
876 787 1017 837 Hinc
1059 787 1245 849 etiam,
1303 788 1563 855 quidquid
1605 790 1841 852 exsistit,
1895 790 2006 840 iure
2047 808 2134 840 ex-

220 866 405 917 sistere
457 876 623 933 putat.
707 867 976 935 Supponit
1029 870 1162 920 haec
1215 869 1420 920 theoria
1471 870 1555 920 vel
1607 871 2005 938 pantheismum
2051 871 2135 923 vel

221 949 692 1000 evolutionis-mum
733 951 1194 1002 materialistarum
1220 952 1305 1002 vel
1339 953 1570 1019 denique
1613 954 1931 1004 fatalismum
1973 972 2134 1021 quen-

219 1031 342 1082 dam
394 1033 876 1084 mahometanismo
927 1052 1089 1101 quam
1142 1035 1530 1086 christianismo
1579 1038 1912 1103 propiorem3
1969 1054 2135 1104 quare

218 1115 434 1181 speciali
479 1116 796 1166 refutatione
837 1117 942 1167 hoc
985 1117 1106 1167 loco
1149 1135 1257 1168 non
1297 1119 1518 1183 indiget.

294 1196 606 1249 Omittimus
648 1200 807 1249 etiam
851 1213 897 1251 2.
943 1200 1204 1250 theoriam
1246 1201 1584 1266 quorundam
1626 1202 1998 1263 recentiorum,
2041 1203 2133 1268 qui

216 1280 484 1330 vinculum
525 1283 794 1332 societatis
835 1283 998 1332 civilis
1040 1300 1109 1332 ex
1141 1299 1287 1333 mera
1327 1283 1695 1334 consuetudine
1735 1285 1991 1334 derivant.
2052 1284 2134 1335 Ita

217 1381 263 1413 v.
296 1380 346 1428 g.
390 1365 687 1414 secundum
716 1365 776 1414 L.
818 1365 1184 1431 Gumplawicz
1223 1366 1370 1415 initio
1401 1366 1645 1416 homines
1675 1366 1820 1416 omni
1847 1367 1959 1417 iure
1993 1383 2131 1417 care-

216 1445 361 1495 bant.
442 1446 698 1497 Paulatim
753 1449 921 1498 tribus
963 1447 1249 1498 bellicosae
1299 1457 1355 1510 ,et
1397 1449 1857 1515 circumvagantes
1896 1449 1997 1499 sibi
2037 1467 2133 1516 per

215 1528 321 1577 vim
360 1529 722 1594 subiugabant
763 1530 888 1580 alias
929 1531 1109 1592 tribuS‚
1155 1548 1290 1596 quae
1331 1531 1434 1580 iam
1477 1531 1751 1581 habebant
1790 1531 1948 1582 sedes
1975 1531 2126 1583 fixas,

216 1609 319 1660 Hic
360 1619 527 1661 status
567 1613 912 1663 subiectionis
952 1614 1098 1663 initio
1129 1622 1240 1663 erat
1280 1622 1449 1663 status
1486 1613 1623 1675 facti,
1668 1631 1776 1664 non
1816 1614 1952 1665 iuris.
2016 1613 2125 1665 Sed

215 1709 278 1743 ea
318 1703 398 1743 est
438 1695 513 1744 vis
567 1697 969 1746 consuetudinis
1010 1697 1060 1745 in
1103 1697 1372 1757 homines,
1429 1704 1510 1757 ut,
1561 1714 1699 1762 quae
1740 1696 1829 1746 diu
1872 1697 1940 1746 de
1982 1696 2124 1747 facto

215 1776 500 1839 exsistunt,
556 1777 811 1844 paulatim
865 1788 922 1829 ut
974 1778 1209 1845 legitima
1262 1788 1314 1829 et
1361 1779 1496 1829 iusta
1537 1787 1590 1828 et
1630 1780 1926 1829 necessaria
1965 1795 2127 1844 agno-

211 1868 452 1921 scantur,
508 1870 560 1910 et
601 1861 705 1911 hoc
747 1863 913 1911 modo
953 1861 1039 1912 ille
1085 1870 1254 1912 status
1295 1861 1640 1912 subiectionis
1681 1870 1734 1912 et
1775 1879 1911 1928 quae
1951 1879 2021 1912 ex
2062 1879 2127 1912 eo

211 1942 597 2008 sequebantur,
651 1963 698 1995 v.
742 1961 792 2009 g.
849 1946 1146 2011 proprietas
1197 1962 1425 1995 uxorum
1479 1954 1530 1994 et
1570 1945 2000 2010 possessionum,
2055 1943 2126 1993 in-

210 2023 390 2074 dolem
433 2026 560 2075 recti
601 2035 653 2076 et
681 2027 801 2076 iusti
842 2027 1152 2077 induebant.
1223 2027 1348 2077 Non
1388 2026 1614 2076 absimili
1654 2027 1821 2076 modo
1865 2026 2123 2092 originem

210 2107 434 2157 civitatis
475 2108 744 2175 explicare
786 2119 1009 2160 conatur
1044 2110 1102 2160 G.
1136 2109 1394 2168 Jellz'nele.
1456 2108 1725 2175 Supponit
1755 2109 1888 2159 haec
1916 2108 2124 2158 theoria

210 2189 454 2240 homines
495 2191 747 2257 paulatim
790 2210 818 2242 e
859 2202 999 2242 statu
1041 2192 1255 2242 beluino
1293 2209 1350 2241 se
1391 2191 1677 2254 evolvisse;
1720 2191 1976 2257 supponit
2015 2207 2124 2241 non

211 2273 323 2322 dari
369 2274 447 2323 ius
500 2274 736 2324 naturale
790 2292 884 2341 per
934 2276 1103 2341 ipsam
1156 2274 1331 2341 legem
1387 2273 1682 2324 naturalem
1730 2273 1980 2323 omnibus
2032 2272 2123 2322 ho-

212 2356 439 2405 minibus
490 2358 904 2423 promulgatum.
988 2358 1262 2423 Denique,
1316 2358 1357 2407 si
1398 2358 1627 2407 societas
1680 2356 1844 2406 civilis
1887 2356 1937 2405 in
1979 2371 2124 2405 mera

211 2440 600 2489 consuetudine
652 2439 987 2501 fundaretur,
1043 2457 1136 2491 cur
1176 2458 1282 2490 non
1325 2449 1545 2506 possent
1586 2438 1832 2488 homines
1873 2455 1991 2488 eam
2032 2438 2121 2488 ite-

212 2535 327 2568 rum
369 2519 618 2570 abolere?

656 2664 689 2703 1.
735 2663 936 2703 Theoria
969 2664 1272 2703 successivae
1306 2661 1665 2713 aggregationis.

916 2751 1180 2805 (Moralphil.
1216 2753 1256 2790 Π
1289 2749 1412 2803 469.)

210 2858 358 2911 490.
438 2848 590 2899 Haec
618 2850 880 2899 sententia
908 2849 1220 2899 societatem
1251 2847 1453 2898 civilem
1498 2845 1623 2896 nihil
1653 2843 1794 2895 aliu'd
1823 2859 1940 2893 esse
1967 2842 2119 2909 ponit

208 2931 304 2980 nisi
356 2932 819 2981 coacervationem
871 2931 1325 2998 independentem
1378 2929 1639 2979 variarum
1697 2926 2013 2977 relationum
2065 2932 2118 2974 et

209 3021 580 3064 contractuum
621 3014 1030 3080 particularium,
1081 3031 1217 3080 quae
1258 3030 1287 3063 a
1327 3013 1543 3079 privatis
1583 3009 1866 3060 individuis
1907 3007 1979 3057 ob
2020 3005 2118 3072 pri-

206 3104 360 3146 vatos
420 3096 552 3147 fines
610 3097 867 3147 ineuntur.
958 3097 1114 3146 Hanc
1174 3096 1435 3146 theoriam
1495 3093 1734 3143 defendit
1792 3091 1927 3140 inter
1985 3087 2117 3138 alios

208 3177 362 3243 Alfr.
393 3178 639 3229 Fom'lle'e
681 3179 888 3244 (Revue
923 3179 1018 3228 des
1046 3180 1206 3228 Deux
1234 3178 1467 3228 Mondes
1496 3174 1709 3226 XXXII
1741 3169 1935 3241 [1890]‚
1969 3184 1998 3234 7
2009 3169 2111 3261 59).

282 3260 375 3311 Ab
418 3262 608 3311 eadem
636 3263 726 3311 vix
756 3261 930 3310 differt
959 3262 1165 3311 theoria
1198 3259 1251 3310 C.
1284 3259 1343 3309 L.
1377 3259 1442 3309 de
1469 3258 1679 3308 Haller
1720 3256 2115 3320 (Restauration

212 3345 305 3393 der
346 3343 962 3394 Staatswissenschasten
1015 3343 1037 3392 I
1077 3354 1179 3407 445
1225 3343 1377 3409 sqq),
1431 3357 1569 3407 quae
1611 3339 1681 3389 ad
1722 3337 1855 3388 haec
1905 3349 2114 3385 summa
