2182 3682
201 193 313 242 444
603 189 716 218 PARS
750 188 798 219 ΙΙ.
852 188 1167 218 PHILOSOPHIA
1200 188 1405 218 MORALIS
1441 189 1693 220 SPECIALIS.

202 325 625 378 concedendam.
707 327 766 377 In
822 327 1152 377 institutione
1204 327 1490 377 iuventutis
1547 326 1789 393 religioni
1833 327 2008 378 nullus
2047 328 2117 378 in-

203 409 381 459 fluxus
422 409 807 460 concedendus
848 418 954 472 est;
998 408 1232 471 scholae,
1278 426 1416 475 quae
1456 410 1611 460 unice
1650 410 1719 460 ad
1753 409 1965 461 Statum
2005 427 2118 477 per-

203 493 386 554 tinent,
430 493 638 558 absque
679 491 934 558 religione
974 492 1173 542 institui
1211 492 1428 554 debent,
1472 493 1523 542 in
1559 492 1729 560 iisque
1762 493 1878 544 sola
1905 493 2120 544 moralis

200 574 334 625 laica
374 583 427 625 et
468 573 630 624 civilis
671 575 913 624 docetur.
976 574 1382 624 Matrimonium
1422 583 1612 642 utpote
1651 575 1720 625 ad
1755 574 1965 627 Statum
2005 593 2120 643 per·
2167 598 2170 599 ⁷

197 658 371 708 tinens
422 657 622 723 ubique
671 657 837 707 debet
887 674 1004 707 esse
1046 656 1221 707 civile.
1304 657 1361 721 b)
1402 657 1468 707 [φῖ
1510 675 1569 707 re
1597 658 1832 724 politica
1872 657 2119 709 liberalis-

202 757 321 790 mus
362 740 661 790 necessario
705 740 853 790 ducit
893 740 961 790 ad
1005 739 1408 807 rempublicam,
1453 741 1634 803 immo,
1678 741 1721 791 si
1759 741 1860 791 sibi
1900 758 2119 792 consen-

201 823 297 872 tire
337 821 488 883 velit,
545 822 614 873 ad
663 822 1050 874 democratiam
1093 840 1158 873 eo
1202 823 1395 884 modO,
1451 840 1560 889 quo
1600 823 1769 874 voluit
1807 823 2116 887 Rousseau3

202 906 398 972 quodsi
439 904 591 955 multi
632 904 878 955 liberales
916 905 1079 955 hodie
1120 904 1485 956 monarchiam
1520 905 2009 956 constitutionalem
2035 905 2119 956 vel

203 987 591 1054 rempublicam
632 987 813 1054 aliquo
842 988 1010 1038 modo
1046 989 1464 1039 aristocraticam
1507 984 1578 1058 (in
1609 988 1844 1039 favorem
1875 989 2119 1054 divitum)

200 1071 480 1132 adamant,
524 1071 578 1120 id
620 1070 744 1120 inde
784 1071 1053 1136 provenit,
1099 1072 1221 1137 quia
1262 1079 1587 1137 potestatem
1629 1072 1873 1122 amittere
1912 1071 2117 1133 timent,

202 1171 365 1220 quam
416 1153 821 1220 acquisiverunt.
907 1154 955 1217 c)
999 1153 1063 1203 [n
1106 1172 1165 1203 re
1218 1154 1549 1204 oeconomica
1602 1153 1952 1204 liberalismus
2002 1171 2119 1220 pro-

203 1236 380 1286 fitetur
420 1235 635 1302 plenam
676 1235 977 1286 libertatem
1019 1236 1417 1302 productionis:
1462 1236 1687 1302 quilibet
1726 1244 1907 1303 potest
1948 1236 2121 1286 facere

201 1318 464 1386 quidquid
493 1318 621 1378 vult,
664 1320 922 1384 quamdiu
956 1318 1179 1368 aliorum
1208 1319 1320 1368 iura
1362 1320 1567 1385 privata
1595 1337 1703 1369 non
1731 1317 1910 1369 violat.
1967 1318 2120 1369 Haec

200 1400 504 1451 liberalismi
545 1400 716 1451 forma
758 1401 1022 1463 omnibus,
1068 1418 1207 1467 quae
1249 1401 1531 1467 hucusque
1573 1402 1976 1468 disputavimus,
2019 1401 2120 1451 suf-

203 1484 442 1534 ficienter
482 1484 716 1544 reicitur,
760 1484 832 1533 ita
873 1492 930 1533 ut
972 1483 1189 1550 speciali
1232 1483 1552 1534 refutatione
1593 1485 1698 1534 hoc
1738 1483 1860 1534 loco
1901 1500 2009 1534 non
2049 1483 2121 1533 in-

201 1568 396 1632 digeat.
453 1563 745 1632 Speciatim
781 1566 959 1616 omnia
987 1567 1262 1626 subvertit,
1309 1584 1446 1633 quae
1489 1567 1556 1616 de
1599 1567 1854 1617 relatione
1896 1567 2120 1617 civitatis

203 1650 271 1700 ad
313 1649 627 1715 religionem
669 1658 721 1698 et
762 1648 1061 1699 Ecclesiam
1104 1649 1335 1699 diximus
1377 1651 1445 1714 (n.
1497 1652 1596 1713 548
1642 1658 1695 1699 et
1735 1667 1782 1699 n.
1834 1649 1973 1714 555).

208 1767 354 1820 602.
437 1781 483 1817 2.
516 1767 641 1817 Alia
669 1785 839 1834 eaque
869 1768 1058 1829 mitior,
1095 1768 1191 1818 sed
1221 1768 1393 1817 minus
1421 1767 1520 1817 sibi
1550 1768 1887 1818 concordans
1913 1768 2119 1834 species

205 1849 509 1901 liberalisrni
537 1852 781 1916 agnoscit
810 1851 1227 1916 dependentiam
1260 1851 1490 1900 hominis
1518 1867 1548 1899 a
1576 1850 1698 1900 Deo
1740 1850 1895 1900 etiam
1940 1850 2121 1917 quoad

202 1934 365 1985 vitam
397 1933 666 1994 socialem,
710 1933 805 1983 sed
835 1932 1010 1983 solum
1051 1934 1187 1982 intra
1221 1933 1415 1982 limites
1456 1933 1672 1982 rationis
1714 1941 1767 1982 et
1800 1932 1934 1998 legis
1973 1942 2120 1983 natu-

204 2016 338 2068 ralis.
423 2015 784 2065 Revelationis
837 2015 1252 2081 supernaturalis
1305 2015 1355 2064 in
1404 2016 1511 2065 vita
1561 2014 1742 2064 sociali
1794 2014 1937 2065 nulla
1987 2015 2120 2066 ratio

203 2098 454 2149 habenda
495 2107 589 2148 est.
671 2098 803 2147 Inde
857 2098 1134 2148 deducunt
1188 2098 1324 2147 inter
1364 2096 1646 2162 religiones
1688 2097 1997 2147 christianas
2036 2097 2120 2147 vel

204 2181 462 2232 revelatas
503 2179 700 2230 nullam
737 2180 850 2230 aliis
889 2197 1005 2230 esse
1041 2179 1464 2246 praeferendam.
1530 2179 1726 2230 Civitas
1767 2197 1897 2246 ergo
1937 2197 2120 2230 secun-

204 2264 335 2314 dum
375 2264 512 2313 hanc
553 2263 872 2313 sententiam
915 2280 1024 2312 non
1066 2272 1146 2312 est
1187 2263 1405 2328 quidem
1448 2262 1758 2323 christiana,
1808 2262 1906 2312 sed
1946 2280 2120 2329 neque

201 2347 477 2397 atheistica
532 2355 624 2397 aut
679 2345 986 2412 irreligiosa.
1081 2345 1191 2396 Sed
1248 2346 1405 2394 etiam
1464 2345 1597 2395 haec
1653 2345 1861 2395 theoria
1916 2362 1984 2395 ex
2039 2346 2115 2406 iis,

203 2446 340 2497 quae
392 2430 625 2479 diximus
667 2429 734 2478 de
787 2428 1043 2478 relatione
1096 2428 1425 2478 auctoritatis
1478 2427 1641 2478 civilis
1692 2428 1760 2477 ad
1801 2427 2114 2489 Ecclesiam,

202 2514 306 2563 iam
355 2512 581 2562 refutata
633 2520 726 2561 est.
812 2510 1009 2561 Civitas
1063 2511 1331 2577 obligatur
1382 2510 1503 2576 lege
1556 2510 1781 2560 naturali
1829 2511 1898 2560 ad
1938 2511 2118 2560 Deum

203 2595 490 2646 colendum
531 2611 595 2644 eo
637 2594 830 2655 modo,
886 2611 995 2660 quo
1037 2594 1188 2643 Deus
1231 2592 1354 2642 vult.
1436 2592 1609 2658 Atqui
1657 2592 1808 2642 Deus
1859 2592 1963 2642 coli
2007 2591 2118 2642 vult

202 2678 349 2729 cultu
391 2676 981 2728 christiano-catholico.
1045 2676 1200 2742 Ergo
1243 2693 1349 2725 non
1378 2675 1572 2725 sufficit
1612 2674 1725 2725 sola
1759 2674 1943 2741 religio
1971 2683 2115 2724 natu-

202 2760 347 2821 ralis,
392 2776 565 2826 neque
608 2767 834 2825 possunt
878 2757 1038 2808 falsae
1084 2758 1366 2823 religiones
1411 2757 1726 2806 christianae
1767 2756 2114 2823 aequiparari.

203 2885 348 2950 603.
432 2900 478 2950 3.
504 2885 601 2935 Est
630 2885 861 2951 denique
888 2886 1042 2934 tertia
1071 2883 1373 2934 liberalismi
1403 2884 1606 2950 species
1636 2883 1898 2949 prioribus
1919 2883 2110 2944 mitior,

199 2970 295 3019 sed
339 2970 498 3019 etiam
539 2968 712 3017 minus
752 2968 851 3016 sibi
893 2974 1172 3028 constans,
1230 2983 1368 3033 quae
1410 2966 1591 3032 quoad
1632 2966 1795 3015 vitam
1824 2965 2114 3031 privatam

201 3053 361 3102 etiam
414 3050 726 3117 religionem
776 3049 1246 3114 supernaturalem
1309 3065 1601 3114 agnoscere
1653 3047 1792 3109 vult,
1851 3048 1948 3098 sed
2005 3065 2113 3097 non

203 3134 385 3200 quoad
436 3131 600 3183 vitam
653 3130 938 3198 publicam.
1021 3131 1172 3181 Haec
1226 3131 1386 3180 etiam
1438 3131 1572 3180 inter
1623 3129 1918 3180 catholicos
1969 3128 2112 3194 (libe-

201 3216 335 3267 rales
377 3215 624 3266 catholici
675 3214 758 3264 vel
801 3213 1051 3264 catholici
1103 3213 1345 3263 liberales
1386 3213 1736 3276 vocabantur)
1790 3212 2112 3278 aliquamdiu

200 3316 325 3349 suos
365 3297 595 3348 asseclas
635 3297 886 3357 habebat,
931 3313 1156 3362 quorum
1198 3296 1310 3345 dux
1338 3304 1449 3345 erat
1476 3295 1542 3345 F.
1573 3294 1636 3344 R.
1669 3294 1734 3343 de
1759 3293 2106 3344 Lamennaz's.

202 3381 469 3431 Putabant
520 3379 756 3429 maxima
803 3378 944 3429 mala
982 3377 1256 3428 Ecclesiae
1307 3378 1589 3444 provenire
1630 3394 1700 3426 eX
1740 3377 1851 3426 eius
1892 3376 2109 3426 foedere
