2182 3682
499 714 951 791 TABULA
1007 714 1558 791 THESEON.

151 887 182 924 Ι.
224 885 338 924 Finis
373 885 562 924 absolute
604 884 771 924 ultimus
804 885 990 925 omnium
1034 894 1312 924 creaturarum
1357 894 1419 925 est
1450 886 1583 938 gloria
1616 887 1715 934 Dei,
1762 894 1801 924 et

77 952 246 1004 quidem
280 958 558 991 creaturarum
591 952 888 991 irrationalium
912 952 1043 1004 gloria
1067 952 1149 991 Dei
1179 953 1396 1000 obiectiva,
1432 953 1693 992 rationalium
1717 961 1801 992 tum

77 1019 286 1058 obiectiva
319 1025 403 1057 tum
436 1019 621 1057 formalis

149 1093 204 1132 Π.
245 1092 360 1131 Finis
392 1092 561 1131 ultimus
594 1092 796 1141 internus,
836 1108 858 1131 a
891 1094 986 1132 Deo
1018 1093 1126 1132 intra
1158 1093 1350 1133 ordinem
1383 1094 1613 1133 naturalem
1644 1095 1801 1133 homini

76 1159 366 1212 praestitutus,
412 1159 454 1198 in
495 1159 682 1199 eiusdem
714 1161 902 1211 perfecta
942 1161 1118 1200 naturali
1151 1161 1411 1200 beatitudine
1452 1161 1641 1201 consistit

150 1234 225 1273 III.
268 1234 384 1272 Deus
428 1242 491 1273 est
522 1234 731 1274 obiectum
774 1235 1040 1274 beatitudinis
1083 1235 1290 1274 humanae
1333 1236 1612 1274 necessarium
1658 1242 1698 1274 et
1729 1249 1804 1287 per

77 1314 120 1340 se
153 1300 360 1340 sufficiens

152 1375 223 1415 IV.
266 1375 459 1414 Essentia
489 1376 760 1415 beatitudinis
803 1377 843 1414 in
888 1377 976 1415 sola
1008 1378 1192 1429 perfecta
1223 1377 1305 1417 Dei
1345 1377 1584 1430 cognitione
1617 1378 1803 1417 consistit

150 1449 201 1489 V.
244 1449 433 1489 Perfecta
457 1450 672 1489 beatitudo
706 1450 747 1488 in
780 1450 860 1489 hac
891 1450 976 1490 vita
1009 1451 1187 1491 obtineri
1222 1452 1385 1504 nequit3
1421 1460 1678 1505 quapropter
1709 1453 1802 1491 finis

76 1517 308 1569 praesentis
340 1517 446 1555 vitae
479 1530 696 1569 supremus
730 1518 772 1555 in
806 1531 856 1556 eo
890 1518 1088 1567 consistit,
1123 1526 1168 1557 ut
1190 1519 1316 1558 homo
1349 1521 1533 1559 actiones
1565 1534 1659 1559 suas
1690 1527 1802 1559 recte

78 1584 313 1623 ordinando
347 1584 400 1622 ad
434 1584 557 1623 finem
591 1584 780 1622 ultimum
811 1585 920 1624 vitae
953 1586 1114 1624 futurae
1148 1600 1192 1625 se
1225 1587 1419 1639 disponat

152 1658 224 1696 VI.
261 1657 386 1707 Quod
416 1657 460 1694 fit
492 1671 541 1696 ex
572 1658 805 1709 ignorantia
836 1659 1073 1707 invincibili,
1109 1674 1186 1699 nec
1216 1660 1391 1699 liberum
1425 1675 1503 1701 nec
1525 1662 1800 1700 voluntarium

80 1732 142 1764 est
174 1724 403 1763 secundum
443 1725 485 1762 id
529 1725 643 1777 quod
675 1725 913 1777 ignoratur;
962 1727 1074 1778 quod
1116 1734 1253 1766 autem
1287 1727 1330 1766 fit
1364 1742 1413 1766 ex
1453 1728 1688 1780 ignorantia
1719 1730 1806 1767 vin-

79 1791 205 1840 cibili,
241 1798 303 1830 est
335 1791 616 1831 voluntarium
650 1800 691 1831 et
723 1792 898 1831 liberum
931 1793 1077 1833 saltem
1111 1795 1151 1832 in
1186 1809 1309 1834 causa

154 1867 247 1906 VII,
284 1866 637 1919 Concupiscentia
667 1868 922 1907 antecedens
947 1876 1087 1907 causat
1111 1869 1389 1909 voluntarium
1414 1879 1454 1909 et
1477 1879 1601 1923 auget
1624 1871 1809 1910 eiusdem

76 1933 375 1982 intensitatem,
411 1934 486 1972 sed
518 1934 666 1973 minuit
698 1934 885 1974 eiusdem
919 1935 1153 1975 libertatem

150 2008 265 2046 VIII.
300 2008 423 2047 Actio
456 2021 506 2047 ex
539 2008 629 2047 solo
663 2016 774 2047 metu
807 2009 943 2061 posita
977 2018 1039 2049 est
1068 2011 1299 2050 voluntaria
1335 2012 1594 2064 simpliciter,
1631 2020 1670 2051 et
1703 2014 1806 2065 ordi-

77 2075 192 2114 narie
225 2076 400 2128 positive
443 2076 720 2115 involuntaria
765 2078 994 2116 secundum
1028 2078 1154 2130 quid,
1202 2087 1334 2118 metus
1375 2093 1502 2131 porro
1546 2082 1807 2132 quantumvis

75 2142 232 2194 gravis,
278 2143 475 2195 quamdiu
507 2143 677 2182 rationis
710 2158 829 2182 usum
862 2158 947 2183 non
980 2145 1172 2197 impedit,
1221 2160 1305 2185 non
1340 2146 1446 2185 tollit
1479 2147 1653 2186 liberum

149 2217 224 2255 IX.
259 2217 470 2256 Violentia
502 2218 642 2257 stricte
667 2218 780 2258 dicta
813 2219 983 2258 omnino
1007 2220 1192 2259 excludit
1214 2221 1519 2268 voluntarium3
1556 2236 1646 2260 eam
1669 2229 1806 2262 tamen

77 2283 271 2323 voluntas
303 2284 388 2336 pati
421 2298 505 2324 non
538 2292 679 2337 potest
717 2286 794 2325 nisi
829 2286 938 2326 circa
972 2293 1089 2326 actus
1124 2288 1315 2340 imperari
1349 2289 1495 2328 solitos

150 2358 203 2398 X.
236 2358 455 2398 Moralitas
489 2359 678 2398 consistit
710 2360 750 2398 in
783 2368 898 2400 actus
932 2361 1215 2414 dependentia
1249 2377 1272 2401 a
1302 2363 1515 2402 voluntate
1548 2364 1678 2402 libere
1711 2378 1806 2417 ope-

76 2432 194 2464 rante
226 2432 267 2464 et
298 2426 460 2466 ratione
493 2427 738 2466 advertente
771 2428 825 2466 ad
856 2428 1119 2468 honestatem
1151 2430 1216 2468 vel
1250 2431 1549 2482 turpitudinem
1583 2431 1736 2471 obiecti
1798 2464 1803 2471 .

150 2501 224 2539 XI.
268 2500 374 2540 Sunt
408 2501 594 2541 actiones
635 2503 860 2542 intrinsece
894 2511 933 2542 et
968 2512 1115 2543 natura
1148 2518 1222 2543 sua
1254 2505 1432 2558 ideoque
1475 2506 1809 2558 independenter

75 2581 98 2605 a
131 2581 391 2620 quacumque
423 2569 636 2609 voluntate
670 2570 871 2610 honestae
903 2572 970 2611 vel
1005 2572 1250 2611 inhonestae

149 2642 245 2682 XII.
286 2642 444 2682 Norma
475 2643 665 2696 proxima
697 2645 900 2684 bonitatis
943 2652 984 2685 et
1014 2646 1195 2685 malitiae
1237 2647 1404 2687 moralis
1437 2661 1513 2700 pro
1547 2648 1713 2687 homine
1747 2655 1810 2687 est

76 2709 261 2749 eiusdem
298 2717 446 2749 natura
477 2710 693 2751 rationalis
728 2726 808 2765 qua
840 2713 955 2762 talis,
1003 2727 1149 2753 norma
1181 2728 1280 2753 vero
1314 2714 1455 2754 ultima
1490 2722 1531 2754 et
1563 2715 1807 2754 universalis

77 2783 138 2815 est
171 2776 262 2828 ipsa
294 2778 472 2816 essentia
504 2778 645 2818 divina

150 2851 266 2890 XIII.
312 2851 629 2901 Utilitarismus,
680 2853 750 2905 qui
796 2854 1039 2894 felicitatem
1087 2855 1175 2895 sive
1220 2856 1425 2908 privatam
1470 2856 1556 2894 sive
1600 2856 1808 2908 publicam

77 2930 264 2956 normam
296 2918 493 2959 bonitatis
526 2926 567 2958 et
600 2920 778 2960 malitiae
811 2921 979 2961 moralis
1013 2935 1103 2961 esse
1135 2922 1290 2971 statuit,
1325 2923 1558 2963 reiciendus
1591 2930 1653 2963 est

148 2991 263 3031 XIV.
312 2993 470 3032 Pariter
520 2995 812 3046 reprobandus
861 3003 924 3035 est
977 2996 1204 3036 sensismus
1257 2997 1422 3036 moralis
1475 3005 1516 3036 et
1567 2998 1807 3036 autonomia

74 3057 289 3097 Kantiana

148 3132 243 3172 XV.
288 3134 421 3173 Actus
460 3135 630 3174 interior
674 3137 799 3176 habet
843 3151 958 3176 suam
1001 3139 1241 3190 specificam
1285 3147 1325 3177 et
1370 3139 1635 3178 essentialem
1677 3139 1804 3176 hone-

76 3205 222 3238 statem
262 3200 315 3239 ab
355 3201 522 3242 obiecto
588 3235 594 3241 .

151 3274 266 3315 XVI.
311 3276 444 3316 Actus
477 3277 652 3318 interior
684 3279 807 3318 etiam
841 3294 865 3319 a
905 3281 1220 3320 circumstantiis
1263 3282 1414 3333 accipit
1459 3280 1685 3319 bonitatem
1729 3281 1807 3319 for-

80 3341 230 3381 malem
263 3342 529 3384 intrinsecam
563 3352 602 3384 et
635 3347 936 3386 accidentalem
991 3380 998 3386 .

1890 839 1975 878 Pag.

1933 2441 1985 2483 54

1931 2584 1982 2626 59

1929 2783 1981 2821 62

1931 2931 1982 2972 77

1925 3064 1979 3114 83

1926 3206 1981 3245 86

1925 3358 1975 3397 91
