2182 3682
150 172 247 208 102
539 167 654 196 PARS
689 168 717 196 Ι.
768 167 1091 196 PHILOSOPHIA
1125 166 1336 196 MORALIS
1371 166 1654 196 GENERALIS.

140 308 349 354 hibetur.
411 306 673 369 Appetitus
709 322 829 354 vero
866 314 914 353 et
949 305 1162 353 studium
1199 306 1583 366 cognoscendae
1618 304 1834 352 veritatis
1871 300 2055 367 (cogni-

140 382 286 429 tionis
322 378 679 443 acquirendae)
714 397 819 428 non
857 381 1014 428 solum
1050 395 1139 442 per
1176 379 1432 437 accidens,
1483 379 1570 427 sed
1607 379 1754 426 etiam
1790 395 1881 441 per
1917 396 1968 428 se
2006 389 2055 428 et

140 456 332 504 ratione
369 457 440 503 sui
476 465 637 519 potest
674 471 779 504 esse
815 455 1144 513 inordinatus,
1184 463 1423 516 quatenus
1459 472 1502 501 v.
1542 470 1587 515 g.
1625 453 1801 516 aliquis
1837 470 1928 516 per
1964 464 2055 502 stu-

142 531 276 578 dium
313 532 471 578 minus
507 531 623 578 utile
659 531 919 578 retrahitur
955 546 984 576 a
1019 529 1207 587 studio,
1258 529 1393 590 quod
1434 528 1525 576 sibi
1561 544 1620 576 ex
1656 529 1949 577 necessitate
1986 530 2054 576 in-

141 605 353 663 eumbit;
400 607 479 653 vel
527 614 767 666 quatenus
815 605 976 652 studet
1023 619 1328 665 cognoscere
1367 603 1625 650 veritatem
1671 619 1820 665 supra
1865 605 2055 666 proprii

141 680 329 741 ingenii
366 681 659 727 facultatem.

221 755 363 814 Quae
399 755 479 802 hic
517 771 577 801 ex
614 756 659 801 S.
699 754 894 801 Thoma
931 753 993 800 de
1030 752 1235 800 scientia
1284 761 1331 800 et
1368 752 1652 814 cognitione
1689 753 1904 801 veritatis
1940 753 2058 801 dixi-

141 846 261 887 mus,
301 831 466 877 valent
495 829 641 876 etiam
669 830 731 876 de
757 829 979 886 sanitate,
1020 829 1083 875 de
1109 829 1336 875 acumine
1363 827 1563 889 ingenii,
1601 828 1880 890 integritate
1907 843 2058 876 mem-

140 907 359 962 brorum,
399 904 649 952 similibus.
723 905 868 951 Haec
905 903 1038 951 enim
1075 918 1166 965 per
1202 918 1253 950 se
1292 912 1340 950 et
1375 903 1566 950 ratione
1608 904 1680 951 sui
1716 919 1913 965 semper
1949 913 2060 951 sunt

141 980 339 1028 obiecta
373 981 582 1026 honesta
621 975 700 1041 (cf.
740 995 884 1041 supra
922 995 968 1026 n.
1012 992 1098 1040 75,
1138 979 1233 1025 obi.
1275 975 1352 1038 3)3
1401 979 1646 1040 appetitus
1682 987 1843 1026 autem
1883 987 1931 1026 et
1966 988 2058 1026 stu-

142 1055 275 1101 dium
314 1053 606 1115 acquirendi
640 1055 719 1101 vel
757 1053 1086 1100 conservandi
1124 1054 1249 1100 haec
1284 1054 1419 1100 bona
1457 1063 1528 1101 est
1556 1070 1647 1116 per
1672 1070 1723 1102 se
1750 1053 2054 1113 indifferens,

142 1129 257 1190 quia
292 1145 383 1190 per
420 1145 471 1176 se
509 1138 557 1176 et
593 1129 783 1176 ratione
822 1129 893 1176 sui
930 1137 1093 1190 potest
1129 1144 1235 1176 esse
1274 1128 1596 1176 inordinatus.

223 1226 323 1266 Obi.
354 1238 396 1275 3.
472 1219 649 1265 Omnis
700 1219 891 1280 species
944 1218 1190 1265 invenitur
1242 1218 1293 1264 in
1346 1218 1512 1278 aliquo
1565 1217 1835 1266 individuo.
1907 1219 2062 1280 Atqui

141 1302 250 1340 sunt
286 1294 506 1340 actiones
543 1293 882 1340 indifferentes
920 1294 969 1339 in
1008 1293 1190 1355 specie.
1261 1294 1400 1352 Ergo
1437 1293 1585 1340 etiam
1622 1293 1673 1339 in
1709 1293 1980 1340 individuo.

218 1386 369 1434 Resp.
437 1377 568 1423 Dist.
607 1378 749 1423 mall:
797 1375 973 1422 Omnis
1011 1375 1202 1436 species
1240 1375 1486 1422 invenitur
1522 1375 1570 1421 in
1609 1375 1892 1434 individuo,
1942 1376 1971 1423 i.
2012 1391 2054 1424 e.

140 1452 485 1512 totumsquod
523 1460 596 1498 est
632 1451 681 1497 in
719 1450 900 1512 specie,
940 1450 1091 1497 debet
1126 1450 1275 1497 etiam
1310 1449 1520 1497 inveniri
1554 1450 1604 1496 in
1629 1449 1901 1508 individuo,
1939 1466 2055 1498 conc.

141 1527 256 1573 Non
294 1535 455 1588 potest
492 1527 543 1573 in
579 1526 836 1573 individuo
867 1525 1053 1587 aliquid
1080 1525 1322 1572 accedere
1350 1524 1568 1586 speciem
1594 1534 1802 1583 mutans,
1840 1526 2061 1573 subdat..-

139 1601 188 1647 in
227 1601 402 1649 ordine
439 1601 672 1663 physico,
723 1617 868 1657 cmm,
919 1601 969 1646 in
1011 1600 1187 1647 ordine
1225 1600 1424 1658 morali,
1480 1600 1656 1647 iterum
1692 1601 1914 1648 subdist:
1958 1617 2062 1648 non

83 1732 85 1734 ¹
139 1686 302 1737 potest
349 1677 590 1723 accedere
639 1676 825 1737 aliquid
874 1685 1066 1722 mutans
1108 1675 1326 1737 speciem
1364 1676 1662 1723 intrinsecam
1699 1682 1745 1721 et
1777 1677 2062 1722 essentialem

140 1747 345 1813 (quippe
384 1767 511 1813 quae
550 1767 609 1798 ex
647 1751 845 1798 obiecto
885 1747 1153 1811 causatur),
1204 1766 1349 1803 cmc..
1400 1751 1619 1812 speciem
1657 1766 1793 1798 mere
1830 1751 2057 1798 acciden-

139 1827 301 1883 talem,
342 1842 468 1887 quae
507 1842 595 1888 per
633 1827 787 1873 solam
814 1825 1274 1872 denominationem
1309 1826 1638 1873 extrinsecam
1664 1825 1791 1872 actui
1817 1826 2056 1884 tribuitur,

139 1917 265 1961 nego.
337 1903 468 1949 Dz‘st.
509 1904 651 1948 min..-
699 1902 818 1947 Sunt
855 1910 990 1948 actus
1027 1900 1367 1948 indifferentes
1404 1900 1454 1946 in
1492 1900 1684 1962 specie,
1728 1901 1756 1948 i.
1797 1916 1838 1948 e.
1878 1901 1961 1961 qui
1999 1916 2059 1948 ex

141 1977 354 2024 essentia
413 1993 498 2024 sua
549 1977 800 2039 postulant
851 1991 957 2023 esse
1009 1976 1350 2023 indifferentes
1400 1976 1479 2022 vel
1532 1975 1741 2037 positive
1795 1976 2063 2023 excludunt

139 2053 449 2099 honestatem
487 2053 564 2098 vel
603 2050 852 2109 malitiam,
891 2066 1021 2111 nege,
1061 2051 1144 2112 qui
1181 2040 1240 2097 ex
1278 2050 1490 2098 essentia
1515 2067 1600 2097 sua
1624 2050 1849 2097 nondum
1874 2051 2061 2098 habent

139 2126 412 2174 bonitatem
449 2127 528 2174 vel
564 2126 814 2185 malitiam,
854 2141 962 2173 eam
1001 2135 1168 2173 tamen
1206 2125 1402 2173 aliunde
1429 2126 1658 2187 accipere
1685 2134 1903 2187 possunt,
1939 2141 2054 2173 conc.

221 2217 323 2257 Obi.
358 2230 400 2267 4.
458 2211 661 2257 Possum
699 2209 949 2256 obiectum
986 2209 1275 2256 indifferens
1300 2210 1427 2267 velle
1453 2218 1505 2256 ut
1528 2210 1693 2256 finem.
1748 2210 1883 2270 Ergo
1908 2209 2057 2256 etiam

140 2285 248 2332 finis
287 2293 449 2346 potest
487 2300 594 2332 esse
631 2284 935 2332 indifferens.

218 2376 369 2424 Resp.
404 2387 437 2413 ι.
502 2368 658 2413 Multa
695 2366 892 2414 obiecta
929 2375 1101 2413 natura
1138 2382 1224 2414 sua
1260 2382 1362 2413 non
1400 2375 1511 2413 sunt
1547 2375 1751 2428 propter
1787 2381 1838 2413 se
1875 2365 2061 2428 appeti-

139 2441 256 2488 bilia
293 2441 495 2500 homini,
536 2442 622 2489 sed
660 2443 816 2489 solum
857 2450 1097 2503 quatenus
1134 2450 1244 2488 sunt
1280 2443 1418 2488 utilia
1453 2441 1517 2487 ad
1554 2441 1686 2488 aliud
1721 2442 1909 2488 bonum
1947 2455 2061 2487 con-

142 2517 467 2577 sequendum.
521 2518 667 2564 Haec
704 2533 825 2578 ergo
862 2532 1132 2577 numquam
1171 2524 1377 2577 possunt
1414 2531 1520 2563 esse
1547 2516 1669 2573 finis,
1708 2524 1759 2562 ut
1783 2531 1826 2563 v,
1854 2531 1899 2576 g.
1927 2531 2061 2562 man-

142 2592 351 2649 ducare,
395 2593 674 2650 ambulare,
712 2591 851 2652 loqui
888 2600 979 2639 etc.
1052 2591 1214 2638 Nemo
1253 2591 1386 2638 enim
1423 2591 1643 2652 prudens
1680 2591 1971 2647 manducat,
2010 2599 2062 2636 ut

142 2665 433 2724 manducet,
485 2667 573 2713 sed
618 2676 670 2714 ut
717 2667 844 2714 vires
886 2666 1073 2713 reficiat
1107 2666 1184 2712 vel
1222 2666 1370 2712 alium
1407 2666 1555 2712 finem
1592 2673 1938 2726 consequatur.
2012 2664 2062 2711 Si

144 2750 307 2787 autem
345 2741 595 2788 obiectum
632 2742 894 2788 delectabile
931 2749 1028 2788 est:

223 2832 373 2880 Resp.
409 2842 451 2869 2.
530 2823 660 2869 Dc'st.
700 2829 877 2869 antee:
923 2824 1128 2869 Possum
1180 2822 1278 2868 tale
1331 2820 1580 2868 obiectum
1631 2828 1682 2866 ut
1733 2821 1883 2868 finem
1933 2819 2061 2866 velle

146 2906 282 2944 certo
329 2906 580 2958 tempore,
632 2899 771 2955 loco,
823 2897 928 2944 aliis
977 2895 1354 2944 circumstantiis
1392 2895 1835 2954 individnantibus,
1886 2893 2062 2955 quibus

145 2971 426 3019 necessario
463 2972 515 3018 fit
553 2971 715 3019 ordini
751 2972 953 3018 rationis
992 2987 1265 3032 congruum
1302 2971 1380 3018 vel
1417 2985 1725 3032 repugnans,
1772 2984 1917 3025 conc„
1956 2968 2061 3015 sine

147 3046 323 3094 talibus
362 3046 751 3103 circumstantiis,
796 3062 923 3106 nego.

229 3135 331 3175 Obi.
373 3146 414 3186 5.
493 3129 687 3174 Dantur
737 3128 931 3175 habitus
983 3127 1337 3174 indifferentes.
1422 3127 1558 3186 Ergo
1610 3127 1757 3172 etiam
1809 3133 1944 3172 actus
1994 3124 2063 3170 in-

149 3202 449 3249 differentes
522 3203 652 3248 Nam
689 3203 881 3249 habitus
919 3210 1179 3249 causantur
1216 3217 1305 3263 per
1342 3209 1490 3248 actus.

226 3293 376 3341 Resp.
441 3284 575 3330 Cone.
615 3290 757 3331 antec.
818 3285 1128 3330 Dz'st.60125.:
1165 3285 1298 3344 Ergo
1337 3283 1515 3330 dantur
1550 3290 1686 3329 actus
1722 3282 2063 3329 indifferentes

148 3357 199 3403 in
247 3373 333 3407 sua
376 3358 646 3405 substantia
683 3374 768 3405 seu
805 3359 973 3418 quoad
1008 3359 1321 3404 honestatem
1356 3358 1436 3404 vel
1473 3356 1709 3403 malitiam
1745 3356 2061 3403 intrinsecam
