2182 3682
104 171 205 200 CAP.
240 169 306 198 111.
358 168 420 196 DE
452 165 686 196 BONITATE
719 164 778 192 ET
813 163 1011 192 MALITIA
1046 162 1224 190 MORALI
1258 161 1455 190 ACTUUM
1490 161 1808 189 HUMANORUM.
1872 150 1941 213 89

43 323 87 356 a.
140 318 202 354 10
241 303 309 352 ad
342 316 367 366 3
412 309 466 351 et
505 299 649 365 alibi)
691 299 893 349 docens
934 296 1059 347 nihil
1101 297 1403 362 prohibere,
1448 296 1733 362 quominus
1773 305 1937 356 actus,

43 387 131 453 qui
169 392 289 434 sunt
328 383 489 432 iidem
527 381 819 432 secundum
861 379 1086 445 speciem
1113 386 1359 439 naturae,
1401 378 1504 427 sint
1542 378 1731 427 diversi
1759 395 1941 427 secun-

43 469 171 518 dum
198 465 421 530 specz'em
450 463 636 524 moris,
680 461 914 528 loquitur
942 461 1009 510 de
1038 460 1246 510 actibus
1274 459 1633 508 exterioribus
1661 458 1742 508 vel
1784 460 1941 509 etiam

42 549 110 599 de
161 547 366 597 actibus
417 545 751 595 interioribus
802 543 994 604 malis,
1048 543 1099 591 in
1141 542 1332 607 quibus
1372 541 1424 590 id
1476 541 1804 590 verissimum
1845 550 1939 590 est.

41 630 212 680 Immo
240 645 425 678 verum
453 634 534 676 est
562 626 721 676 etiam
752 625 932 691 quoad
961 633 1110 674 actus
1150 624 1424 672 interiores
1465 622 1654 683 bonos,
1698 623 1740 671 si
1767 639 1941 671 sermo

40 713 106 762 sit
146 711 214 760 de
254 726 359 759 una
399 709 640 759 bonitate
680 709 962 757 intrinseca
991 714 1043 756 et
1084 723 1188 754 una
1214 704 1298 754 vel
1339 704 1577 770 pluribus
1618 703 1944 753 bonitatibus

41 793 363 853 extrinsecis,
387 791 476 840 'de
517 790 710 856 quibus
749 790 801 838 in
842 788 978 838 thesi
1019 787 1177 837 XVII
1219 804 1455 852 agemus

117 895 293 946 Sclzol.
340 910 394 959 3.
491 894 737 943 Diximus
791 908 950 958 supra
1007 893 1075 955 (n.
1132 891 1223 954 66)
1280 891 1577 940 bonitatem
1634 890 1947 939 obieclivam

41 978 222 1044 quoad
276 977 469 1026 multas
509 976 748 1026 actiones
789 991 904 1024 esse
956 973 1413 1038 independentem
1453 989 1484 1022 a
1523 971 1799 1021 voluntate
1840 988 1949 1020 non

39 1059 211 1110 solum
263 1059 517 1119 hominis,
571 1057 667 1107 sed
720 1056 878 1106 etiam
920 1056 1050 1115 Dei,
1106 1062 1159 1105 et
1213 1055 1520 1120 dependere
1573 1072 1603 1103 a
1656 1054 1833 1102 divina
1872 1070 1947 1102 sa-

39 1142 235 1209 pientia
287 1138 686 1206 contemplante
739 1138 968 1187 divinam
1011 1137 1311 1186 essentiam.
1393 1136 1545 1185 Idem
1587 1136 1654 1185 de
1707 1135 1947 1185 bonitate

26 1223 289 1290 formali,
334 1240 428 1288 per
456 1238 615 1288 quam
656 1220 822 1270 homo
852 1218 1140 1269 formaliter
1180 1219 1353 1268 bonus
1382 1219 1438 1267 fit
1468 1226 1520 1268 et
1561 1217 1945 1267 beatitudinem

39 1307 420 1371 sempiternam
472 1312 726 1363 meretur,
783 1319 1120 1367 nequaquam
1175 1301 1278 1350 dici
1330 1307 1524 1367 potest.
1607 1300 1757 1349 Haec
1805 1299 1944 1348 enim

39 1388 293 1454 supponit
332 1387 605 1436 hominem
646 1386 714 1434 de
756 1384 896 1434 facto
935 1385 1280 1433 exsistentem
1309 1390 1361 1433 et
1402 1383 1702 1432 ordinatum
1743 1382 1792 1430 in
1835 1380 1944 1446 glo-

43 1470 170 1520 riam
212 1469 315 1519 Dei
356 1478 407 1518 et
448 1468 834 1518 beatitudinem
876 1466 1185 1532 perfectam,
1229 1466 1486 1532 supponit
1526 1466 1684 1514 etiam
1728 1481 1943 1513 concur-

39 1570 156 1603 sum
197 1551 326 1612 Dei,
379 1551 491 1600 sine
532 1567 639 1616 quo
682 1558 923 1599 creatura
962 1548 1088 1597 nihil
1130 1564 1288 1613 agere
1340 1555 1547 1613 potest,
1593 1556 1691 1596 etc.
1773 1544 1943 1595 Multi-

41 1633 245 1701 pliciter
300 1650 429 1699 ergo
481 1632 736 1698 supponit
786 1630 1119 1681 voluntatem
1173 1630 1300 1691 Dei,
1360 1630 1542 1695 utique
1594 1628 1943 1694 hypothetice

43 1718 91 1781 (i.
136 1734 178 1767 e.
222 1715 503 1782 supposita
543 1714 832 1778 creatione)
874 1713 1239 1763 necessariam.

121 1857 222 1898 Obi.
257 1869 290 1895 ι.
367 1851 533 1896 Potest
569 1848 817 1895 obiectum
854 1848 1036 1894 habere
1074 1848 1237 1908 plures
1274 1847 1543 1902 bonitates,
1587 1862 1628 1891 v.
1667 1860 1711 1905 g.
1751 1859 1945 1890 servare

39 1924 310 1971 castitatem
347 1923 397 1969 in
435 1923 609 1971 ordine
647 1923 876 1984 religioso
913 1923 1062 1969 habet
1099 1921 1346 1983 duplicem
1377 1920 1673 1967 bonitatem:
1714 1918 1945 1966 castitatis

39 2008 87 2047 et
121 1998 385 2060 religionis.
457 1999 595 2058 Ergo
632 2006 793 2060 potest
827 1998 1050 2044 voluntas
1088 2007 1344 2057 utramque
1381 1997 1520 2053 velle,
1560 2004 1607 2042 et
1643 2004 1759 2041 tunc
1796 1994 1944 2040 habet

40 2074 159 2121 duas
194 2074 441 2121 bonitates
478 2074 709 2121 formales
746 2072 1050 2119 intrinsecas.

117 2180 266 2229 Resp.
334 2171 466 2217 Cone.
506 2177 649 2218 antec.
710 2171 840 2216 Dz'st.
880 2186 1028 2216 etms:
1065 2171 1230 2216 Potest
1266 2170 1490 2215 voluntas
1526 2176 1784 2227 utramque
1821 2167 1945 2212 velle

40 2245 242 2293 diversis
289 2245 503 2304 actibus,
552 2261 695 2301 cona,
745 2261 845 2292 uno
896 2245 1175 2305 eodemque
1213 2258 1419 2290 numero
1457 2251 1591 2299 actu,
1633 2242 1854 2287 suhdz'st..·
1900 2248 1951 2286 ut

41 2320 234 2368 obiecta
271 2322 567 2377 materialia,
618 2336 761 2378 conc„
810 2329 861 2366 ut
897 2319 1093 2366 obiecta
1130 2318 1354 2366 formalia
1391 2318 1668 2378 adaequate
1706 2315 1949 2372 distincta,

40 2411 165 2455 nego.
237 2397 405 2442 Potest
448 2396 673 2443 voluntas
725 2410 823 2441 uno
879 2394 1156 2454 eodemque
1210 2402 1321 2440 actu
1371 2394 1497 2439 velle
1550 2393 1654 2437 illas
1706 2391 1953 2437 bonitates

41 2469 283 2527 diversas,
331 2478 383 2517 ut
430 2469 616 2517 faciunt
663 2486 806 2516 umam
854 2484 1036 2515 novum
1076 2468 1325 2515 obiectum
1364 2468 1570 2513 formale
1608 2467 1952 2526 adaequatum,

40 2545 118 2592 vel
152 2554 203 2592 ut
239 2544 402 2605 aliqua
440 2545 629 2592 ratione
669 2544 919 2592 communi
956 2543 1083 2591 inter
1119 2559 1170 2590 se
1197 2543 1513 2600 conveniunt,
1553 2541 1640 2588 sed
1666 2557 1768 2587 non
1794 2547 1956 2601 potest

42 2633 124 2666 eas
170 2619 410 2681 attingere
460 2620 638 2667 eodem
675 2628 812 2676 actu,
863 2628 913 2665 ut
950 2627 1059 2665 sunt
1095 2617 1365 2665 formaliter
1403 2617 1627 2664 diversae
1666 2624 1714 2662 et
1749 2613 1955 2661 totidem

47 2693 241 2742 obiecta
278 2695 503 2741 formalia
540 2695 818 2756 adaequata
854 2693 1167 2741 constituunt.

121 2806 223 2847 Obi.
258 2819 301 2846 2.
365 2799 466 2846 Hic
502 2807 662 2846 actus:
706 2800 820 2846 volo
858 2799 1065 2845 honeste
1103 2798 1284 2854 vivere,
1325 2803 1396 2843 est
1432 2796 1666 2842 honestus
1704 2794 1754 2839 in
1793 2793 1958 2854 aliqua

40 2872 203 2934 specie
265 2873 592 2921 determinata
656 2873 940 2920 honestatis.
1020 2873 1173 2933 Atqui
1232 2887 1341 2919 eam
1396 2886 1500 2916 non
1553 2878 1714 2931 potest
1773 2868 1958 2914 habere

41 2947 102 2994 ab
155 2947 380 3005 obiecto;
438 2965 558 2995 nam
610 2948 860 2995 obiectum
914 2948 1032 2994 illud
1091 2955 1162 2994 est
1218 2960 1483 2993 commune
1536 2944 1765 2991 omnibus
1817 2941 1960 2988 virtu-

41 3020 181 3069 tibus.
242 3023 392 3083 Ergo.

872 3076 901 3094 f

119 3127 268 3176 Resp.
339 3120 473 3167 Cone.
511 3121 619 3166 mai.
680 3119 820 3178 Nega
855 3119 964 3165 min.
1026 3118 1112 3164 Ad
1132 3119 1319 3180 probat.
1359 3117 1462 3163 dist.
1483 3133 1495 3161 .·
1549 3114 1676 3162 Illud
1713 3113 1962 3160 obiectum

43 3199 115 3242 est
161 3208 423 3241 commune
484 3194 712 3241 omnibus
758 3193 1038 3251 virtutibus,
1094 3200 1333 3253 quatenus
1381 3191 1428 3236 in
1482 3190 1679 3237 obiecto
1727 3186 1962 3248 specifico

39 3265 258 3313 omnium
305 3267 532 3314 virtutum
597 3277 851 3329 tamquam
898 3267 1021 3314 ratio
1058 3266 1291 3328 generica
1326 3265 1614 3321 includitur,
1664 3277 1809 3318 conc„
1856 3260 1964 3322 ipsa

41 3339 166 3388 haec
210 3340 334 3388 ratio
382 3341 614 3403 generica
660 3342 710 3390 in
758 3357 809 3391 se
858 3341 1063 3392 seorsim
1117 3350 1166 3391 ut
1219 3339 1467 3389 obiectum
1508 3338 1808 3398 completum
1844 3349 1957 3382 con·
