2182 3682
555 170 707 199 CAPUT
742 171 838 201 VIII.
888 170 949 200 DE
982 171 1094 200 IURE
1128 171 1176 200 IN
1212 171 1414 202 GENERE.
1835 164 1934 226 189

119 305 206 354 Ius
245 305 428 370 primo⁴
468 303 589 365 loco
647 304 879 369 positum
933 304 1180 368 (iustum)
1236 313 1317 354 est
1372 305 1642 375 obiectum
1683 308 1937 372 formale

45 371 461 460 Qfgjlffitstiae,
501 386 580 435 ius
608 387 761 435 tertio
803 385 923 447 loco
965 386 1197 451 positum
1240 385 1502 450 (facultas)
1544 397 1623 437 est
1666 390 1934 439 obiectum

32 467 284 533 fjoggzgque
319 475 548 531 pl'Qplez'
574 467 717 532 quod
739 467 1032 531 (obiectum
1057 466 1275 517 formale
1304 468 1408 531 cui)
1437 469 1664 519 iustitiae
1694 470 1762 534 (n.
1797 472 1932 535 139).

44 549 129 599 De
169 549 277 618 iure
319 548 424 598 hoc
465 548 651 613 ultimo
692 565 851 598 sensu
892 549 1002 615 agit
1040 566 1270 616 sequens
1310 549 1487 600 thesis.

686 710 952 760 THESIS
988 713 1295 760 XXXVIII.

49 821 173 875 227
183 850 194 862 ·
276 821 370 867 Ius
406 835 578 868 sensu
616 821 807 869 stricto
845 829 1143 883 acceptum
1183 830 1333 871 recte
1367 823 1631 871 definitur
1657 830 1940 884 „potestas

47 894 276 941 moralis
312 894 367 941 in
406 910 528 942 rem
567 896 785 944 suam“.

123 1009 209 1061 St.
256 1008 331 1077 Q.
414 1011 491 1062 Cf.
551 1029 725 1079 supra.
806 1013 946 1063 Dein
1011 1031 1119 1063 non
1185 1015 1358 1080 agitur
1425 1015 1491 1064 de
1557 1015 1735 1065 stricte
1801 1015 1942 1065 dicta

46 1094 379 1159 probatione,
422 1095 517 1144 sed
560 1096 738 1161 potius
778 1095 846 1145 de
875 1094 1179 1146 evolutione
1209 1099 1522 1163 conceptus,
1567 1114 1728 1163 quem
1757 1115 1942 1147 omnes

48 1175 268 1226 habent.

120 1272 328 1333 Explic.
367 1279 422 1320 et
456 1275 613 1334 prob.
684 1273 891 1324 Dicitur
950 1289 989 1324 Ι.
1023 1282 1265 1340 potestas
1303 1293 1394 1325 Seu
1431 1276 1708 1340 facultas,
1766 1285 1824 1326 ut
1864 1277 1943 1327 ius

47 1342 401 1420 distinguatur
455 1356 522 1405 ab
584 1355 787 1418 officio3
850 1357 899 1406 vi
958 1356 1110 1407 huius
1171 1357 1374 1419 debeo,
1436 1359 1486 1408 vi
1536 1358 1671 1408 illius
1722 1376 1944 1425 possum

48 1454 233 1503 agere3
293 1450 339 1487 2.
391 1438 648 1499 moralis,
706 1447 764 1487 ut
815 1438 1133 1489 excludatur
1187 1449 1428 1506 potestas
1488 1458 1631 1491 mere
1686 1441 1939 1507 physica3

48 1520 271 1569 denotat
310 1536 439 1585 ergo
481 1528 722 1585 potestas
770 1520 983 1570 moralis
1025 1520 1242 1587 aliquod
1285 1540 1443 1588 posse
1483 1523 1534 1572 in
1576 1524 1762 1573 ordine
1801 1524 1943 1590 spiri-

48 1600 189 1662 tuali,
234 1601 382 1666 quod
423 1618 453 1650 a
493 1600 613 1668 lege
670 1601 846 1668 aliqua
899 1604 1212 1653 conceditur
1264 1614 1317 1654 et
1369 1605 1436 1654 ab
1493 1606 1743 1655 omnibus
1782 1623 1943 1671 agno-

47 1679 306 1732 scendum⁴
361 1692 467 1746 est3
522 1683 664 1733 unde
715 1685 952 1750 sequitur
1002 1686 1081 1735 ius
1136 1703 1251 1735 esse
1303 1696 1627 1752 potestatem
1679 1688 1947 1739 moraliter

49 1763 422 1827 inviolabilem,
467 1766 495 1816 i.
528 1783 571 1817 e.
605 1774 944 1832 potestatem,
990 1769 1074 1818 cui
1114 1768 1438 1834 respondeat
1465 1770 1516 1819 in
1558 1769 1668 1819 aliis
1710 1770 1943 1822 officium

51 1848 230 1897 stricte
270 1847 488 1909 dictum,
532 1865 651 1898 eam
690 1851 1020 1915 agnoscendi
1061 1850 1140 1900 vel
1183 1867 1290 1900 non
1329 1851 1586 1915 violandi3
1645 1867 1691 1917 3.
1736 1854 1791 1903 in
1833 1871 1946 1903 rem

51 1947 234 1992 suam,
299 1931 493 1996 quibus
554 1932 727 1981 verbis
787 1932 1095 1998 designatur
1158 1934 1376 1984 materia
1436 1935 1749 2000 (obiectum)
1810 1936 1946 1987 iuris.

53 2012 253 2062 Iustitia
293 2012 433 2062 enim
474 2030 628 2063 suum
670 2014 861 2079 cuique
902 2014 1091 2066 reddit.
1161 2015 1392 2065 Nomine
1435 2018 1518 2066 rei
1557 2018 1640 2067 hic
1682 2017 1946 2084 intellege,

53 2094 313 2161 quidquid
370 2094 571 2145 homini
626 2095 753 2146 utile
808 2114 924 2147 esse
979 2106 1160 2163 potest
1207 2098 1386 2162 (etiam
1443 2101 1738 2162 actionem,
1798 2102 1950 2151 omis-

53 2177 257 2227 sionem
298 2178 437 2242 etc.).
500 2177 663 2228 Porro
706 2179 895 2229 dicitur
934 2180 985 2229 in
1027 2197 1136 2230 rem
1165 2198 1335 2243 suam,
1379 2181 1407 2231 i.
1440 2199 1482 2231 e.
1527 2183 1743 2248 speciali
1783 2183 1948 2233 modo

54 2276 174 2309 cum
216 2276 311 2320 eo,
341 2260 431 2325 qui
471 2259 550 2309 ius
590 2259 768 2321 habet,
813 2278 1079 2311 conexam
1119 2263 1205 2324 ita,
1256 2272 1313 2313 ut
1353 2264 1402 2313 vi
1444 2263 1598 2313 huius
1639 2266 1951 2316 conexionis

52 2341 300 2407 primario
356 2342 405 2391 in
464 2343 575 2391 eius
635 2342 916 2394 utilitatem
976 2345 1264 2395 ordinetur.
1347 2346 1487 2396 Nam
1555 2348 1777 2398 «dicitur
1835 2366 1950 2399 esse

52 2440 207 2473 suum
248 2423 484 2484 alicuius,
527 2425 675 2490 quod
704 2426 774 2475 ad
814 2427 990 2492 ipsum
1018 2427 1322 2477 ordinatur»
1360 2427 1434 2492 (S.
1477 2429 1662 2479 leom.
1702 2445 1741 2491 Ι,
1786 2448 1834 2497 q.
1863 2444 1947 2493 21,

54 2522 98 2556 a.
150 2520 168 2555 1
216 2506 284 2556 ad
328 2508 395 2571 3).
464 2506 624 2557 Hunc
665 2524 878 2558 sensum
922 2526 1109 2559 omnes
1150 2510 1447 2576 exprimere
1487 2511 1688 2572 volunt,
1733 2514 1950 2579 quando

55 2587 262 2638 dicunt:
318 2589 469 2639 Haec
522 2607 603 2639 res
657 2599 739 2640 est
779 2608 898 2640 mea
936 2590 1019 2641 vel
1061 2601 1151 2641 tua
1192 2602 1291 2644 etc.
1374 2593 1525 2644 Haec
1578 2595 1806 2645 conexio
1857 2613 1950 2646 seu

53 2671 392 2721 necessitudo
434 2671 506 2721 rei
550 2689 671 2721 cum
711 2690 943 2739 persona
982 2675 1124 2724 varia
1165 2691 1281 2725 esse
1321 2684 1529 2741 potest:

127 2759 176 2822 3)
208 2759 466 2825 physica,
511 2770 564 2810 et
603 2761 821 2827 quidem
861 2761 945 2812 vel
987 2764 1038 2827 α)
1079 2763 1452 2814 subsz‘antz'all‘s
1501 2782 1592 2814 seu
1644 2765 1951 2831 integralis)

54 2849 112 2891 ut
150 2842 284 2891 inter
318 2841 590 2893 hominem
619 2852 673 2894 et
700 2844 811 2893 eius
838 2845 1015 2905 vitam,
1060 2847 1298 2912 corporis
1326 2847 1592 2909 membra;
1633 2849 1690 2915 β)
1720 2848 1951 2898 acciden-

53 2923 199 2985 talis,
241 2932 300 2974 ut
340 2924 475 2974 inter
513 2925 787 2976 hominem
828 2935 882 2976 et
921 2928 1032 2978 eius
1073 2929 1369 2990 sanitatem,
1414 2929 1714 2992 scientiam;

128 3012 184 3076 b)
225 3013 483 3083 moralis,
538 3031 675 3080 quae
726 3015 1007 3066 intercedit
1061 3017 1196 3066 inter
1250 3017 1522 3067 hominem
1577 3026 1629 3067 et
1682 3018 1824 3067 bona
1865 3035 1950 3068 ex-

54 3101 214 3144 terna.
279 3094 430 3145 Haec
471 3096 614 3146 bona
655 3106 875 3148 externa
915 3107 1038 3166 sunt
1076 3088 1164 3149 vel
1202 3092 1253 3164 α)
1297 3100 1439 3149 bona
1468 3099 1770 3161 materialia,
1814 3116 1951 3165 quae

54 3174 151 3241 ipsi
191 3177 543 3242 produximus
570 3178 652 3228 vel
682 3180 749 3230 ab
780 3179 891 3229 aliis
919 3189 977 3230 ut
1004 3190 1185 3231 nostra
1214 3182 1545 3247 accepimus;
1588 3181 1671 3230 vel
1708 3183 1766 3249 β)
1809 3182 1951 3232 bona

54 3256 206 3319 fama,
239 3276 398 3325 quam
428 3261 726 3311 actionibus
754 3263 945 3312 nostris
973 3264 1373 3329 acquisivimus;
1418 3263 1605 3324 honor,
1649 3264 1739 3329 qui
1766 3272 1950 3314 nostro

54 3341 212 3389 statui
267 3350 320 3391 et
375 3343 675 3393 condicioni
732 3344 984 3408 debetur;
1040 3345 1126 3395 vel
1183 3347 1341 3397 etiam
1386 3350 1431 3412 Y)
1474 3344 1847 3396 benevolentia
1898 3353 1951 3396 et
