2182 3682
571 164 722 193 CAPUT
756 163 854 193 VIII.
904 163 964 191 DE
999 163 1111 192 IURE
1145 162 1192 190 IN
1230 163 1433 192 GENERE.
1842 167 1939 204 201

60 299 176 350 Lex
217 297 465 348 naturalis
504 296 752 363 prohibet
793 297 996 357 omnia,
1051 313 1188 362 quae
1228 302 1351 345 sunt
1390 305 1575 346 natura
1615 315 1708 347 sua
1748 298 1948 348 homini

60 379 210 441 mala,
254 386 308 429 et
347 380 616 445 praecipit,
661 395 796 445 quae
836 378 1187 428 necessariam
1227 376 1425 427 habent
1466 378 1816 429 honestatem.

130 467 287 518 Prob.
346 467 471 518 min.
564 467 748 517 Homo
804 467 943 517 enim
1003 475 1186 516 natura
1240 484 1335 516 sua
1389 467 1597 517 socialis
1652 477 1744 518 est.
1843 470 1951 520 «Ea

59 549 238 616 igitur,
291 548 403 599 sine
454 549 648 615 quibus
698 549 925 599 societas
978 548 1208 598 humana
1247 549 1545 598 conservari
1596 566 1700 598 non
1756 559 1948 616 potest,

59 638 181 681 sunt
220 630 418 680 homini
457 629 763 680 naturaliter
802 630 1199 680 convenientia»
1245 629 1327 680 vel
1370 630 1526 680 bona.
1602 630 1953 681 «Huiusmodi

59 720 235 762 autern
274 720 422 762 sunt:
467 713 763 778 unicuique,
807 712 955 777 quod
996 729 1147 761 suum
1189 721 1283 773 est,
1328 729 1641 762 conservare
1683 719 1734 762 et
1775 714 1841 762 ab
1882 714 1951 762 in-

57 795 197 844 iuriis
246 794 541 844 abstinere»
598 792 673 858 (S.
727 793 942 854 Tltom„
996 793 1052 844 C.
1100 801 1242 858 gent.
1288 793 1317 843 l.
1365 808 1421 857 3,
1477 811 1519 844 c.
1573 795 1708 858 129).
1790 795 1951 845 Porro

58 876 341 942 unicuique
381 875 522 936 dare,
567 875 715 941 quod
757 892 908 924 suum
950 883 1045 935 est,
1089 884 1141 925 et
1180 875 1446 925 abstinere
1475 876 1542 926 ab
1571 876 1782 935 iniuriis,
1825 893 1870 926 v.
1901 893 1950 942 g.

57 975 164 1008 non
205 957 539 1008 committere
590 957 938 1007 homicidium
978 956 1061 1007 vel
1115 958 1338 1018 furtum,
1393 956 1476 1007 vel
1518 964 1819 1008 contractus
1861 960 1955 1009 rite

57 1039 212 1090 initos
269 1056 504 1100 servare,
565 1045 689 1089 sunt
748 1039 1076 1088 strictissima
1136 1038 1311 1088 officia
1369 1040 1609 1100 iuridica,
1673 1056 1808 1106 quae
1867 1042 1956 1106 qui

57 1120 244 1183 violat,
299 1120 463 1171 violat
514 1120 757 1170 ordinem
808 1121 1100 1171 iuridicum.
1182 1121 1336 1185 Ergo
1390 1122 1524 1171 ordo
1578 1122 1824 1172 iuridicus
1876 1130 1956 1173 est

56 1221 176 1270 pars
216 1203 413 1253 ordinis
453 1202 625 1253 ethici.

132 1302 295 1349 Prob.
334 1315 377 1348 2.
438 1300 524 1350 Ex
564 1309 830 1366 conceptu
871 1300 1006 1349 iuris,
1087 1300 1173 1349 Ius
1213 1299 1475 1365 significat
1514 1299 1597 1349 vel
1638 1300 1832 1350 iustum
1871 1300 1954 1350 vel

57 1382 232 1448 legem
282 1381 365 1432 vel
419 1382 724 1453 facult-atem
783 1382 1039 1432 moralem
1092 1382 1159 1445 (n.
1219 1382 1360 1445 226).
1441 1382 1612 1447 Atqui
1659 1383 1954 1432 secundum

40 1460 242 1515 'omnes
292 1454 705 1531 significationes
756 1465 984 1531 pertinet
1034 1465 1101 1513 ad
1143 1464 1383 1514 ordinem
1432 1463 1701 1515 moralem.
1782 1464 1951 1530 Erga

129 1553 287 1604 Prob.
332 1553 456 1603 min.
537 1554 587 1618 a)
630 1553 683 1604 Si
724 1553 987 1618 significat
1028 1553 1243 1613 iustum,
1296 1561 1375 1602 est
1417 1553 1687 1603 obiectum
1735 1552 1954 1603 formale

56 1636 272 1696 virtutis,
316 1652 454 1701 quae
482 1636 616 1685 inter
643 1635 871 1684 morales
899 1641 979 1684 est
1008 1652 1110 1685 una
1138 1653 1207 1685 ex
1236 1636 1546 1701 praecipuis,
1577 1634 1667 1685 scl.
1700 1635 1951 1685 iustiliae.

56 1718 313 1777 Iustitiam
365 1735 616 1768 exercere
668 1725 748 1768 est
789 1725 930 1767 certe
982 1726 1130 1767 actus
1183 1716 1407 1767 moralis.
1491 1717 1651 1766 Porro
1703 1716 1808 1767 hoc
1849 1735 1956 1767 non

55 1790 227 1850 solum
266 1798 407 1849 valet
460 1807 703 1866 respectu
745 1817 956 1860 eorum,
1013 1816 1147 1864 quae
1198 1816 1293 1865 per
1344 1800 1514 1865 ipsam
1555 1808 1793 1849 naturam
1834 1808 1957 1849 sunt

54 1883 202 1943 iusta,
244 1882 340 1932 sed
383 1882 676 1948 generatim
719 1882 786 1931 de
828 1881 1090 1942 omnibus,
1135 1898 1271 1947 quae
1312 1881 1424 1931 aliis
1461 1890 1518 1930 ut
1558 1898 1652 1931 sua
1694 1882 1957 1931 debentur

55 1973 275 2032 propter
316 1965 455 2014 facta
494 1965 604 2014 sive
644 1963 899 2013 naturalia
927 1965 1036 2013 sive
1078 1965 1303 2029 positiva
1332 1973 1384 2013 et
1425 1963 1601 2014 libera.
1670 1962 1756 2014 Sic
1798 1981 1955 2013 nenio

56 2053 234 2114 potest
273 2055 490 2113 pactum
533 2046 696 2096 libere
736 2046 921 2096 initum
963 2045 1189 2107 violare,
1245 2047 1371 2111 quin
1413 2045 1574 2095 violet
1614 2047 1864 2096 iustitiam
1905 2055 1958 2096 et

55 2128 232 2195 legem
272 2127 582 2178 naturalem.

129 2211 184 2275 b)
227 2209 283 2260 Si
333 2210 598 2276 significat
653 2210 854 2275 legem,
909 2210 987 2259 ius
1041 2211 1271 2276 pertinet
1324 2210 1610 2260 formaliter
1662 2211 1728 2260 ad
1782 2210 1956 2275 legem

57 2291 348 2361 naturalem
388 2291 473 2342 vel
515 2308 584 2341 ex
624 2309 685 2341 ea
727 2291 1008 2352 derivatur,
1058 2292 1167 2341 sive
1209 2310 1303 2357 per
1342 2293 1565 2342 modum
1607 2292 1960 2342 conclusionis

55 2369 163 2425 Sive
219 2391 313 2441 per
368 2373 591 2423 modum
648 2373 1115 2424 determinationis.
1208 2374 1267 2423 In
1322 2383 1549 2439 utroque
1606 2383 1782 2424 autem
1836 2391 1959 2425 casu

18 2454 362 2527 ‘obligatffl—in
406 2455 730 2506 conscientia
783 2472 880 2505 nec
931 2454 1112 2505 violari
1166 2464 1373 2521 potest,
1429 2458 1553 2522 quin
1607 2464 1859 2523 peccetur
1910 2464 1963 2506 et

57 2525 237 2589 horno
262 2555 294 2589 a
333 2538 438 2588 fine
479 2537 665 2587 ultimo
706 2546 986 2591 avertatur,

132 2621 180 2686 c)
222 2619 276 2671 Si
317 2619 582 2685 significat
608 2619 937 2685 facultatem
981 2619 1264 2681 moralem,
1321 2628 1402 2671 est
1442 2621 1659 2687 aliquod
1712 2638 1871 2687 posse
1911 2622 1962 2670 in

59 2702 243 2752 ordine
282 2694 561 2768 spirituali,
618 2702 699 2751 cui
739 2703 789 2751 in
831 2701 944 2751 aliis
991 2703 1377 2768 correspondet
1427 2704 1668 2753 strictum
1710 2703 1959 2764 officium,

60 2784 206 2853 quod
246 2783 443 2834 violare
483 2790 771 2850 nequeunt,
816 2783 943 2850 quin
984 2783 1182 2834 violent
1222 2785 1474 2834 iustitiam
1515 2794 1567 2835 et
1609 2794 1848 2851 peccent.

63 2921 207 2973 242.
289 2920 455 2959 PARS
488 2921 541 2958 II.
608 2920 789 2958 Contra
822 2919 1064 2957 Kantium.

134 3000 299 3047 Prob.
377 2999 528 3050 Haec
580 3017 701 3065 pars
753 3016 823 3048 ex
874 3000 1048 3065 priore
1096 2998 1378 3065 colligitur.
1462 2999 1738 3048 Praeterea
1778 3006 1963 3049 contra

60 3080 318 3131 Kantium
358 3081 492 3132 haec
533 3081 1007 3131 animadvertenda
1046 3090 1196 3131 sunt:

142 3177 182 3212 Ι.
225 3162 453 3213 Kantius
503 3181 796 3230 numquam
847 3163 974 3212 satis
1026 3163 1305 3228 distinguit
1355 3163 1432 3212 ius
1486 3162 1869 3211 dominativum
1911 3170 1963 3211 et

61 3245 455 3310 praeceptivum
486 3245 586 3309 (ius
614 3262 770 3295 sensu
798 3245 1094 3295 subiectivo
1124 3253 1176 3294 et
1204 3244 1470 3294 obiectivo
1493 3262 1541 3293 n.
1569 3243 1710 3306 226).
1769 3242 1963 3294 Omnia

65 3324 197 3386 fere,
255 3343 391 3392 quae
444 3328 597 3388 dicit,
656 3327 834 3393 aliquo
892 3327 1057 3376 modo
1115 3325 1411 3375 referuntur
1462 3326 1529 3374 ad
1584 3325 1664 3374 ius
1706 3334 1960 3390 praecep-
