2182 3682
220 210 324 260 094
620 204 732 233 PARS
768 204 815 233 11.
867 202 1179 232 PHILOSOPHIA
1214 200 1418 229 MORALIS
1454 200 1701 229 SPECIALIS.

219 236 245 245 a

292 342 411 388 [nst.
485 341 668 388 Saltem
727 339 878 387 hodie
936 348 1144 401 propter
1201 337 1470 385 socialistas
1525 336 1856 399 periculosum
1916 344 1989 383 est
2046 335 2119 383 ius

215 415 532 480 proprietatis
570 430 750 463 vocare
788 414 1076 476 simpliciter
1110 414 1396 460 humanum.

294 515 432 576 Resp.
504 513 841 561 Periculosum
894 520 966 559 est
1016 510 1083 557 ita
1133 525 1316 557 vocare
1367 510 1438 557 ius
1487 507 1802 571 proprietatis
1845 508 2119 570 generatim

216 597 265 637 et
300 589 404 637 sine
441 588 627 647 addito,
666 603 810 644 cona,
850 585 1087 634 addendo
1125 600 1408 633 sermonem
1434 599 1540 632 esse
1578 585 1735 631 solum
1771 583 1835 631 de
1871 583 1974 631 iure
2012 599 2122 645 pro-

216 663 435 726 prietatis
472 663 521 710 in
561 670 799 711 concreto
837 662 900 708 ad
937 662 1067 708 hanc
1103 661 1182 707 vel
1219 660 1353 707 illam
1391 676 1497 707 rem
1534 659 1941 717 determinatam,
1991 674 2119 719 nego.

217 738 350 786 Dein
384 748 530 786 noto:
586 737 933 799 «simpliciter»
988 750 1090 782 non
1139 735 1418 797 significare
1471 735 1752 782 «absolute»
1792 734 1871 781 vel
1920 749 2119 796 «pure»,

216 813 304 861 sed
341 813 465 861 sumi
512 828 572 860 eo
621 828 793 871 sensu,
848 826 947 872 quo
999 810 1153 858 locuti
1202 825 1364 858 sumus
1412 809 1475 857 de
1522 808 1799 857 voluntario
1836 809 2123 871 simpliciter

218 884 282 948 (n.
324 904 400 949 33,
441 885 503 949 6).
577 887 809 948 Denique
863 886 901 934 si
953 885 1286 947 periculosum
1334 894 1406 933 est
1452 885 1524 932 ius
1571 883 1885 947 proprietatis
1922 885 1972 931 in
2009 900 2124 931 con-

217 971 352 1010 creto
388 978 568 1011 vocare
621 962 692 1010 ius
739 963 1034 1020 humanum,
1084 960 1443 1008 admittendum
1491 969 1564 1008 est
1615 959 1762 1007 etiam
1797 959 1869 1007 ius
1905 959 2124 1021 proprie-

216 1038 342 1094 tatis,
382 1038 518 1100 quod
556 1038 787 1085 fundatur
812 1036 861 1082 in
888 1036 1236 1093 contractibus,
1275 1051 1378 1082 non
1417 1050 1521 1083 esse
1559 1035 1630 1082 ius
1655 1036 1939 1083 humanum.
1992 1035 2122 1081 Nam

216 1113 366 1160 hodie
404 1113 481 1160 vix
528 1129 650 1160 unus
695 1111 965 1169 invenitur,
1022 1111 1105 1172 qui
1147 1112 1282 1158 bona
1329 1126 1415 1158 sua
1451 1110 1589 1157 titulo
1638 1109 1979 1172 occupationis
2015 1125 2125 1171 pos-

216 1187 386 1236 sideat.
449 1187 697 1236 Hodierni
733 1202 1042 1250 possessores
1079 1187 1213 1233 bona
1251 1202 1335 1233 sua
1361 1185 1729 1246 acquisiverunt
1752 1186 1831 1233 vel
1867 1183 2122 1246 emptione

215 1263 293 1310 vel
329 1262 600 1310 donatione
637 1263 715 1310 vel
761 1261 1033 1310 hereditate
1071 1269 1163 1309 etc.
1237 1261 1404 1308 Debet
1440 1275 1560 1321 ergo
1597 1259 1745 1307 etiam
1795 1260 1867 1307 ius
1904 1258 2124 1321 proprie-

217 1337 341 1396 tatis,
381 1338 516 1399 quod
552 1337 626 1384 his
664 1337 810 1384 titulis
848 1336 1105 1393 fundatur,
1159 1335 1329 1382 vocari
1365 1336 1437 1382 ius
1473 1335 1722 1392 naturale,
1772 1335 1908 1396 quod
1954 1342 2124 1381 tamen

218 1413 280 1459 ab
306 1413 413 1474 ipso
435 1413 493 1460 cl.
523 1411 745 1460 Schiffini
770 1427 875 1459 non
901 1411 1092 1458 admitti
1118 1419 1165 1458 et
1191 1411 1365 1458 falsum
1391 1426 1496 1458 esse
1524 1410 1716 1458 videtur
1742 1406 1822 1471 (cf,
1849 1426 1896 1457 n.
1921 1422 2029 1472 252,
2060 1405 2122 1472 5).

220 1566 365 1630 380.
449 1566 624 1618 Sclcol.
658 1583 704 1617 I.
770 1582 810 1617 Ι.
849 1566 1106 1633 Quamvis
1135 1583 1204 1616 ex
1231 1566 1341 1615 iure
1370 1564 1593 1615 naturali
1620 1564 1822 1615 homini
1849 1573 2125 1631 competat

216 1651 295 1700 ius
336 1650 643 1716 acquirendi
682 1650 1067 1716 proprietatem
1108 1649 1368 1714 privatam
1409 1656 1461 1698 et
1490 1648 1558 1698 de
1586 1648 1777 1698 eadem
1805 1647 2125 1714 disponendi

217 1749 313 1799 pro
354 1750 451 1783 sua
489 1732 780 1793 voluntate,
825 1741 1004 1782 tamen
1033 1731 1138 1781 hoc
1166 1731 1245 1780 ius
1273 1731 1409 1780 intra
1436 1731 1747 1781 societatem
1778 1729 1984 1781 civilem
2014 1747 2122 1780 non

217 1816 465 1865 eximitur
504 1832 534 1865 a
574 1823 820 1882 respectu
863 1814 931 1864 ad
973 1814 1178 1864 bonum
1207 1831 1508 1863 commune.
1565 1813 1792 1864 Possunt
1819 1830 1949 1879 ergo
1978 1812 2126 1879 leges

217 1896 395 1948 civiles
436 1915 591 1948 usum
631 1897 786 1947 huius
814 1897 936 1946 iuris
964 1914 1061 1963 pro
1091 1896 1408 1946 necessitate
1437 1895 1565 1945 boni
1594 1895 1893 1946 communis
1921 1895 2124 1946 restrin-

217 1997 343 2046 gere
384 1988 436 2030 et
476 1980 635 2030 etiam
678 1980 872 2030 modos
912 1979 1222 2046 acquirendi
1263 1979 1559 2028 accuratius
1600 1979 1968 2029 determinare.

293 2084 340 2121 2.
385 2068 520 2120 Cum
549 2070 627 2120 ius
667 2070 1006 2137 proprietatis
1035 2086 1103 2118 ex
1132 2069 1242 2118 iure
1272 2077 1505 2118 connato
1534 2069 1784 2119 omnibus
1821 2067 2127 2118 hominibus

217 2154 490 2204 communi
530 2152 688 2203 rebus
729 2152 911 2202 utendi
953 2158 1226 2212 nascatur,
1283 2160 1335 2201 et
1376 2151 1674 2202 secundum
1714 2149 2008 2202 naturalem
2049 2167 2126 2201 or-

217 2235 396 2285 dinem
437 2252 506 2285 ex
548 2235 722 2285 divina
764 2234 1099 2301 providentia
1139 2235 1439 2284 institutum
1474 2251 1554 2284 res
1594 2233 1867 2284 inferiores
1906 2234 2010 2284 sint
2050 2250 2126 2283 or-

217 2318 428 2368 dinatae
470 2318 538 2367 ad
567 2318 688 2378 hoc,
731 2325 789 2367 ut
829 2334 898 2366 ex
938 2317 998 2366 iis
1038 2317 1381 2367 subveniatur
1414 2316 1692 2367 hominum
1721 2347 1788 2352 —
1825 2325 1878 2367 et
1905 2316 2126 2383 quidem

217 2401 454 2450 omnium
495 2431 567 2435 -
608 2400 936 2459 necessitati,
994 2408 1135 2450 recte
1187 2408 1394 2450 veteres
1447 2416 1570 2449 cum
1609 2399 1905 2450 Aristotele
1953 2397 2124 2464 (Polit.

217 2482 248 2533 1.
282 2497 328 2544 2,
374 2500 416 2533 c.
452 2483 520 2547 2),
567 2482 619 2532 S.
660 2482 871 2532 Tlcoma
914 2483 983 2546 (2,
1029 2495 1077 2543 2,
1121 2500 1171 2548 q.
1204 2482 1291 2542 66,
1335 2498 1379 2532 a.
1414 2495 1442 2531 2
1475 2491 1528 2532 et
1556 2498 1599 2532 a.
1634 2483 1686 2547 7)
1728 2482 1927 2532 docent
1956 2498 2127 2531 rerum

216 2582 366 2615 usum
407 2565 566 2615 etiam
606 2565 886 2631 supposita
926 2565 1326 2631 possessionum
1367 2565 1693 2631 proprietate
1740 2564 1918 2631 aliquo
1960 2563 2125 2614 modo

217 2665 539 2698 cmmmmem
581 2664 693 2697 esse
733 2647 938 2696 debere.
1002 2646 1142 2696 Nam
1182 2646 1261 2696 ius
1303 2647 1642 2713 proprietatis
1682 2647 1733 2696 in
1763 2654 2018 2697 concreto
2046 2652 2128 2695 est

216 2730 338 2780 iuris
388 2729 632 2791 humani,
688 2738 745 2778 ut
799 2729 963 2779 modo
1019 2729 1221 2779 dictum
1269 2737 1348 2778 est
1402 2727 1504 2793 (vel
1545 2728 1734 2778 saltem
1786 2727 1961 2779 solum
2004 2728 2128 2778 iuris

218 2811 469 2862 naturalis
508 2811 894 2878 hypothetici),
946 2811 1211 2861 ordinatio
1251 2828 1378 2860 vero
1420 2828 1594 2860 rerum
1644 2811 1712 2860 ad
1754 2810 2128 2861 necessitatem

218 2895 456 2944 omnium
509 2901 589 2943 est
640 2892 887 2943 absolute
938 2894 1061 2943 iuris
1110 2892 1376 2943 naturalis
1457 2893 1544 2943 Ius
1595 2901 1775 2943 autern
1830 2892 2126 2942 humanum

217 2977 312 3026 iuri
353 2976 534 3026 divino
577 2975 838 3041 derogare
867 2992 974 3025 non
1017 2982 1211 3041 potest.
1274 2974 1553 3024 Praeterea
1584 2991 1688 3025 una
1716 2992 1785 3024 ex
1819 2973 2123 3034 rationibus,

219 3076 310 3109 cur
349 3059 429 3108 ius
469 3057 808 3124 proprietatis
848 3058 1203 3107 necessarium
1245 3066 1298 3106 et
1338 3073 1369 3106 a
1408 3057 1529 3107 Deo
1571 3055 1793 3107 volitum
1835 3071 2125 3121 cognosca-

217 3149 315 3202 tur,
360 3149 455 3201 est,
499 3140 622 3206 quia
663 3139 897 3205 alioquin
926 3157 1032 3189 non
1062 3139 1347 3189 haberetur
1387 3140 1543 3205 copia
1583 3139 1848 3189 bonorum
1877 3138 2126 3188 omnibus

217 3222 510 3284 sufficiens,
565 3239 738 3288 neque
794 3220 1060 3288 possibilis
1101 3230 1241 3271 esset
1281 3238 1403 3271 usus
1444 3221 1733 3271 ordinatus.
1815 3220 1954 3270 Huic
1995 3236 2125 3285 ergo

219 3304 310 3354 fini
347 3305 427 3354 ius
466 3304 805 3371 proprietatis
845 3303 1212 3354 contradicere
1253 3320 1361 3352 non
1404 3311 1610 3369 potest,
1665 3303 1814 3369 quod
1855 3302 2030 3362 fieret,
2082 3301 2126 3350 si

220 3403 346 3436 usus
386 3403 561 3436 rerum
600 3403 709 3435 non
749 3394 988 3436 maneret
1028 3384 1206 3451 aliquo
1247 3385 1414 3434 modo
1456 3385 1769 3435 communis,
