2182 3682
119 184 219 214 CAP.
254 185 319 216 ΙΙΙ.
365 184 426 212 DE
458 183 693 213 BONITATE
726 183 784 212 ET
818 182 1016 211 MALITIA
1050 181 1228 210 MORALI
1262 181 1458 210 ACTUUM
1492 181 1816 211 HUMANORUM.
1876 170 1939 219 61

57 319 226 368 tuerit.
310 318 546 389 Efiectus
569 317 726 387 6111111
768 324 1020 366 constans
1060 324 1114 364 et
1141 315 1445 364 universalis
1485 317 1698 381 requirit
1738 333 1951 366 causam

58 378 432 459 universalem,
491 406 841 449 constantem
929 396 1309 468 Nihilgfflaut‘em
1369 397 1538 461 magis
1593 397 1840 447 waiiabile
1896 406 1949 447 et

57 481 342 530 innumeris
393 478 811 529 accidentalibus
866 479 1145 544 regionum
1190 468 1612 544 Κΐ“61111)0111111(1116
1666 479 1951 528 influxibus

58 562 356 612 obnoxium
397 579 560 628 quam
601 561 763 626 leges,
807 560 1089 610 iuventutis
1123 559 1478 608 instituendae
1507 560 1654 620 ratio,
1699 561 1950 625 opinandi

58 644 391 694 consuetudo
448 653 501 693 et
551 642 763 700 similia,
822 659 958 708 quae
1013 659 1121 691 non
1177 642 1244 691 ab
1301 642 1416 707 ipsa
1470 649 1655 691 natura
1712 642 1952 691 rationali

58 725 344 792 profluunt.
426 723 634 789 Quodsi
676 725 803 790 quid
856 725 905 773 in
960 723 1040 774 his
1092 724 1248 773 rebus
1301 740 1585 773 commune
1626 723 1949 784 observatur,

58 807 112 857 id
153 807 203 856 in
244 814 430 857 natura
470 823 643 856 rerum
685 806 891 855 fundari
933 806 1218 856 dicendum
1260 813 1354 855 est.

135 891 299 937 Prob.
335 904 380 950 4.
467 888 553 937 Ex
592 889 859 938 absurdis:

141 985 180 1022 Ι,
225 971 407 1036 quoad
442 969 818 1019 institutionem
859 970 1168 1019 llunmnczm.
1239 968 1294 1039 §j
1342 969 1474 1019 haec
1527 970 1789 1019 sententia
1828 987 1953 1043 an

58 1060 162 1113 est,
217 1053 266 1117 a)
306 1053 541 1123 sequitur
592 1051 787 1124 nullam
840 1052 1015 1119 legem
1057 1050 1140 1100 vel
1194 1051 1637 1100 consuetudinem
1690 1051 1758 1100 de
1811 1052 1953 1121 facto

59 1151 220 1210 posse
257 1151 373 1184 6556
413 1134 765 1197 inhonestam
836 1134 912 1184 Ut
952 1133 1092 1183 enim
1134 1132 1311 1198 aliqua
1351 1132 1439 1182 lex
1480 1133 1740 1182 exsistens
1776 1135 1952 1183 vocari

59 1217 228 1289 possit
266 1217 562 1285 inhonesta,
607 1216 770 1266 debet
810 1216 1003 1280 adesse
1018 1215 1239 1281 aliqua
1255 1232 1441 1281 norma
1482 1215 1755 1283 11011111111111
1793 1215 1956 1282 libera

58 1297 333 1365 voluntate
387 1315 654 1364 superloi
713 1299 768 1363 b)
820 1299 1057 1364 sequitur
1109 1298 1268 1347 etiam
1319 1298 1648 1363 turpissimas
1699 1297 1952 1359 actiones,

59 1360 426 1446 parricidium,
467 1371 829 1446 proditionem
872 1381 1102 1445 patriae,
1146 1380 1431 1445 periurium
1472 1388 1571 1429 etc.
1593 1397 1805 1445 ,posse
1846 1380 1957 1429 fieri

61 1462 338 1523 honestas,
381 1462 423 1511 si
476 1462 743 1511 communi
793 1462 1048 1526 suffragio
1100 1462 1479 1528 probarentur;
1538 1462 1586 1525 c)
1628 1470 1864 1511 ceterum
1904 1461 1958 1511 hi

61 1554 305 1594 auctores
345 1543 453 1593 fere
495 1560 682 1593 omnes
721 1544 820 1593 sibi
862 1544 1249 1593 contradicunt.
1332 1541 1507 1608 Quam
1549 1543 1775 1609 primum
1817 1545 1956 1593 enim

61 1626 232 1691 agitur
287 1625 355 1674 de
410 1625 733 1690 assignanda
784 1625 993 1690 regula,
1054 1642 1159 1691 qua
1209 1626 1446 1675 actiones
1498 1625 1673 1675 bonae
1725 1642 1755 1675 a
1807 1625 1957 1675 malis

65 1707 290 1757 discerni
329 1708 561 1773 possint,
605 1716 879 1757 recurrunt
919 1708 987 1757 ad
1029 1707 1262 1773 aliquam
1302 1708 1559 1757 rationem
1603 1708 1955 1758 intrinsecam.

67 1789 265 1838 Dicunt
303 1807 351 1839 v.
395 1807 445 1856 g.
489 1789 603 1839 illas
654 1789 891 1839 actiones
944 1807 1060 1839 6556
1112 1790 1308 1850 bonas,
1367 1806 1504 1856 quae
1557 1789 1837 1839 conferunt
1889 1791 1957 1839 ad

63 1871 264 1922 bonum
316 1872 579 1937 privatum
621 1871 703 1921 vel
757 1889 1058 1922 commune.
1143 1871 1310 1937 Atqui
1359 1871 1557 1922 multae
1598 1873 1837 1922 actiones
1876 1890 1961 1922 na—

63 1962 178 2003 tura
217 1969 311 2003 sua
351 1954 498 2003 bono
539 1953 609 2003 illi
650 1963 874 2020 prosunt
913 1953 995 2003 vel
1038 1954 1260 2015 obsunt3

137 2049 183 2085 2.
228 2036 411 2100 quoad
455 2036 833 2086 2'725l2'sul2'072e712
886 2037 1145 2086 divinam.
1228 2037 1276 2100 a)
1319 2035 1374 2103 Si
1413 2053 1538 2105 vera
1554 2100 1562 2101 „
1579 2044 1660 2086 est
1699 2037 1963 2087 sententia

62 2117 500 2180 adversariorum,
544 2119 692 2168 Deus
733 2119 995 2184 potuisset
1036 2119 1343 2184 praecipere
1371 2137 1418 2168 v.
1464 2106 1532 2185 gJ,
1578 2127 1635 2169 ut
1677 2137 1797 2169 eum
1839 2119 1962 2169 ode-

63 2200 239 2259 rimus,
282 2199 736 2266 blasphememus,
791 2202 1104 2266 peieremus,
1149 2201 1295 2266 quod
1336 2200 1493 2250 xalde
1534 2201 1824 2269 absurdum
1866 2190 1960 2251 est

61 2281 118 2344 b)
159 2281 365 2331 Eadem
417 2283 679 2332 sententia
732 2283 955 2357 destruit
1005 2290 1343 2332 sanctztafem
1394 2283 1686 2333 voluntatis
1727 2284 1960 2346 divinae3

60 2363 193 2413 haec
248 2363 388 2413 enim
438 2365 691 2415 sanctitas
743 2365 794 2414 in
847 2382 912 2414 eo
966 2353 1075 2426 est,
1130 2348 1280 2430 quod
1334 2383 1441 2414 non
1483 2366 1652 2431 possit
1691 2365 1827 2415 velle
1868 2366 1965 2415 nisi

61 2446 295 2508 bonum,
350 2454 406 2496 ut
458 2464 565 2496 non
615 2448 784 2513 possit
825 2448 1032 2497 mentiri
1074 2446 1157 2496 vel
1198 2464 1307 2497 non
1347 2456 1487 2497 stare
1527 2448 1631 2498 suis
1672 2449 1960 2514 promissis,

62 2545 170 2577 non
223 2487 401 2578 odisse
456 2538 756 2595 peccatum.
839 2528 948 2580 Sed
1004 2530 1055 2579 in
1106 2530 1370 2579 sententia
1421 2530 1843 2580 adversariorum
1897 2531 1964 2580 de

64 2610 327 2660 eiusmodi
376 2612 658 2661 sanctitate
709 2612 814 2662 iam
864 2629 1042 2662 sermo
1095 2629 1211 2662 esse
1263 2629 1370 2661 non
1423 2619 1629 2678 potest,
1688 2613 1810 2678 quia
1860 2613 1963 2661 iam

65 2708 172 2741 non
224 2700 305 2742 est
355 2692 454 2743 alia
506 2700 560 2743 et
606 2693 950 2744 immutabilis
992 2693 1200 2760 regula,
1257 2695 1339 2744 cui
1380 2693 1626 2744 voluntas
1666 2694 1842 2744 divina
1881 2711 1964 2743 ne-

65 2775 292 2824 cessario
335 2776 657 2826 conformari
698 2777 910 2826 debeat.
978 2775 1072 2826 Ad
1113 2794 1381 2826 summum
1423 2777 1525 2827 dici
1565 2785 1747 2843 potest
1786 2777 1965 2826 Deum

64 2873 180 2906 esse
207 2864 466 2919 sanctum,
499 2858 623 2924 quia
650 2857 775 2920 vult,
808 2859 952 2924 quod
976 2858 1104 2909 vult.
1163 2859 1304 2908 Hinc
1325 2859 1592 2925 sapienter
1615 2857 1666 2909 S.
1702 2858 1965 2908 Thomas:

14 2938 18 2941 ⁴
71 2938 371 2989 «Voluntas
411 2957 519 2989 non
559 2939 724 2989 habet
764 2942 1024 2990 rationem
1065 2941 1267 3006 primae
1308 2940 1524 3007 regulae
1567 2981 1575 2989 .
1611 2983 1618 2991 .
1654 2982 1681 3002 .,
1726 2940 1966 3006 dirigitur

66 3020 206 3069 enim
247 3038 343 3087 per
382 3023 643 3071 rationem
684 3030 736 3072 et
777 3022 1131 3084 intellectum,
1187 3040 1296 3073 non
1337 3023 1512 3072 solum
1551 3023 1603 3072 in
1644 3023 1826 3083 nobis,
1868 3022 1964 3071 sed

65 3101 117 3170 in
157 3101 279 3152 Deo
323 3144 332 3154 .
374 3145 382 3154 .
425 3121 462 3165 .;
520 3104 722 3165 dicere,
779 3105 928 3170 quod
969 3122 1038 3154 ex
1077 3104 1304 3171 simplici
1344 3104 1619 3155 voluntate
1660 3104 1966 3170 dependeat

62 3183 279 3246 iustitia,
336 3193 417 3235 est
468 3187 671 3248 dicere,
726 3187 876 3253 quod
931 3187 1106 3236 divina
1144 3187 1394 3238 voluntas
1442 3205 1549 3237 non
1591 3186 1851 3252 procedat
1889 3203 1966 3236 se-

61 3266 296 3316 cundum
334 3267 577 3317 ordinem
603 3269 909 3335 sapientiae,
955 3270 1103 3335 quod
1133 3278 1213 3319 est
1241 3269 1648 3335 blasphemum»
1683 3267 1788 3332 (De
1815 3268 1961 3319 verit.

65 3363 116 3412 q.
163 3347 335 3410 22,‘'a.
380 3349 450 3414 6).
