2182 3682
164 180 271 230 492

165 313 344 353 Proximi
377 312 550 352 dilectio
586 323 683 361 294.

165 373 391 412 Prudentia
429 383 508 421 129
548 383 629 423 130
667 383 746 423 133
787 381 881 422 137.

165 433 366 472 Pudicitia
383 437 392 444 ‘
404 433 499 481 146.

164 491 455 532 Pufendorfius
474 493 526 530 de
542 491 780 530 discrimine
794 492 901 530 inter
916 491 1076 530 bonum

225 561 266 592 et
303 552 455 591 malum
489 553 567 598 60;
619 573 674 578 —-
720 552 772 590 de
817 564 962 590 norma
1006 550 1076 589 ho-

225 612 396 652 nestatis
432 612 505 661 783
546 633 602 637 —
637 612 688 651 de
721 611 930 663 religione
965 619 1074 660 272;

223 695 280 700 --
313 674 366 711 de
399 678 646 711 testamento
681 672 790 722 396;
826 694 883 698 -
915 671 968 710 de
1001 671 1077 710 ori-

224 733 323 785 gine
358 731 536 771 civitatis
569 741 668 782 492.

165 852 367 904 Quaestio
401 851 566 890 socialis
598 851 697 903 quid
721 851 774 890 sit
796 860 837 890 et
860 864 964 903 quae
988 851 1075 890 eius

223 925 373 950 causae
420 919 527 962 595;
579 925 684 963 quae
732 912 814 950 sint
856 911 1076 963 opiniones

222 972 331 1010 circa
363 971 534 1009 modum
567 984 658 1010 eam
692 971 885 1011 solvendi
921 972 1017 1022 596.

162 1030 338 1082 Quilliet
370 1039 470 1083 495.

164 1151 338 1190 Rassler
372 1161 469 1199 204.

160 1210 486 1250 Rationalismus
521 1221 544 1261 3
582 1212 648 1260 76.

162 1270 428 1310 Reinstadler
463 1279 529 1321 54.

158 1331 329 1370 Relatio
361 1331 532 1370 iuridica
566 1341 663 1379 229.

162 1391 328 1443 Religio
355 1388 529 1442 (virtus)
559 1402 639 1439 144
665 1391 772 1442 2653
811 1413 862 1416 —
891 1387 1073 1442 (cultus)

222 1452 330 1499 2693
379 1458 496 1490 actus
528 1451 741 1503 religionis
775 1451 898 1490 eliciti
931 1459 972 1489 et
1005 1451 1075 1489 im-

221 1512 356 1563 perati
406 1520 515 1560 274;
571 1512 785 1563 quomodo
835 1510 982 1550 civitas
1030 1525 1074 1550 se

222 1571 376 1610 habere
421 1571 574 1610 debeat
617 1579 810 1623 respectu
860 1571 1075 1623 religionis

223 1640 329 1683 5413
368 1655 419 1660 —-
454 1639 648 1683 respectu
682 1632 897 1671 Ecclesiae
935 1640 1030 1683 555.

160 1692 410 1730 Resistentia
453 1692 586 1730 activa
634 1699 673 1731 et
716 1692 883 1744 passiva
928 1700 1074 1731 contra

221 1752 509 1791 auctoritatem
544 1751 709 1791 civilem
744 1753 843 1791 616.

161 1812 386 1851 Restitutio
426 1822 519 1860 142.

161 1872 388 1912 Restrictio
422 1871 613 1910 mentalis
648 1882 745 1922 300.

164 1932 431 1972 Resurrectio
466 1945 688 1983 corporum
727 1942 790 1981 19.

163 1992 324 2031 Reuter
357 1994 455 2044 651.

161 2053 373 2092 Riccardo
409 2053 507 2103 365.

159 2112 422 2165 Rigorismus
457 2123 555 2160 204.

162 2173 382 2211 Rousseau
422 2173 455 2224 J.
486 2173 547 2224 J.,
596 2172 648 2210 de
693 2172 852 2224 origine
899 2172 1073 2211 civitatis

219 2242 304 2282 479
338 2233 447 2282 4863
488 2232 574 2271 eius
608 2233 798 2271 doctrina
832 2241 1073 2284 comparata

220 2306 313 2332 cum
347 2293 538 2333 doctrina
571 2300 755 2331 veterum
793 2293 891 2341 496.

159 2413 428 2452 St-Lambert
464 2412 532 2451 61.

159 2472 329 2511 Sanctio
362 2473 466 2524 legis
500 2472 701 2510 naturalis
740 2472 834 2511 168.

159 2532 355 2571 Sanitatis
390 2546 487 2572 cura
519 2532 719 2570 habenda
754 2532 852 2571 286.

157 2592 391 2631 Satisfactio
426 2589 689 2643 (praetextus
725 2591 874 2643 duelli)
911 2603 1009 2642 314.

158 2652 341 2705 Savigny
375 2652 422 2691 C.
447 2653 493 2691 F.
527 2652 592 2702 de,
627 2660 754 2704 negat
788 2652 850 2691 ius
883 2652 1071 2691 naturale

217 2722 314 2762 237.

157 2772 451 2824 Scepticismus
485 2771 653 2810 moralis
687 2782 725 2822 3.

157 2832 376 2884 Schelling
412 2841 509 2883 512.

157 2892 346 2931 Schiffini
392 2892 432 2930 8.
480 2902 529 2929 21
589 2891 668 2942 158
723 2891 802 2930 168
853 2892 936 2941 363
985 2900 1066 2941 379

216 2961 299 3003 495
339 2960 422 3003 500
458 2960 553 3002 504-

154 3011 517 3051 Schleiermaeher
554 3022 605 3060 14
640 3019 737 3059 272.

156 3071 331 3111 Schola:
353 3071 404 3109 de
422 3071 626 3110 relatione
643 3070 817 3110 civitatis
832 3071 885 3108 ad
903 3070 1068 3110 scholas

219 3140 325 3183 5753
352 3131 404 3170 de
428 3131 587 3170 iuribus
606 3131 819 3170 Ecclesiae
842 3131 882 3168 in
902 3130 1067 3169 scholas

219 3191 301 3242 586
320 3205 411 3243 sqq.

157 3251 492 3302 Schopenhauer
514 3250 566 3288 de
589 3264 734 3289 norma
759 3250 988 3289 honestatis
1012 3250 1067 3289 80

216 3320 294 3361 95;
341 3332 398 3336 ——
442 3311 493 3348 de
538 3309 687 3349 officiis
721 3324 819 3362 erga
857 3323 900 3349 se
932 3310 1067 3361 ipsum

217 3371 324 3417 281;
361 3371 413 3408 de
447 3370 620 3409 suicidio
655 3370 752 3409 282.

838 175 994 204 INDEX
1025 175 1400 205 ALPHABETICUS.

1167 312 1366 364 Schuppe
1400 312 1469 363 85.

1167 371 1317 411 Scotus
1352 383 1400 410 21
1444 371 1525 422 113
1560 383 1658 412 222.

1167 431 1328 471 Seneca
1362 433 1460 471 282.

1167 491 1406 530 Sensismus
1440 491 1494 543 85
1530 502 1600 543 93.

1168 551 1472 590 Sensualismus
1506 552 1574 601 78.

1168 611 1352 650 Servitus
1385 612 1496 660 461;
1532 611 1595 651 ius
1628 611 1839 651 servitutis
1873 621 1971 664 253.

1167 671 1384 723 Sidgwick
1415 672 1472 710 H.
1510 672 1577 721 78.

1167 731 1384 770 Simulatio
1419 740 1502 781 297
1539 742 1637 782 304.

1167 790 1407 830 Sinnichius
1441 802 1539 840 204.

1167 851 1381 890 Sobrietas
1419 852 1513 900 146.

1167 910 1342 950 Socialis
1375 911 1561 966 quaestio
1592 912 1643 951 cf.
1669 910 1871 961 Quaestio
1894 911 2076 952 socialis.

1166 971 1434 1010 Socialismus
1467 972 1576 1022 3283
1613 994 1666 998 -
1702 971 1888 1024 agrarius
1922 980 2021 1024 352.

1167 1031 1356 1070 Societas
1409 1041 1518 1081 427;
1573 1054 1631 1058 —
1684 1032 1912 1070 domestica
1965 1042 2074 1082 434;

1227 1113 1280 1117 —
1315 1092 1546 1143 coniugalis
1578 1102 1665 1142 434
1697 1100 1807 1143 435;
1843 1113 1898 1118 ———
1931 1105 2077 1144 paren-

1226 1151 1321 1190 talis
1354 1160 1464 1203 454;
1501 1174 1556 1178 —
1589 1151 1731 1190 herilis
1764 1151 1864 1203 458.

1166 1211 1354 1251 Societas
1388 1211 1519 1251 civilis
1552 1211 1662 1261 478;
1697 1211 1784 1250 eius
1817 1211 1936 1264 origo
1969 1211 2074 1261 478;

1225 1271 1318 1310 finis
1356 1271 1461 1323 5083
1508 1272 1595 1311 eius
1627 1271 1777 1310 relatio
1821 1272 1874 1311 ad
1913 1271 2078 1324 religio-

1225 1345 1321 1370 nem
1367 1331 1409 1369 in
1455 1332 1600 1370 ordine
1645 1331 1824 1370 naturali
1868 1331 1974 1383 5483
2022 1354 2076 1357 —
2143 1353 2146 1356 ⁴

1225 1392 1278 1430 ad
1312 1392 1541 1431 Ecclesiam
1589 1400 1694 1443 555;
1742 1414 1796 1419 —-
1830 1392 1884 1430 ad
1929 1392 2077 1431 educa-

1225 1451 1379 1490 tionem
1416 1453 1522 1502 569;
1561 1475 1614 1478 —
1647 1452 1701 1490 ad
1734 1451 1900 1491 scholas
1936 1460 2035 1503 575.

1167 1510 1360 1550 Sollertia
1399 1512 1492 1562 138.

1166 1571 1270 1610 8010
1303 1573 1426 1610 Dom.
1470 1583 1550 1623 139
1585 1573 1683 1622 306.

1167 1631 1434 1684 Specificatio
1470 1633 1568 1682 389.

1165 1692 1353 1744 Spencer
1374 1693 1444 1740 H.,
1481 1692 1533 1731 de
1556 1691 1758 1732 methodo
1780 1691 2076 1744 philosophiae

1225 1763 1274 1802 3;
1311 1774 1365 1777 —
1400 1753 1452 1791 de
1485 1766 1630 1791 norma
1655 1751 1884 1790 honestatis
1912 1759 1962 1801 79
1997 1760 2072 1803 95;

1222 1834 1280 1838 —
1325 1812 1376 1851 de
1425 1813 1600 1851 notione
1643 1812 1746 1851 boni
1792 1822 1871 1861 92;
1922 1833 1976 1838 -
2022 1811 2075 1850 de

1224 1871 1483 1924 obligatione
1533 1873 1636 1924 165;
1686 1897 1737 1902 -—
1774 1873 1826 1911 de
1859 1871 1941 1911 fine
1985 1871 2076 1910 civi-

1226 1932 1320 1970 tatis
1369 1941 1451 1983 509
1500 1941 1606 1983 5113
1657 1954 1704 1960 —
1758 1932 1810 1970 de
1859 1938 2075 1971 contractu

1224 1992 1330 2030 inter
1362 1993 1598 2044 operarium
1631 2000 1673 2032 et
1705 1992 1853 2031 herum
1888 1999 1984 2043 597.

1164 2051 1270 2103 Spes
1305 2062 1358 2102 39
1394 2053 1491 2104 265.

1165 2111 1346 2163 Spinoza
1380 2113 1447 2151 66.

1163 2171 1454 2224 Spontaneum
1489 2182 1556 2222 32.

1162 2231 1303 2271 Status
1349 2229 1582 2284 (societatis
1627 2228 1779 2282 civilis)
1825 2240 1935 2280 4713
1985 2231 2073 2270 eius

1219 2292 1365 2331 relatio
1398 2293 1451 2331 ad
1483 2291 1731 2344 religionem
1761 2291 1803 2329 in
1835 2291 1981 2330 ordine
2005 2305 2074 2329 na-

1222 2352 1343 2391 turali
1366 2352 1447 2403 548
1464 2365 1471 2400 ;
1492 2374 1549 2379 —
1568 2374 1622 2378 —
1641 2352 1695 2390 ad
1713 2351 1947 2391 Ecclesiam
1969 2359 2070 2403 555;

1222 2435 1276 2438 --—
1294 2434 1349 2438 -—
1369 2413 1422 2451 ad
1441 2412 1734 2452 educationem
1751 2420 1857 2464 5703
1877 2433 1934 2438 -
1949 2433 2002 2438 -—
2019 2411 2072 2450 ad

1221 2472 1389 2511 scholas
1427 2481 1522 2524 575.

1161 2532 1300 2571 Status
1332 2533 1431 2571 varii
1465 2533 1506 2570 in
1539 2532 1738 2572 societate
1775 2541 1871 2584 533.

1161 2591 1427 2631 Steccanella
1461 2601 1557 2642 327.

1161 2652 1287 2691 Stoici
1321 2661 1373 2703 95
1411 2652 1508 2691 282.

1161 2712 1410 2751 Studiositas
1449 2713 1542 2761 146.

1161 2772 1315 2811 Suarez
1349 2772 1513 2825 passim.

1160 2832 1378 2871 Successio
1412 2833 1464 2871 ab
1499 2832 1694 2871 intestato
1729 2840 1811 2883 395
1847 2841 1946 2880 400.

1160 2891 1389 2931 Suicidium
1425 2892 1522 2932 282.

1159 2951 1373 2990 Summum
1405 2957 1678 3004 praeceptum
1719 2950 1826 3004 legis
1869 2950 2067 2989 naturalis

1223 3012 1316 3063 185.

1161 3071 1370 3123 Superbia
1407 3072 1501 3122 136.

1157 3130 1356 3183 Superior
1388 3131 1601 3183 quomodo
1634 3130 1913 3182 distinguatur
1943 3144 1968 3168 a
1996 3129 2067 3168 do-

1216 3191 1330 3230 mino
1363 3202 1461 3242 431.

1157 3249 1406 3302 Superstitio
1442 3259 1539 3302 275.

1157 3310 1327 3360 Synesis
1366 3310 1459 3361 138.

1157 3370 1391 3421 Synteresis
1429 3370 1522 3418 196.
