2182 3682
235 172 333 221 108
634 181 747 208 PARS
783 181 811 210 Ι.
863 180 1187 209 PHILOSOPHIA
1222 180 1424 208 MORALIS
1461 180 1739 210 GENERALIS.

235 329 375 369 122.
455 317 516 367 Π.
563 316 858 367 Subiectum
886 316 1167 366 habituum
1195 332 1354 365 sensu
1382 315 1601 382 proprio
1629 324 1752 366 sunt
1778 315 1927 366 solae
1948 325 2130 383 poten-

224 401 327 450 tiae
366 400 718 450 immanenter
752 407 1037 465 operantes
1066 407 1119 447 et
1147 397 1326 464 aliquo
1356 397 1522 448 modo
1553 397 1849 449 rationales.
1919 398 2131 452 Etenim

223 480 435 531 habitus
484 481 629 531 iuvat
680 480 980 546 potentiam
1030 479 1081 528 in
1131 478 1392 529 eliciendo
1435 488 1582 541 actu;
1638 497 1768 545 ergo
1811 480 1976 530 debet
2016 497 2131 532 esse

223 563 274 613 in
325 563 567 629 potentia
621 562 849 612 elicitiva
900 570 1066 611 actus,
1165 560 1310 611 Talis
1362 570 1539 611 autern
1592 562 1834 628 potentia
1886 570 1967 613 est
2017 562 2132 614 sola

223 646 465 711 potentia
521 644 693 695 vitalis
759 654 811 694 et
875 644 1228 693 immanenter
1293 660 1474 710 agens.
1574 644 1853 694 Praeterea
1918 644 2131 696 habitus

222 727 403 793 aliquo
432 727 599 777 modo
629 726 825 776 tollunt
852 726 935 775 vel
965 734 1241 776 coarctant
1271 725 1829 776 indeterminationem
1856 728 2130 793 potentiae

221 810 289 858 ad
332 808 513 859 multa.
597 807 705 859 Sed
748 808 1047 869 facultateS‚
1092 825 1230 874 quae
1269 808 1415 858 nullo
1456 810 1623 859 modo
1665 818 1787 859 sunt
1828 809 2126 872 rationaleS‚

220 909 316 958 per
355 909 412 942 se
453 892 521 941 ad
564 909 729 941 unum
769 899 892 941 sunt
935 891 1336 941 determinatae.

230 1043 371 1094 123.
452 1032 540 1081 ΠΙ.
584 1032 925 1082 Dividlmlnr
951 1031 1190 1082 habitus:
1235 1047 1275 1082 1.
1309 1033 1521 1082 ratione
1548 1049 1742 1082 causae
1770 1033 2051 1100 efficientis
2076 1034 2128 1083 in

220 1113 509 1179 acquz'siles
558 1133 650 1165 scu
688 1114 972 1165 nasul‘ales
1012 1124 1065 1164 et
1105 1115 1315 1179 infusos
1352 1132 1444 1164 seu
1483 1116 1940 1180 supernaturales.
2023 1115 2128 1165 Ha-

220 1196 362 1247 bitus
421 1197 851 1263 supernaturales
904 1214 937 1247 a
991 1197 1113 1247 Deo
1170 1197 1519 1247 infunduntur
1573 1198 1874 1263 potentiae,
1938 1199 2022 1248 cui
2075 1198 2127 1248 in

219 1279 405 1329 ordine
446 1281 515 1329 ad
558 1281 928 1346 operationem
969 1279 1427 1346 supernaturalem
1470 1297 1580 1330 non
1623 1282 1678 1331 τὸ
1717 1297 1878 1346 posse
1906 1280 2124 1342 facilius,

218 1362 312 1410 sed
368 1363 423 1412 τὸ
477 1380 638 1428 posse
689 1362 999 1429 simpliciter
1051 1363 1304 1413 tribuunt.
1387 1362 1620 1412 Habitus
1665 1380 1792 1413 vero
1844 1362 2124 1425 naturale5‚

218 1443 286 1493 de
343 1445 538 1510 quibus
593 1444 720 1495 solis
776 1445 862 1495 hic
918 1445 1156 1511 agimus,
1219 1446 1587 1511 producuntur
1641 1463 1736 1511 per
1790 1446 2126 1496 iterationem

219 1535 431 1577 actuum
473 1527 723 1577 similium
765 1528 1070 1594 incipiendo
1112 1528 1179 1577 ab
1223 1537 1345 1578 actu
1387 1529 1586 1594 primo,
1642 1529 1731 1593 qui
1770 1529 1875 1578 iarn
1915 1527 2126 1578 incoha-

219 1610 338 1671 tive‚
384 1611 595 1660 tametsi
635 1628 742 1660 non
771 1610 1103 1668 sensibiliter,
1147 1610 1388 1660 habitum
1431 1610 1601 1676 gignit
1634 1618 1687 1660 et
1716 1610 2124 1677 quodammodo

215 1693 500 1758 vestigium
551 1693 632 1742 sui
684 1692 943 1759 relinquit.
1028 1693 1099 1742 Hi
1150 1693 1362 1743 habitus
1419 1694 1712 1759 potentiam
1769 1693 2022 1744 inclinant
2071 1695 2123 1744 in

214 1792 372 1824 suum
431 1783 610 1825 actum
670 1776 824 1842 eique
877 1775 1182 1826 facilitatem
1224 1785 1276 1825 et
1316 1776 1796 1842 promptitudinem
1840 1776 2122 1826 conferunt

217 1857 283 1906 ad
345 1867 496 1907 actus
554 1857 750 1907 similes
810 1859 1262 1924 reproducendos.
1344 1858 1568 1924 Propter
1627 1858 1896 1920 habitum,
1960 1875 2124 1924 quem

215 1940 480 2006 producit,
526 1941 861 1990 consuetudo
904 1941 1068 1991 altera
1109 1951 1294 1990 natura
1333 1948 1579 2003 vocatum

292 2043 338 2078 2.
385 2029 596 2079 rasione
635 2030 855 2079 subiecti
891 2032 940 2095 a)
983 2031 1032 2080 in
1075 2031 1459 2096 cognoscilivos
1499 2039 1552 2081 et
1593 2031 1944 2096 appetitives;
1985 2031 2042 2095 b)
2070 2031 2122 2081 in

215 2111 599 2161 intellectuales
640 2120 693 2162 et
732 2113 970 2162 morales
1011 2113 1354 2178 (voluntatis).
1437 2113 1588 2163 Haec
1629 2114 1895 2179 posterior
1934 2113 2121 2163 divisio

214 2211 322 2243 non
375 2194 628 2244 coincidit
680 2212 798 2245 cum
854 2196 1055 2261 priore,
1110 2197 1232 2262 quia
1283 2213 1391 2245 non
1441 2195 1851 2261 comprehendit
1891 2195 2117 2257 habitus,

215 2277 304 2341 qui
344 2286 467 2326 sunt
506 2278 557 2327 in
599 2288 750 2343 parte
790 2279 1054 2339 sensitiva,
1098 2279 1288 2328 saltem
1330 2278 1724 2344 cognoscitiva;

293 2380 340 2429 3.
386 2366 598 2416 ratione
639 2367 855 2431 effectus
893 2368 944 2432 a>
986 2369 1036 2417 in
1077 2369 1303 2418 virtutes
1343 2376 1397 2418 et
1436 2386 1537 2417 72072
1564 2368 1802 2417 virtutes.
1873 2366 2120 2428 Habitus,

214 2448 303 2514 qui
363 2465 470 2498 non
526 2458 649 2499 sunt
703 2450 950 2512 virtutes,
1015 2451 1320 2500 dividuntur
1375 2451 1426 2500 in
1482 2450 1695 2500 habitus
1750 2449 2121 2514 zbzdz'sfferenles

213 2531 393 2596 quoad
436 2531 639 2581 bonum
666 2534 964 2598 potentiae,
1007 2551 1053 2583 v.
1101 2551 1149 2599 g.
1195 2533 1409 2582 habitus
1450 2533 1715 2598 opinionis
1754 2532 1807 2581 in
1847 2531 2117 2582 intellectu

212 2621 265 2662 et
330 2613 544 2664 habitus
610 2614 880 2664 moraliter
944 2615 1250 2665 indifferens
1315 2616 1366 2664 in
1426 2614 1702 2664 voluntate
1768 2616 1847 2679 (ut
1907 2614 2118 2664 habitus

210 2696 509 2759 studendi),
564 2705 617 2746 et
667 2697 879 2747 habitus
932 2699 1108 2748 malos
1160 2698 1341 2762 (vitia).
1423 2698 1509 2746 De
1556 2697 1838 2747 virtutibus
1890 2704 1943 2747 et
1981 2696 2118 2747 vitiis

210 2778 261 2826 in
315 2778 537 2828 articulo
589 2781 831 2845 sequenti
884 2797 1131 2845 agemus3
1189 2781 1245 2844 b)
1287 2781 1338 2829 in
1380 2779 1594 2829 habitus
1624 2779 1879 2844 physicos
1919 2788 1971 2829 et
2011 2796 2116 2828 mo-

211 2860 374 2910 rales.
457 2860 690 2911 Habitus
740 2862 995 2928 physicus
1048 2872 1128 2913 est
1181 2862 1405 2929 quilibet
1459 2862 1674 2912 habitus
1729 2861 1998 2911 moraliter
2044 2862 2116 2911 in-

210 2942 473 2993 differens.
555 2943 786 2994 Habitus
840 2946 1052 2995 moralis
1106 2946 1356 2995 dividitur
1406 2945 1457 2994 in
1508 2945 1758 2994 virtutem
1810 2952 1862 2994 et
1913 2944 2131 2994 vitium.-

209 3024 424 3075 Nomen
465 3026 670 3076 virtutis
711 3027 795 3077 hic
836 3045 995 3077 sensu
1034 3029 1219 3078 stricto
1258 3029 1505 3090 sumitur;

282 3128 331 3175 4.
378 3115 589 3164 ratione
619 3116 760 3182 finis
798 3117 849 3166 in
891 3117 1103 3167 habitus
1142 3117 1499 3183 speculativos
1539 3125 1591 3165 et
1619 3116 1911 3181 practices,
1955 3126 2113 3181 prout

210 3196 423 3246 habitus
488 3215 585 3263 pro
647 3197 751 3247 fine
809 3199 1095 3250 intrinseco
1156 3200 1320 3250 habet
1380 3199 1729 3249 directionem
1789 3197 2112 3264 operationis

209 3278 474 3328 humanae
514 3278 597 3328 vel
650 3297 771 3329 non.
856 3280 1007 3331 Haec
1060 3281 1247 3331 divisio
1299 3281 1529 3347 pertinet
1580 3281 1648 3329 ad
1700 3279 1847 3330 solos
1898 3279 2112 3330 habitus

209 3358 523 3410 intellectus.
