<?xml version="1.0" encoding="UTF-8"?>
<!DOCTYPE html PUBLIC "-//W3C//DTD XHTML 1.0 Transitional//EN"
    "http://www.w3.org/TR/xhtml1/DTD/xhtml1-transitional.dtd">
<html xmlns="http://www.w3.org/1999/xhtml" xml:lang="en" lang="en">
 <head>
  <title>
</title>
<meta http-equiv="Content-Type" content="text/html;charset=utf-8" />
  <meta name='ocr-system' content='tesseract 3.04.00' />
  <meta name='ocr-capabilities' content='ocr_page ocr_carea ocr_par ocr_line ocrx_word'/>
</head>
<body>
  <div class='ocr_page' id='page_1' title='image "./philosophiamoral00cath_0021.png"; bbox 0 0 2182 3682; ppageno 0'>
   <div class='ocr_carea' id='block_1_1' title="bbox 823 161 1272 190">
    <p class='ocr_par' dir='ltr' id='par_1_1' title="bbox 823 161 1272 190">
     <span class='ocr_line' id='line_1_1' title="bbox 823 161 1272 190; baseline -0.002 0"><span class='ocrx_word' id='word_1_1' title='bbox 823 162 1009 190; x_wconf 81' lang='lat' dir='ltr'>TABULA</span> <span class='ocrx_word' id='word_1_2' title='bbox 1042 161 1272 190; x_wconf 87' lang='lat' dir='ltr'>THESEON.</span> 
     </span>
    </p>
   </div>
   <div class='ocr_carea' id='block_1_2' title="bbox 83 300 1794 2600">
    <p class='ocr_par' dir='ltr' id='par_1_2' title="bbox 103 300 1794 421">
     <span class='ocr_line' id='line_1_2' title="bbox 176 300 1794 348; baseline -0.001 -8"><span class='ocrx_word' id='word_1_3' title='bbox 176 302 396 341; x_wconf 89' lang='lat' dir='ltr'>XXXVII.</span> <span class='ocrx_word' id='word_1_4' title='bbox 443 301 565 340; x_wconf 92' lang='lat' dir='ltr'><strong>Omni</strong></span> <span class='ocrx_word' id='word_1_5' title='bbox 598 307 691 341; x_wconf 89' lang='lat' dir='ltr'><strong>actu</strong></span> <span class='ocrx_word' id='word_1_6' title='bbox 734 300 957 339; x_wconf 90' lang='lat' dir='ltr'><strong>inhonesto</strong></span> <span class='ocrx_word' id='word_1_7' title='bbox 991 300 1263 348; x_wconf 89' lang='lat' dir='ltr'><strong>demeritum,</strong></span> <span class='ocrx_word' id='word_1_8' title='bbox 1309 306 1403 338; x_wconf 88' lang='lat' dir='ltr'><strong>actu</strong></span> <span class='ocrx_word' id='word_1_9' title='bbox 1447 306 1583 338; x_wconf 88' lang='lat' dir='ltr'><strong>autem</strong></span> <span class='ocrx_word' id='word_1_10' title='bbox 1617 300 1794 339; x_wconf 90' lang='lat' dir='ltr'><strong>honesto</strong></span> 
     </span>
     <span class='ocr_line' id='line_1_3' title="bbox 103 367 1032 421; baseline -0.002 -14"><span class='ocrx_word' id='word_1_11' title='bbox 103 370 293 408; x_wconf 89' lang='lat' dir='ltr'><strong>meritum</strong></span> <span class='ocrx_word' id='word_1_12' title='bbox 327 369 438 421; x_wconf 82' lang='lat' dir='ltr'><strong>apud</strong></span> <span class='ocrx_word' id='word_1_13' title='bbox 470 369 609 407; x_wconf 90' lang='lat' dir='ltr'><strong>Deum</strong></span> <span class='ocrx_word' id='word_1_14' title='bbox 642 367 870 420; x_wconf 86' lang='lat' dir='ltr'><strong>acquiritur</strong></span> <span class='ocrx_word' id='word_1_15' title='bbox 1029 373 1032 375; x_wconf 73' lang='grc'><strong>’</strong></span> 
     </span>
    </p>

    <p class='ocr_par' dir='ltr' id='par_1_3' title="bbox 101 439 1794 550">
     <span class='ocr_line' id='line_1_4' title="bbox 175 439 1794 493; baseline -0.002 -11"><span class='ocrx_word' id='word_1_16' title='bbox 175 444 416 482; x_wconf 83' lang='lat' dir='ltr'>XXXVIII.</span> <span class='ocrx_word' id='word_1_17' title='bbox 461 443 529 481; x_wconf 92' lang='lat' dir='ltr'><strong>Ius</strong></span> <span class='ocrx_word' id='word_1_18' title='bbox 573 455 698 481; x_wconf 87' lang='lat' dir='ltr'><strong>sensu</strong></span> <span class='ocrx_word' id='word_1_19' title='bbox 741 442 885 481; x_wconf 88' lang='lat' dir='ltr'><strong>stricto</strong></span> <span class='ocrx_word' id='word_1_20' title='bbox 930 448 1147 493; x_wconf 89' lang='lat' dir='ltr'><strong>acceptum</strong></span> <span class='ocrx_word' id='word_1_21' title='bbox 1187 447 1300 480; x_wconf 89' lang='lat' dir='ltr'><strong>recte</strong></span> <span class='ocrx_word' id='word_1_22' title='bbox 1341 439 1535 479; x_wconf 87' lang='lat' dir='ltr'><strong>definitur</strong></span> <span class='ocrx_word' id='word_1_23' title='bbox 1583 448 1794 492; x_wconf 86' lang='lat' dir='ltr'><strong>«potestas</strong></span> 
     </span>
     <span class='ocr_line' id='line_1_5' title="bbox 101 510 634 550; baseline -0.002 -1"><span class='ocrx_word' id='word_1_24' title='bbox 101 510 269 550; x_wconf 87' lang='lat' dir='ltr'><strong>moralis</strong></span> <span class='ocrx_word' id='word_1_25' title='bbox 302 511 341 548; x_wconf 91' lang='lat' dir='ltr'><strong>in</strong></span> <span class='ocrx_word' id='word_1_26' title='bbox 375 524 461 549; x_wconf 91' lang='lat' dir='ltr'><strong>rem</strong></span> <span class='ocrx_word' id='word_1_27' title='bbox 494 524 634 548; x_wconf 84' lang='lat' dir='ltr'><strong>suam»</strong></span> 
     </span>
    </p>

    <p class='ocr_par' dir='ltr' id='par_1_4' title="bbox 98 581 1794 835">
     <span class='ocr_line' id='line_1_6' title="bbox 173 581 1794 636; baseline -0.002 -14"><span class='ocrx_word' id='word_1_28' title='bbox 173 585 372 623; x_wconf 87' lang='lat' dir='ltr'>XXXIX.</span> <span class='ocrx_word' id='word_1_29' title='bbox 406 584 474 622; x_wconf 88' lang='lat' dir='ltr'><strong>Ius</strong></span> <span class='ocrx_word' id='word_1_30' title='bbox 496 583 726 636; x_wconf 81' lang='lat' dir='ltr'><strong>generatim</strong></span> <span class='ocrx_word' id='word_1_31' title='bbox 749 583 980 621; x_wconf 90' lang='lat' dir='ltr'><strong>coactivum</strong></span> <span class='ocrx_word' id='word_1_32' title='bbox 1003 589 1086 629; x_wconf 84' lang='lat' dir='ltr'><strong>est;</strong></span> <span class='ocrx_word' id='word_1_33' title='bbox 1113 581 1356 620; x_wconf 88' lang='lat' dir='ltr'><strong>coactivitas</strong></span> <span class='ocrx_word' id='word_1_34' title='bbox 1380 587 1517 619; x_wconf 87' lang='lat' dir='ltr'><strong>tamen</strong></span> <span class='ocrx_word' id='word_1_35' title='bbox 1537 588 1577 619; x_wconf 91' lang='lat' dir='ltr'><strong>et</strong></span> <span class='ocrx_word' id='word_1_36' title='bbox 1595 595 1617 618; x_wconf 87' lang='lat' dir='ltr'><strong>a</strong></span> <span class='ocrx_word' id='word_1_37' title='bbox 1634 581 1794 619; x_wconf 87' lang='lat' dir='ltr'><strong>fortiori</strong></span> 
     </span>
     <span class='ocr_line' id='line_1_7' title="bbox 99 648 1791 703; baseline -0.003 -13"><span class='ocrx_word' id='word_1_38' title='bbox 99 652 269 691; x_wconf 89' lang='lat' dir='ltr'><strong>actualis</strong></span> <span class='ocrx_word' id='word_1_39' title='bbox 288 651 470 703; x_wconf 90' lang='lat' dir='ltr'><strong>cogendi</strong></span> <span class='ocrx_word' id='word_1_40' title='bbox 490 650 745 703; x_wconf 87' lang='lat' dir='ltr'><strong>possibilitas</strong></span> <span class='ocrx_word' id='word_1_41' title='bbox 764 664 849 689; x_wconf 93' lang='lat' dir='ltr'><strong>non</strong></span> <span class='ocrx_word' id='word_1_42' title='bbox 868 649 1082 689; x_wconf 88' lang='lat' dir='ltr'><strong>constituit</strong></span> <span class='ocrx_word' id='word_1_43' title='bbox 1099 648 1322 689; x_wconf 81' lang='lat' dir='ltr'>essentiam</span> <span class='ocrx_word' id='word_1_44' title='bbox 1341 648 1440 686; x_wconf 86' lang='lat' dir='ltr'><strong>iuris</strong></span> <span class='ocrx_word' id='word_1_45' title='bbox 1456 661 1463 695; x_wconf 82' lang='lat'><em>3</em></span> <span class='ocrx_word' id='word_1_46' title='bbox 1488 661 1614 699; x_wconf 89' lang='lat' dir='ltr'><strong>porro</strong></span> <span class='ocrx_word' id='word_1_47' title='bbox 1633 660 1791 696; x_wconf 86' lang='lat' dir='ltr'><strong>norma,</strong></span> 
     </span>
     <span class='ocr_line' id='line_1_8' title="bbox 99 715 1793 770; baseline -0.004 -12"><span class='ocrx_word' id='word_1_48' title='bbox 99 719 327 758; x_wconf 87' lang='lat' dir='ltr'><strong>secundum</strong></span> <span class='ocrx_word' id='word_1_49' title='bbox 361 732 483 770; x_wconf 88' lang='lat' dir='ltr'><strong>quam</strong></span> <span class='ocrx_word' id='word_1_50' title='bbox 516 718 840 757; x_wconf 90' lang='lat' dir='ltr'><strong>discernendum</strong></span> <span class='ocrx_word' id='word_1_51' title='bbox 874 725 955 764; x_wconf 77' lang='lat' dir='ltr'><strong>est,</strong></span> <span class='ocrx_word' id='word_1_52' title='bbox 1001 723 1136 755; x_wconf 91' lang='lat' dir='ltr'><strong>utrum</strong></span> <span class='ocrx_word' id='word_1_53' title='bbox 1170 716 1230 754; x_wconf 92' lang='lat' dir='ltr'><strong>ius</strong></span> <span class='ocrx_word' id='word_1_54' title='bbox 1264 715 1432 767; x_wconf 85' lang='lat' dir='ltr'>aliquod</span> <span class='ocrx_word' id='word_1_55' title='bbox 1470 716 1519 754; x_wconf 90' lang='lat' dir='ltr'><strong>sit</strong></span> <span class='ocrx_word' id='word_1_56' title='bbox 1562 715 1793 754; x_wconf 88' lang='lat' dir='ltr'><strong>coactivum</strong></span> 
     </span>
     <span class='ocr_line' id='line_1_9' title="bbox 98 783 1673 835; baseline -0.003 -10"><span class='ocrx_word' id='word_1_57' title='bbox 98 799 245 835; x_wconf 87' lang='lat' dir='ltr'><strong>necne,</strong></span> <span class='ocrx_word' id='word_1_58' title='bbox 280 792 342 825; x_wconf 91' lang='lat' dir='ltr'><strong>est</strong></span> <span class='ocrx_word' id='word_1_59' title='bbox 375 786 601 826; x_wconf 80' lang='lat' dir='ltr'>necessitas</span> <span class='ocrx_word' id='word_1_60' title='bbox 634 784 913 824; x_wconf 85' lang='lat' dir='ltr'><strong>coactivitatis</strong></span> <span class='ocrx_word' id='word_1_61' title='bbox 947 784 1000 822; x_wconf 89' lang='lat' dir='ltr'><strong>ad</strong></span> <span class='ocrx_word' id='word_1_62' title='bbox 1032 785 1189 822; x_wconf 88' lang='lat' dir='ltr'><strong>bonum</strong></span> <span class='ocrx_word' id='word_1_63' title='bbox 1222 783 1432 822; x_wconf 90' lang='lat' dir='ltr'><strong>societatis</strong></span> <span class='ocrx_word' id='word_1_64' title='bbox 1464 783 1673 821; x_wconf 77' lang='lat' dir='ltr'><strong>humanae</strong></span> 
     </span>
    </p>

    <p class='ocr_par' dir='ltr' id='par_1_5' title="bbox 96 856 1792 979">
     <span class='ocr_line' id='line_1_10' title="bbox 170 856 1792 908; baseline -0.002 -10"><span class='ocrx_word' id='word_1_65' title='bbox 170 860 262 898; x_wconf 92' lang='lat' dir='ltr'>XL.</span> <span class='ocrx_word' id='word_1_66' title='bbox 308 859 623 899; x_wconf 91' lang='lat' dir='ltr'><strong>Admittendum</strong></span> <span class='ocrx_word' id='word_1_67' title='bbox 657 866 718 898; x_wconf 90' lang='lat' dir='ltr'><strong>est</strong></span> <span class='ocrx_word' id='word_1_68' title='bbox 750 871 891 897; x_wconf 86' lang='lat' dir='ltr'><strong>verum</strong></span> <span class='ocrx_word' id='word_1_69' title='bbox 935 857 996 897; x_wconf 91' lang='lat' dir='ltr'><strong>ius</strong></span> <span class='ocrx_word' id='word_1_70' title='bbox 1036 857 1223 896; x_wconf 88' lang='lat' dir='ltr'><strong>naturale</strong></span> <span class='ocrx_word' id='word_1_71' title='bbox 1267 856 1608 908; x_wconf 86' lang='lat' dir='ltr'><strong>independenter</strong></span> <span class='ocrx_word' id='word_1_72' title='bbox 1640 870 1663 894; x_wconf 88' lang='lat' dir='ltr'><strong>a</strong></span> <span class='ocrx_word' id='word_1_73' title='bbox 1697 869 1792 908; x_wconf 90' lang='lat' dir='ltr'><strong>qua-</strong></span> 
     </span>
     <span class='ocr_line' id='line_1_11' title="bbox 96 926 854 979; baseline -0.001 -15"><span class='ocrx_word' id='word_1_74' title='bbox 96 939 272 978; x_wconf 90' lang='lat' dir='ltr'><strong>cumque</strong></span> <span class='ocrx_word' id='word_1_75' title='bbox 305 927 399 979; x_wconf 88' lang='lat' dir='ltr'><strong>lege</strong></span> <span class='ocrx_word' id='word_1_76' title='bbox 432 927 609 979; x_wconf 88' lang='lat' dir='ltr'><strong>positiva</strong></span> <span class='ocrx_word' id='word_1_77' title='bbox 640 926 854 965; x_wconf 87' lang='lat' dir='ltr'><strong>validum.</strong></span> 
     </span>
    </p>

    <p class='ocr_par' dir='ltr' id='par_1_6' title="bbox 94 998 1793 1176">
     <span class='ocr_line' id='line_1_12' title="bbox 169 998 1791 1052; baseline -0.002 -11"><span class='ocrx_word' id='word_1_78' title='bbox 169 1003 281 1042; x_wconf 90' lang='lat' dir='ltr'>XLI.</span> <span class='ocrx_word' id='word_1_79' title='bbox 328 1002 446 1041; x_wconf 91' lang='lat' dir='ltr'><strong>Ordo</strong></span> <span class='ocrx_word' id='word_1_80' title='bbox 479 1001 676 1040; x_wconf 90' lang='lat' dir='ltr'><strong>iuridicus</strong></span> <span class='ocrx_word' id='word_1_81' title='bbox 721 1006 783 1039; x_wconf 87' lang='lat' dir='ltr'><strong>est</strong></span> <span class='ocrx_word' id='word_1_82' title='bbox 815 1012 912 1052; x_wconf 91' lang='lat' dir='ltr'><strong>pars</strong></span> <span class='ocrx_word' id='word_1_83' title='bbox 956 999 1139 1037; x_wconf 86' lang='lat' dir='ltr'><strong>universi</strong></span> <span class='ocrx_word' id='word_1_84' title='bbox 1173 999 1330 1037; x_wconf 83' lang='lat' dir='ltr'><strong>ordinis</strong></span> <span class='ocrx_word' id='word_1_85' title='bbox 1374 998 1565 1045; x_wconf 90' lang='lat' dir='ltr'><strong>moralis;</strong></span> <span class='ocrx_word' id='word_1_86' title='bbox 1613 998 1791 1050; x_wconf 86' lang='lat' dir='ltr'><strong>proinde</strong></span> 
     </span>
     <span class='ocr_line' id='line_1_13' title="bbox 94 1065 1793 1120; baseline -0.003 -12"><span class='ocrx_word' id='word_1_87' title='bbox 94 1070 307 1109; x_wconf 89' lang='lat' dir='ltr'><strong>reicienda</strong></span> <span class='ocrx_word' id='word_1_88' title='bbox 347 1077 409 1108; x_wconf 90' lang='grc' dir='ltr'><strong>θεῖ</strong></span> <span class='ocrx_word' id='word_1_89' title='bbox 449 1068 656 1120; x_wconf 85' lang='lat' dir='ltr'><strong>separatio</strong></span> <span class='ocrx_word' id='word_1_90' title='bbox 700 1067 858 1106; x_wconf 82' lang='lat' dir='ltr'><strong>ordinis</strong></span> <span class='ocrx_word' id='word_1_91' title='bbox 900 1066 1062 1105; x_wconf 91' lang='lat' dir='ltr'><strong>iuridici</strong></span> <span class='ocrx_word' id='word_1_92' title='bbox 1107 1067 1159 1104; x_wconf 90' lang='lat' dir='ltr'><strong>ab</strong></span> <span class='ocrx_word' id='word_1_93' title='bbox 1204 1065 1350 1104; x_wconf 89' lang='lat' dir='ltr'><strong>ordine</strong></span> <span class='ocrx_word' id='word_1_94' title='bbox 1395 1065 1564 1114; x_wconf 88' lang='lat' dir='ltr'><strong>morali,</strong></span> <span class='ocrx_word' id='word_1_95' title='bbox 1612 1074 1736 1117; x_wconf 90' lang='lat' dir='ltr'><strong>prout</strong></span> <span class='ocrx_word' id='word_1_96' title='bbox 1770 1080 1793 1103; x_wconf 93' lang='lat' dir='ltr'><strong>a</strong></span> 
     </span>
     <span class='ocr_line' id='line_1_14' title="bbox 94 1137 478 1176; baseline -0.003 -1"><span class='ocrx_word' id='word_1_97' title='bbox 94 1137 252 1176; x_wconf 89' lang='lat' dir='ltr'><strong>Kantio</strong></span> <span class='ocrx_word' id='word_1_98' title='bbox 285 1137 478 1176; x_wconf 86' lang='lat' dir='ltr'><strong>statuitur</strong></span> 
     </span>
    </p>

    <p class='ocr_par' dir='ltr' id='par_1_7' title="bbox 94 1207 1790 1330">
     <span class='ocr_line' id='line_1_15' title="bbox 167 1207 1790 1260; baseline -0.004 -10"><span class='ocrx_word' id='word_1_99' title='bbox 167 1211 302 1250; x_wconf 89' lang='lat' dir='ltr'>XLII.</span> <span class='ocrx_word' id='word_1_100' title='bbox 344 1210 384 1250; x_wconf 82' lang='lat' dir='ltr'><strong>S.</strong></span> <span class='ocrx_word' id='word_1_101' title='bbox 418 1210 602 1249; x_wconf 80' lang='lat' dir='ltr'><strong>Thomas</strong></span> <span class='ocrx_word' id='word_1_102' title='bbox 635 1209 803 1248; x_wconf 90' lang='lat' dir='ltr'><strong>nomine</strong></span> <span class='ocrx_word' id='word_1_103' title='bbox 843 1208 941 1246; x_wconf 90' lang='lat' dir='ltr'><strong>iuris</strong></span> <span class='ocrx_word' id='word_1_104' title='bbox 975 1208 1162 1260; x_wconf 87' lang='lat' dir='ltr'><strong>gentium</strong></span> <span class='ocrx_word' id='word_1_105' title='bbox 1196 1207 1402 1259; x_wconf 85' lang='lat' dir='ltr'><strong>intellegit</strong></span> <span class='ocrx_word' id='word_1_106' title='bbox 1434 1220 1502 1245; x_wconf 89' lang='lat' dir='ltr'><strong>eas</strong></span> <span class='ocrx_word' id='word_1_107' title='bbox 1536 1207 1652 1259; x_wconf 89' lang='lat' dir='ltr'><strong>leges</strong></span> <span class='ocrx_word' id='word_1_108' title='bbox 1684 1207 1790 1259; x_wconf 89' lang='lat' dir='ltr'><strong>posi-</strong></span> 
     </span>
     <span class='ocr_line' id='line_1_16' title="bbox 94 1274 1657 1330; baseline -0.002 -15"><span class='ocrx_word' id='word_1_109' title='bbox 94 1278 216 1326; x_wconf 82' lang='lat' dir='ltr'><strong>tivas,</strong></span> <span class='ocrx_word' id='word_1_110' title='bbox 264 1291 369 1330; x_wconf 86' lang='lat' dir='ltr'><strong>quae</strong></span> <span class='ocrx_word' id='word_1_111' title='bbox 402 1278 619 1317; x_wconf 84' lang='lat' dir='ltr'><strong>continent</strong></span> <span class='ocrx_word' id='word_1_112' title='bbox 651 1275 946 1316; x_wconf 80' lang='lat' dir='ltr'><strong>conclusiones</strong></span> <span class='ocrx_word' id='word_1_113' title='bbox 979 1274 1234 1314; x_wconf 87' lang='lat' dir='ltr'><strong>necessarias</strong></span> <span class='ocrx_word' id='word_1_114' title='bbox 1268 1288 1317 1313; x_wconf 85' lang='lat' dir='ltr'><strong>ex</strong></span> <span class='ocrx_word' id='word_1_115' title='bbox 1350 1274 1445 1327; x_wconf 91' lang='lat' dir='ltr'><strong>lege</strong></span> <span class='ocrx_word' id='word_1_116' title='bbox 1478 1274 1657 1313; x_wconf 84' lang='lat' dir='ltr'><strong>naturali</strong></span> 
     </span>
    </p>

    <p class='ocr_par' dir='ltr' id='par_1_8' title="bbox 168 1349 1790 1401">
     <span class='ocr_line' id='line_1_17' title="bbox 168 1349 1790 1401; baseline -0.001 -11"><span class='ocrx_word' id='word_1_117' title='bbox 168 1353 325 1392; x_wconf 88' lang='lat' dir='ltr'>XLIII.</span> <span class='ocrx_word' id='word_1_118' title='bbox 372 1353 507 1391; x_wconf 91' lang='lat' dir='ltr'><strong>Omne</strong></span> <span class='ocrx_word' id='word_1_119' title='bbox 540 1357 581 1391; x_wconf 90' lang='lat' dir='ltr'><strong>et</strong></span> <span class='ocrx_word' id='word_1_120' title='bbox 614 1351 748 1391; x_wconf 89' lang='lat' dir='ltr'><strong>solum</strong></span> <span class='ocrx_word' id='word_1_121' title='bbox 782 1364 856 1390; x_wconf 89' lang='lat' dir='ltr'><strong>ens</strong></span> <span class='ocrx_word' id='word_1_122' title='bbox 888 1350 1093 1390; x_wconf 80' lang='lat' dir='ltr'><strong>rationale</strong></span> <span class='ocrx_word' id='word_1_123' title='bbox 1133 1349 1364 1388; x_wconf 88' lang='lat' dir='ltr'><strong>subiectum</strong></span> <span class='ocrx_word' id='word_1_124' title='bbox 1397 1349 1493 1387; x_wconf 91' lang='lat' dir='ltr'><strong>iuris</strong></span> <span class='ocrx_word' id='word_1_125' title='bbox 1527 1362 1616 1388; x_wconf 89' lang='lat' dir='ltr'><strong>esse</strong></span> <span class='ocrx_word' id='word_1_126' title='bbox 1649 1356 1790 1401; x_wconf 88' lang='lat' dir='ltr'><strong>potest</strong></span> 
     </span>
    </p>

    <p class='ocr_par' dir='ltr' id='par_1_9' title="bbox 90 1423 1789 1612">
     <span class='ocr_line' id='line_1_18' title="bbox 167 1423 1789 1478; baseline -0.002 -14"><span class='ocrx_word' id='word_1_127' title='bbox 167 1426 319 1465; x_wconf 88' lang='lat' dir='ltr'>XLIV.</span> <span class='ocrx_word' id='word_1_128' title='bbox 365 1427 526 1475; x_wconf 87' lang='lat' dir='ltr'><strong>Homo,</strong></span> <span class='ocrx_word' id='word_1_129' title='bbox 561 1434 750 1478; x_wconf 87' lang='lat' dir='ltr'><strong>spectato</strong></span> <span class='ocrx_word' id='word_1_130' title='bbox 783 1426 907 1464; x_wconf 86' lang='lat' dir='ltr'><strong>etiam</strong></span> <span class='ocrx_word' id='word_1_131' title='bbox 939 1425 1086 1464; x_wconf 92' lang='lat' dir='ltr'><strong>ordine</strong></span> <span class='ocrx_word' id='word_1_132' title='bbox 1119 1437 1233 1463; x_wconf 90' lang='lat' dir='ltr'><strong>mere</strong></span> <span class='ocrx_word' id='word_1_133' title='bbox 1266 1423 1462 1472; x_wconf 88' lang='lat' dir='ltr'><strong>naturali,</strong></span> <span class='ocrx_word' id='word_1_134' title='bbox 1510 1431 1673 1462; x_wconf 88' lang='lat' dir='ltr'><strong>tenetur</strong></span> <span class='ocrx_word' id='word_1_135' title='bbox 1705 1437 1789 1462; x_wconf 92' lang='lat' dir='ltr'><strong>non</strong></span> 
     </span>
     <span class='ocr_line' id='line_1_19' title="bbox 92 1491 1788 1546; baseline -0.002 -14"><span class='ocrx_word' id='word_1_136' title='bbox 92 1492 225 1532; x_wconf 89' lang='lat' dir='ltr'><strong>solum</strong></span> <span class='ocrx_word' id='word_1_137' title='bbox 258 1507 425 1546; x_wconf 89' lang='lat' dir='ltr'><strong>sperare</strong></span> <span class='ocrx_word' id='word_1_138' title='bbox 458 1507 481 1531; x_wconf 90' lang='lat' dir='ltr'><strong>a</strong></span> <span class='ocrx_word' id='word_1_139' title='bbox 514 1494 608 1531; x_wconf 91' lang='lat' dir='ltr'><strong>Deo</strong></span> <span class='ocrx_word' id='word_1_140' title='bbox 641 1492 946 1532; x_wconf 86' lang='lat' dir='ltr'><strong>beatitudinem</strong></span> <span class='ocrx_word' id='word_1_141' title='bbox 990 1506 1083 1531; x_wconf 92' lang='lat' dir='ltr'><strong>cum</strong></span> <span class='ocrx_word' id='word_1_142' title='bbox 1117 1491 1280 1530; x_wconf 83' lang='lat' dir='ltr'><strong>auxiliis</strong></span> <span class='ocrx_word' id='word_1_143' title='bbox 1313 1492 1366 1529; x_wconf 88' lang='lat' dir='ltr'><strong>ad</strong></span> <span class='ocrx_word' id='word_1_144' title='bbox 1400 1505 1490 1530; x_wconf 91' lang='lat' dir='ltr'><strong>eam</strong></span> <span class='ocrx_word' id='word_1_145' title='bbox 1531 1491 1788 1540; x_wconf 80' lang='lat' dir='ltr'><strong>necessariis,</strong></span> 
     </span>
     <span class='ocr_line' id='line_1_20' title="bbox 90 1560 1242 1612; baseline -0.003 -12"><span class='ocrx_word' id='word_1_146' title='bbox 90 1561 165 1600; x_wconf 92' lang='lat' dir='ltr'><strong>sed</strong></span> <span class='ocrx_word' id='word_1_147' title='bbox 198 1561 378 1600; x_wconf 87' lang='lat' dir='ltr'><strong>eundern</strong></span> <span class='ocrx_word' id='word_1_148' title='bbox 412 1561 534 1599; x_wconf 87' lang='lat' dir='ltr'><strong>etiam</strong></span> <span class='ocrx_word' id='word_1_149' title='bbox 567 1573 692 1612; x_wconf 88' lang='lat' dir='ltr'><strong>super</strong></span> <span class='ocrx_word' id='word_1_150' title='bbox 724 1560 865 1598; x_wconf 90' lang='lat' dir='ltr'><strong>omnia</strong></span> <span class='ocrx_word' id='word_1_151' title='bbox 898 1567 1035 1600; x_wconf 86' lang='lat' dir='ltr'><strong>creata</strong></span> <span class='ocrx_word' id='word_1_152' title='bbox 1069 1560 1242 1612; x_wconf 89' lang='lat' dir='ltr'><strong>diligere</strong></span> 
     </span>
    </p>

    <p class='ocr_par' dir='ltr' id='par_1_10' title="bbox 91 1633 1787 1754">
     <span class='ocr_line' id='line_1_21' title="bbox 165 1633 1787 1686; baseline -0.002 -13"><span class='ocrx_word' id='word_1_153' title='bbox 165 1635 298 1674; x_wconf 89' lang='lat' dir='ltr'>XLV.</span> <span class='ocrx_word' id='word_1_154' title='bbox 337 1635 479 1673; x_wconf 91' lang='lat' dir='ltr'><strong>Homo</strong></span> <span class='ocrx_word' id='word_1_155' title='bbox 512 1634 608 1686; x_wconf 91' lang='lat' dir='ltr'><strong>lege</strong></span> <span class='ocrx_word' id='word_1_156' title='bbox 642 1634 819 1673; x_wconf 91' lang='lat' dir='ltr'><strong>naturali</strong></span> <span class='ocrx_word' id='word_1_157' title='bbox 853 1634 906 1672; x_wconf 92' lang='lat' dir='ltr'><strong>ad</strong></span> <span class='ocrx_word' id='word_1_158' title='bbox 939 1633 1020 1672; x_wconf 89' lang='lat' dir='ltr'><strong>Dei</strong></span> <span class='ocrx_word' id='word_1_159' title='bbox 1055 1634 1210 1671; x_wconf 89' lang='lat' dir='ltr'><strong>cultum</strong></span> <span class='ocrx_word' id='word_1_160' title='bbox 1243 1640 1327 1671; x_wconf 89' lang='lat' dir='ltr'><strong>tum</strong></span> <span class='ocrx_word' id='word_1_161' title='bbox 1363 1633 1569 1670; x_wconf 91' lang='lat' dir='ltr'><strong>internum</strong></span> <span class='ocrx_word' id='word_1_162' title='bbox 1604 1641 1689 1670; x_wconf 90' lang='lat' dir='ltr'><strong>tum</strong></span> <span class='ocrx_word' id='word_1_163' title='bbox 1723 1646 1787 1671; x_wconf 86' lang='lat' dir='ltr'><strong>ex-</strong></span> 
     </span>
     <span class='ocr_line' id='line_1_22' title="bbox 91 1701 500 1754; baseline -0.005 -13"><span class='ocrx_word' id='word_1_164' title='bbox 91 1710 254 1741; x_wconf 90' lang='lat' dir='ltr'><strong>ternum</strong></span> <span class='ocrx_word' id='word_1_165' title='bbox 287 1701 500 1754; x_wconf 89' lang='lat' dir='ltr'><strong>obligatur</strong></span> 
     </span>
    </p>

    <p class='ocr_par' dir='ltr' id='par_1_11' title="bbox 86 1774 1786 1895">
     <span class='ocr_line' id='line_1_23' title="bbox 163 1774 1786 1828; baseline -0.001 -14"><span class='ocrx_word' id='word_1_166' title='bbox 163 1776 317 1816; x_wconf 89' lang='lat' dir='ltr'>XLVI.</span> <span class='ocrx_word' id='word_1_167' title='bbox 352 1776 506 1825; x_wconf 78' lang='lat' dir='ltr'><strong>Homo,</strong></span> <span class='ocrx_word' id='word_1_168' title='bbox 542 1789 664 1828; x_wconf 89' lang='lat' dir='ltr'><strong>quam</strong></span> <span class='ocrx_word' id='word_1_169' title='bbox 687 1776 866 1828; x_wconf 89' lang='lat' dir='ltr'><strong>primum</strong></span> <span class='ocrx_word' id='word_1_170' title='bbox 891 1777 1028 1814; x_wconf 90' lang='lat' dir='ltr'><strong>Deum</strong></span> <span class='ocrx_word' id='word_1_171' title='bbox 1063 1774 1273 1826; x_wconf 85' lang='lat' dir='ltr'><strong>cognovit,</strong></span> <span class='ocrx_word' id='word_1_172' title='bbox 1309 1781 1475 1812; x_wconf 88' lang='lat' dir='ltr'><strong>tenetur</strong></span> <span class='ocrx_word' id='word_1_173' title='bbox 1497 1788 1566 1813; x_wconf 88' lang='lat' dir='ltr'><strong>eas</strong></span> <span class='ocrx_word' id='word_1_174' title='bbox 1592 1774 1786 1813; x_wconf 91' lang='lat' dir='ltr'><strong>notiones</strong></span> 
     </span>
     <span class='ocr_line' id='line_1_24' title="bbox 86 1841 1503 1895; baseline -0.001 -14"><span class='ocrx_word' id='word_1_175' title='bbox 86 1843 324 1895; x_wconf 85' lang='lat' dir='ltr'><strong>acquirere,</strong></span> <span class='ocrx_word' id='word_1_176' title='bbox 372 1856 477 1895; x_wconf 90' lang='lat' dir='ltr'><strong>quae</strong></span> <span class='ocrx_word' id='word_1_177' title='bbox 510 1842 771 1882; x_wconf 87' lang='lat' dir='ltr'><strong>necessariae</strong></span> <span class='ocrx_word' id='word_1_178' title='bbox 804 1850 899 1881; x_wconf 91' lang='lat' dir='ltr'><strong>sunt</strong></span> <span class='ocrx_word' id='word_1_179' title='bbox 933 1844 985 1881; x_wconf 90' lang='lat' dir='ltr'><strong>ad</strong></span> <span class='ocrx_word' id='word_1_180' title='bbox 1019 1841 1228 1894; x_wconf 86' lang='lat' dir='ltr'><strong>explenda</strong></span> <span class='ocrx_word' id='word_1_181' title='bbox 1263 1841 1399 1880; x_wconf 88' lang='lat' dir='ltr'><strong>officia</strong></span> <span class='ocrx_word' id='word_1_182' title='bbox 1432 1855 1503 1879; x_wconf 89' lang='lat' dir='ltr'><strong>sua</strong></span> 
     </span>
    </p>

    <p class='ocr_par' dir='ltr' id='par_1_12' title="bbox 84 1917 1786 2037">
     <span class='ocr_line' id='line_1_25' title="bbox 160 1917 1786 1971; baseline -0.001 -14"><span class='ocrx_word' id='word_1_183' title='bbox 160 1918 333 1957; x_wconf 91' lang='lat' dir='ltr'>XLVII.</span> <span class='ocrx_word' id='word_1_184' title='bbox 368 1918 557 1971; x_wconf 86' lang='lat' dir='ltr'><strong>Quisque</strong></span> <span class='ocrx_word' id='word_1_185' title='bbox 584 1918 713 1957; x_wconf 89' lang='lat' dir='ltr'><strong>debet</strong></span> <span class='ocrx_word' id='word_1_186' title='bbox 746 1918 801 1956; x_wconf 91' lang='lat' dir='ltr'><strong>ita</strong></span> <span class='ocrx_word' id='word_1_187' title='bbox 833 1918 1057 1970; x_wconf 85' lang='lat' dir='ltr'><strong>subiugare</strong></span> <span class='ocrx_word' id='word_1_188' title='bbox 1090 1917 1310 1969; x_wconf 88' lang='lat' dir='ltr'><strong>passiones</strong></span> <span class='ocrx_word' id='word_1_189' title='bbox 1342 1917 1555 1965; x_wconf 87' lang='lat' dir='ltr'><strong>voluntati,</strong></span> <span class='ocrx_word' id='word_1_190' title='bbox 1591 1925 1634 1955; x_wconf 89' lang='lat' dir='ltr'><strong>ut</strong></span> <span class='ocrx_word' id='word_1_191' title='bbox 1667 1917 1786 1955; x_wconf 87' lang='lat' dir='ltr'><strong>huius</strong></span> 
     </span>
     <span class='ocr_line' id='line_1_26' title="bbox 84 1985 775 2037; baseline 0 -14"><span class='ocrx_word' id='word_1_192' title='bbox 84 1985 261 2037; x_wconf 91' lang='lat' dir='ltr'><strong>imperio</strong></span> <span class='ocrx_word' id='word_1_193' title='bbox 295 1985 498 2025; x_wconf 91' lang='lat' dir='ltr'><strong>oboedire</strong></span> <span class='ocrx_word' id='word_1_194' title='bbox 532 1993 775 2025; x_wconf 86' lang='lat' dir='ltr'><strong>assuescant</strong></span> 
     </span>
    </p>

    <p class='ocr_par' dir='ltr' id='par_1_13' title="bbox 84 2059 1784 2180">
     <span class='ocr_line' id='line_1_27' title="bbox 159 2059 1784 2112; baseline -0.001 -15"><span class='ocrx_word' id='word_1_195' title='bbox 159 2060 354 2099; x_wconf 92' lang='lat' dir='ltr'>XLVIII.</span> <span class='ocrx_word' id='word_1_196' title='bbox 394 2060 567 2099; x_wconf 87' lang='lat' dir='ltr'><strong>Directa</strong></span> <span class='ocrx_word' id='word_1_197' title='bbox 599 2068 639 2099; x_wconf 92' lang='lat' dir='ltr'><strong>et</strong></span> <span class='ocrx_word' id='word_1_198' title='bbox 671 2061 830 2112; x_wconf 85' lang='lat' dir='ltr'><strong>privata</strong></span> <span class='ocrx_word' id='word_1_199' title='bbox 863 2060 1108 2099; x_wconf 88' lang='lat' dir='ltr'><strong>auctoritate</strong></span> <span class='ocrx_word' id='word_1_200' title='bbox 1145 2067 1337 2111; x_wconf 86' lang='lat' dir='ltr'><strong>suscepta</strong></span> <span class='ocrx_word' id='word_1_201' title='bbox 1371 2059 1433 2097; x_wconf 88' lang='lat' dir='ltr'><strong>sui</strong></span> <span class='ocrx_word' id='word_1_202' title='bbox 1467 2059 1596 2110; x_wconf 86' lang='lat' dir='ltr'><strong>ipsius</strong></span> <span class='ocrx_word' id='word_1_203' title='bbox 1630 2059 1784 2097; x_wconf 88' lang='lat' dir='ltr'><strong>occisio</strong></span> 
     </span>
     <span class='ocr_line' id='line_1_28' title="bbox 84 2126 622 2180; baseline 0.004 -16"><span class='ocrx_word' id='word_1_204' title='bbox 84 2126 168 2179; x_wconf 92' lang='lat' dir='ltr'><strong>legi</strong></span> <span class='ocrx_word' id='word_1_205' title='bbox 202 2127 379 2166; x_wconf 89' lang='lat' dir='ltr'><strong>naturali</strong></span> <span class='ocrx_word' id='word_1_206' title='bbox 412 2135 622 2180; x_wconf 86' lang='lat' dir='ltr'><strong>repugnat</strong></span> 
     </span>
    </p>

    <p class='ocr_par' dir='ltr' id='par_1_14' title="bbox 87 2202 1784 2309">
     <span class='ocr_line' id='line_1_29' title="bbox 158 2202 1784 2253; baseline -0.001 -12"><span class='ocrx_word' id='word_1_207' title='bbox 158 2202 315 2242; x_wconf 90' lang='lat' dir='ltr'>XLIX.</span> <span class='ocrx_word' id='word_1_208' title='bbox 362 2203 542 2242; x_wconf 86' lang='lat' dir='ltr'><strong>Positive</strong></span> <span class='ocrx_word' id='word_1_209' title='bbox 582 2203 708 2242; x_wconf 88' lang='lat' dir='ltr'><strong>vitam</strong></span> <span class='ocrx_word' id='word_1_210' title='bbox 749 2210 789 2241; x_wconf 90' lang='lat' dir='ltr'><strong>et</strong></span> <span class='ocrx_word' id='word_1_211' title='bbox 829 2203 1047 2241; x_wconf 85' lang='lat' dir='ltr'><strong>sanitatem</strong></span> <span class='ocrx_word' id='word_1_212' title='bbox 1092 2215 1256 2240; x_wconf 76' lang='lat' dir='ltr'><strong>servare</strong></span> <span class='ocrx_word' id='word_1_213' title='bbox 1299 2209 1506 2250; x_wconf 83' lang='lat' dir='ltr'><strong>tenemur,</strong></span> <span class='ocrx_word' id='word_1_214' title='bbox 1554 2202 1784 2253; x_wconf 85' lang='lat' dir='ltr'><strong>generatim</strong></span> 
     </span>
     <span class='ocr_line' id='line_1_30' title="bbox 87 2270 901 2309; baseline 0.001 -2"><span class='ocrx_word' id='word_1_215' title='bbox 87 2274 226 2308; x_wconf 86' lang='lat' dir='ltr'><strong>tamen</strong></span> <span class='ocrx_word' id='word_1_216' title='bbox 260 2283 346 2308; x_wconf 91' lang='lat' dir='ltr'><strong>non</strong></span> <span class='ocrx_word' id='word_1_217' title='bbox 379 2271 527 2309; x_wconf 89' lang='lat' dir='ltr'><strong>mediis</strong></span> <span class='ocrx_word' id='word_1_218' title='bbox 561 2270 901 2309; x_wconf 87' lang='lat' dir='ltr'><strong>extraordinariis</strong></span> 
     </span>
    </p>

    <p class='ocr_par' dir='ltr' id='par_1_15' title="bbox 83 2343 1787 2600">
     <span class='ocr_line' id='line_1_31' title="bbox 158 2343 1787 2396; baseline -0.001 -14"><span class='ocrx_word' id='word_1_219' title='bbox 158 2344 207 2384; x_wconf 94' lang='lat' dir='ltr'><strong>L.</strong></span> <span class='ocrx_word' id='word_1_220' title='bbox 253 2345 370 2383; x_wconf 82' lang='lat' dir='ltr'><strong>Bona</strong></span> <span class='ocrx_word' id='word_1_221' title='bbox 413 2352 584 2384; x_wconf 87' lang='lat' dir='ltr'><strong>externa</strong></span> <span class='ocrx_word' id='word_1_222' title='bbox 628 2346 863 2384; x_wconf 88' lang='lat' dir='ltr'><strong>intantum</strong></span> <span class='ocrx_word' id='word_1_223' title='bbox 895 2357 1122 2396; x_wconf 85' lang='lat' dir='ltr'><strong>procurare</strong></span> <span class='ocrx_word' id='word_1_224' title='bbox 1157 2351 1368 2391; x_wconf 86' lang='lat' dir='ltr'><strong>tenemur,</strong></span> <span class='ocrx_word' id='word_1_225' title='bbox 1417 2343 1458 2381; x_wconf 91' lang='lat' dir='ltr'><strong>in</strong></span> <span class='ocrx_word' id='word_1_226' title='bbox 1493 2350 1692 2395; x_wconf 88' lang='lat' dir='ltr'><strong>quantum</strong></span> <span class='ocrx_word' id='word_1_227' title='bbox 1734 2344 1787 2381; x_wconf 89' lang='lat' dir='ltr'><strong>ad</strong></span> 
     </span>
     <span class='ocr_line' id='line_1_32' title="bbox 83 2410 1785 2463; baseline 0 -14"><span class='ocrx_word' id='word_1_228' title='bbox 83 2411 297 2463; x_wconf 84' lang='lat' dir='ltr'><strong>implenda</strong></span> <span class='ocrx_word' id='word_1_229' title='bbox 341 2411 480 2451; x_wconf 87' lang='lat' dir='ltr'><strong>officia</strong></span> <span class='ocrx_word' id='word_1_230' title='bbox 517 2412 640 2451; x_wconf 88' lang='lat' dir='ltr'><strong>nobis</strong></span> <span class='ocrx_word' id='word_1_231' title='bbox 674 2412 909 2451; x_wconf 88' lang='lat' dir='ltr'><strong>necessaria</strong></span> <span class='ocrx_word' id='word_1_232' title='bbox 954 2420 1071 2459; x_wconf 86' lang='lat' dir='ltr'><strong>sunt;</strong></span> <span class='ocrx_word' id='word_1_233' title='bbox 1119 2411 1301 2463; x_wconf 87' lang='lat' dir='ltr'><strong>seposito</strong></span> <span class='ocrx_word' id='word_1_234' title='bbox 1334 2425 1434 2450; x_wconf 90' lang='lat' dir='ltr'><strong>vero</strong></span> <span class='ocrx_word' id='word_1_235' title='bbox 1469 2410 1549 2450; x_wconf 91' lang='lat' dir='ltr'><strong>hoc</strong></span> <span class='ocrx_word' id='word_1_236' title='bbox 1593 2419 1785 2462; x_wconf 87' lang='lat' dir='ltr'><strong>respectu</strong></span> 
     </span>
     <span class='ocr_line' id='line_1_33' title="bbox 85 2479 1782 2532; baseline 0 -16"><span class='ocrx_word' id='word_1_237' title='bbox 85 2479 138 2516; x_wconf 91' lang='lat' dir='ltr'><strong>ad</strong></span> <span class='ocrx_word' id='word_1_238' title='bbox 160 2479 351 2518; x_wconf 91' lang='lat' dir='ltr'><strong>ordinem</strong></span> <span class='ocrx_word' id='word_1_239' title='bbox 384 2479 583 2519; x_wconf 88' lang='lat' dir='ltr'><strong>moralem</strong></span> <span class='ocrx_word' id='word_1_240' title='bbox 605 2480 879 2532; x_wconf 86' lang='lat' dir='ltr'><strong>temporalem</strong></span> <span class='ocrx_word' id='word_1_241' title='bbox 902 2479 1225 2532; x_wconf 89' lang='lat' dir='ltr'><strong>prosperitatem</strong></span> <span class='ocrx_word' id='word_1_242' title='bbox 1249 2492 1447 2531; x_wconf 89' lang='lat' dir='ltr'><strong>quaerere</strong></span> <span class='ocrx_word' id='word_1_243' title='bbox 1472 2492 1556 2517; x_wconf 93' lang='lat' dir='ltr'><strong>non</strong></span> <span class='ocrx_word' id='word_1_244' title='bbox 1581 2486 1782 2527; x_wconf 84' lang='lat' dir='ltr'><strong>tenemur,</strong></span> 
     </span>
     <span class='ocr_line' id='line_1_34' title="bbox 85 2546 1174 2600; baseline 0.002 -16"><span class='ocrx_word' id='word_1_245' title='bbox 85 2546 210 2584; x_wconf 90' lang='lat' dir='ltr'><strong>immo</strong></span> <span class='ocrx_word' id='word_1_246' title='bbox 243 2548 474 2598; x_wconf 85' lang='lat' dir='ltr'><strong>generatim</strong></span> <span class='ocrx_word' id='word_1_247' title='bbox 508 2547 692 2586; x_wconf 89' lang='lat' dir='ltr'><strong>nobilius</strong></span> <span class='ocrx_word' id='word_1_248' title='bbox 726 2555 790 2587; x_wconf 90' lang='lat' dir='ltr'><strong>est</strong></span> <span class='ocrx_word' id='word_1_249' title='bbox 822 2562 913 2586; x_wconf 87' lang='lat' dir='ltr'><strong>eam</strong></span> <span class='ocrx_word' id='word_1_250' title='bbox 947 2548 1174 2600; x_wconf 85' lang='lat' dir='ltr'><strong>neglegere</strong></span> 
     </span>
    </p>
   </div>
   <div class='ocr_carea' id='block_1_3' title="bbox 160 2620 1443 2673">
    <p class='ocr_par' dir='ltr' id='par_1_16' title="bbox 160 2620 1443 2673">
     <span class='ocr_line' id='line_1_35' title="bbox 160 2620 1443 2673; baseline 0 -15"><span class='ocrx_word' id='word_1_251' title='bbox 160 2620 228 2659; x_wconf 90' lang='lat' dir='ltr'><strong>LI.</strong></span> <span class='ocrx_word' id='word_1_252' title='bbox 271 2621 459 2659; x_wconf 92' lang='lat' dir='ltr'><strong>Tenetur</strong></span> <span class='ocrx_word' id='word_1_253' title='bbox 490 2621 617 2660; x_wconf 89' lang='lat' dir='ltr'><strong>homo</strong></span> <span class='ocrx_word' id='word_1_254' title='bbox 651 2636 788 2661; x_wconf 89' lang='lat' dir='ltr'><strong>amare</strong></span> <span class='ocrx_word' id='word_1_255' title='bbox 820 2622 1057 2673; x_wconf 84' lang='lat' dir='ltr'><strong>proximum</strong></span> <span class='ocrx_word' id='word_1_256' title='bbox 1090 2621 1197 2660; x_wconf 91' lang='lat' dir='ltr'><strong>sicut</strong></span> <span class='ocrx_word' id='word_1_257' title='bbox 1230 2635 1274 2659; x_wconf 91' lang='lat' dir='ltr'><strong>se</strong></span> <span class='ocrx_word' id='word_1_258' title='bbox 1308 2622 1443 2673; x_wconf 88' lang='lat' dir='ltr'><strong>ipsum</strong></span> 
     </span>
    </p>
   </div>
   <div class='ocr_carea' id='block_1_4' title="bbox 84 2694 1784 2816">
    <p class='ocr_par' dir='ltr' id='par_1_17' title="bbox 84 2694 1784 2816">
     <span class='ocr_line' id='line_1_36' title="bbox 158 2694 1784 2750; baseline 0.001 -19"><span class='ocrx_word' id='word_1_259' title='bbox 158 2694 248 2733; x_wconf 91' lang='lat' dir='ltr'>LII.</span> <span class='ocrx_word' id='word_1_260' title='bbox 291 2695 561 2735; x_wconf 90' lang='lat' dir='ltr'><strong>Mendacium</strong></span> <span class='ocrx_word' id='word_1_261' title='bbox 593 2696 678 2749; x_wconf 90' lang='lat' dir='ltr'><strong>legi</strong></span> <span class='ocrx_word' id='word_1_262' title='bbox 712 2697 887 2735; x_wconf 87' lang='lat' dir='ltr'><strong>naturali</strong></span> <span class='ocrx_word' id='word_1_263' title='bbox 920 2703 1152 2750; x_wconf 81' lang='lat' dir='ltr'><strong>repugnat3</strong></span> <span class='ocrx_word' id='word_1_264' title='bbox 1195 2696 1487 2748; x_wconf 84' lang='lat' dir='ltr'><strong>aequivocatio</strong></span> <span class='ocrx_word' id='word_1_265' title='bbox 1521 2709 1619 2734; x_wconf 86' lang='lat' dir='ltr'><strong>vero</strong></span> <span class='ocrx_word' id='word_1_266' title='bbox 1653 2703 1694 2734; x_wconf 91' lang='lat' dir='ltr'><strong>et</strong></span> <span class='ocrx_word' id='word_1_267' title='bbox 1725 2709 1784 2734; x_wconf 93' lang='lat' dir='ltr'><strong>re-</strong></span> 
     </span>
     <span class='ocr_line' id='line_1_37' title="bbox 84 2760 1301 2816; baseline 0.003 -18"><span class='ocrx_word' id='word_1_268' title='bbox 84 2760 241 2800; x_wconf 89' lang='lat' dir='ltr'><strong>strictio</strong></span> <span class='ocrx_word' id='word_1_269' title='bbox 274 2775 359 2801; x_wconf 91' lang='lat' dir='ltr'><strong>non</strong></span> <span class='ocrx_word' id='word_1_270' title='bbox 391 2776 494 2814; x_wconf 91' lang='lat' dir='ltr'><strong>pure</strong></span> <span class='ocrx_word' id='word_1_271' title='bbox 527 2764 721 2804; x_wconf 90' lang='lat' dir='ltr'><strong>mentalis</strong></span> <span class='ocrx_word' id='word_1_272' title='bbox 754 2778 832 2816; x_wconf 89' lang='lat' dir='ltr'><strong>per</strong></span> <span class='ocrx_word' id='word_1_273' title='bbox 864 2778 907 2804; x_wconf 88' lang='lat' dir='ltr'><strong>se</strong></span> <span class='ocrx_word' id='word_1_274' title='bbox 941 2764 1087 2802; x_wconf 90' lang='lat' dir='ltr'><strong>illicita</strong></span> <span class='ocrx_word' id='word_1_275' title='bbox 1120 2777 1205 2802; x_wconf 91' lang='lat' dir='ltr'><strong>non</strong></span> <span class='ocrx_word' id='word_1_276' title='bbox 1239 2771 1301 2802; x_wconf 90' lang='lat' dir='ltr'><strong>est</strong></span> 
     </span>
    </p>
   </div>
   <div class='ocr_carea' id='block_1_5' title="bbox 86 2836 1785 2958">
    <p class='ocr_par' dir='ltr' id='par_1_18' title="bbox 86 2836 1785 2958">
     <span class='ocr_line' id='line_1_38' title="bbox 158 2836 1785 2890; baseline 0.001 -17"><span class='ocrx_word' id='word_1_277' title='bbox 158 2836 271 2875; x_wconf 91' lang='lat' dir='ltr'>LIII.</span> <span class='ocrx_word' id='word_1_278' title='bbox 318 2837 490 2877; x_wconf 88' lang='lat' dir='ltr'><strong>Servato</strong></span> <span class='ocrx_word' id='word_1_279' title='bbox 524 2839 811 2877; x_wconf 91' lang='lat' dir='ltr'><strong>moderamine</strong></span> <span class='ocrx_word' id='word_1_280' title='bbox 845 2839 1084 2890; x_wconf 85' lang='lat' dir='ltr'><strong>inculpatae</strong></span> <span class='ocrx_word' id='word_1_281' title='bbox 1119 2838 1272 2877; x_wconf 89' lang='lat' dir='ltr'><strong>tutelae</strong></span> <span class='ocrx_word' id='word_1_282' title='bbox 1305 2838 1402 2876; x_wconf 91' lang='lat' dir='ltr'><strong>licet</strong></span> <span class='ocrx_word' id='word_1_283' title='bbox 1435 2845 1608 2876; x_wconf 91' lang='lat' dir='ltr'><strong>cruente</strong></span> <span class='ocrx_word' id='word_1_284' title='bbox 1642 2844 1785 2876; x_wconf 88' lang='lat' dir='ltr'><strong>contra</strong></span> 
     </span>
     <span class='ocr_line' id='line_1_39' title="bbox 86 2902 1784 2958; baseline 0.002 -19"><span class='ocrx_word' id='word_1_285' title='bbox 86 2902 280 2941; x_wconf 88' lang='lat' dir='ltr'><strong>iniustam</strong></span> <span class='ocrx_word' id='word_1_286' title='bbox 313 2906 630 2957; x_wconf 85' lang='lat' dir='ltr'><strong>aggressionem</strong></span> <span class='ocrx_word' id='word_1_287' title='bbox 663 2920 707 2945; x_wconf 89' lang='lat' dir='ltr'><strong>se</strong></span> <span class='ocrx_word' id='word_1_288' title='bbox 737 2907 965 2945; x_wconf 85' lang='lat' dir='ltr'><strong>defendere</strong></span> <span class='ocrx_word' id='word_1_289' title='bbox 998 2920 1127 2958; x_wconf 86' lang='lat' dir='ltr'><strong>usque</strong></span> <span class='ocrx_word' id='word_1_290' title='bbox 1161 2906 1214 2944; x_wconf 92' lang='lat' dir='ltr'><strong>ad</strong></span> <span class='ocrx_word' id='word_1_291' title='bbox 1236 2905 1493 2958; x_wconf 89' lang='lat' dir='ltr'><strong>aggressoris</strong></span> <span class='ocrx_word' id='word_1_292' title='bbox 1527 2904 1784 2944; x_wconf 89' lang='lat' dir='ltr'><strong>occisionem</strong></span> 
     </span>
    </p>
   </div>
   <div class='ocr_carea' id='block_1_6' title="bbox 84 2984 1784 3093">
    <p class='ocr_par' dir='ltr' id='par_1_19' title="bbox 84 2984 1784 3093">
     <span class='ocr_line' id='line_1_40' title="bbox 158 2984 1784 3039; baseline 0.001 -17"><span class='ocrx_word' id='word_1_293' title='bbox 158 2984 269 3023; x_wconf 92' lang='lat' dir='ltr'>LIV.</span> <span class='ocrx_word' id='word_1_294' title='bbox 303 2986 499 3025; x_wconf 90' lang='lat' dir='ltr'><strong>Illicitum</strong></span> <span class='ocrx_word' id='word_1_295' title='bbox 533 2994 593 3026; x_wconf 93' lang='lat' dir='ltr'><strong>est</strong></span> <span class='ocrx_word' id='word_1_296' title='bbox 626 2987 679 3025; x_wconf 90' lang='lat' dir='ltr'><strong>ad</strong></span> <span class='ocrx_word' id='word_1_297' title='bbox 712 2988 844 3026; x_wconf 86' lang='lat' dir='ltr'><strong>famae</strong></span> <span class='ocrx_word' id='word_1_298' title='bbox 878 2995 919 3026; x_wconf 92' lang='lat' dir='ltr'><strong>et</strong></span> <span class='ocrx_word' id='word_1_299' title='bbox 950 2987 1123 3026; x_wconf 89' lang='lat' dir='ltr'><strong>honoris</strong></span> <span class='ocrx_word' id='word_1_300' title='bbox 1146 2988 1304 3039; x_wconf 90' lang='lat' dir='ltr'><strong>proprii</strong></span> <span class='ocrx_word' id='word_1_301' title='bbox 1338 2987 1628 3025; x_wconf 87' lang='lat' dir='ltr'><strong>defensionem</strong></span> <span class='ocrx_word' id='word_1_302' title='bbox 1661 2986 1784 3024; x_wconf 91' lang='lat' dir='ltr'><strong>alium</strong></span> 
     </span>
     <span class='ocr_line' id='line_1_41' title="bbox 84 3051 629 3093; baseline 0.007 -4"><span class='ocrx_word' id='word_1_303' title='bbox 84 3051 304 3091; x_wconf 89' lang='lat' dir='ltr'><strong>vulnerare</strong></span> <span class='ocrx_word' id='word_1_304' title='bbox 336 3053 404 3091; x_wconf 82' lang='lat' dir='ltr'><strong>vel</strong></span> <span class='ocrx_word' id='word_1_305' title='bbox 436 3054 629 3093; x_wconf 90' lang='lat' dir='ltr'><strong>occidere</strong></span> 
     </span>
    </p>
   </div>
   <div class='ocr_carea' id='block_1_7' title="bbox 159 3133 1112 3188">
    <p class='ocr_par' dir='ltr' id='par_1_20' title="bbox 159 3133 1112 3188">
     <span class='ocr_line' id='line_1_42' title="bbox 159 3133 1112 3188; baseline 0.004 -18"><span class='ocrx_word' id='word_1_306' title='bbox 159 3133 247 3173; x_wconf 94' lang='lat' dir='ltr'><strong>LV.</strong></span> <span class='ocrx_word' id='word_1_307' title='bbox 282 3134 482 3173; x_wconf 90' lang='lat' dir='ltr'><strong>Duellum</strong></span> <span class='ocrx_word' id='word_1_308' title='bbox 514 3135 598 3187; x_wconf 88' lang='lat' dir='ltr'><strong>legi</strong></span> <span class='ocrx_word' id='word_1_309' title='bbox 634 3136 810 3174; x_wconf 89' lang='lat' dir='ltr'><strong>naturali</strong></span> <span class='ocrx_word' id='word_1_310' title='bbox 842 3144 1052 3188; x_wconf 89' lang='lat' dir='ltr'><strong>repugnat</strong></span> <span class='ocrx_word' id='word_1_311' title='bbox 1105 3167 1112 3174; x_wconf 91' lang='lat'><strong>.</strong></span> 
     </span>
    </p>
   </div>
   <div class='ocr_carea' id='block_1_8' title="bbox 85 3214 1784 3404">
    <p class='ocr_par' dir='ltr' id='par_1_21' title="bbox 85 3214 1784 3404">
     <span class='ocr_line' id='line_1_43' title="bbox 159 3214 1780 3256; baseline 0.001 -5"><span class='ocrx_word' id='word_1_312' title='bbox 159 3214 271 3253; x_wconf 89' lang='lat' dir='ltr'>LVI.</span> <span class='ocrx_word' id='word_1_313' title='bbox 307 3215 454 3254; x_wconf 87' lang='lat' dir='ltr'><strong>Omnis</strong></span> <span class='ocrx_word' id='word_1_314' title='bbox 477 3216 603 3255; x_wconf 93' lang='lat' dir='ltr'><strong>homo</strong></span> <span class='ocrx_word' id='word_1_315' title='bbox 636 3217 723 3256; x_wconf 89' lang='lat' dir='ltr'><strong>iure</strong></span> <span class='ocrx_word' id='word_1_316' title='bbox 756 3224 929 3256; x_wconf 90' lang='lat' dir='ltr'><strong>naturae</strong></span> <span class='ocrx_word' id='word_1_317' title='bbox 963 3218 1019 3256; x_wconf 82' lang='lat' dir='ltr'><strong>ita</strong></span> <span class='ocrx_word' id='word_1_318' title='bbox 1052 3217 1094 3254; x_wconf 93' lang='lat' dir='ltr'><strong>in</strong></span> <span class='ocrx_word' id='word_1_319' title='bbox 1128 3217 1360 3256; x_wconf 86' lang='lat' dir='ltr'><strong>actionibus</strong></span> <span class='ocrx_word' id='word_1_320' title='bbox 1393 3217 1477 3255; x_wconf 91' lang='lat' dir='ltr'><strong>suis</strong></span> <span class='ocrx_word' id='word_1_321' title='bbox 1512 3216 1694 3254; x_wconf 85' lang='lat' dir='ltr'><strong>externis</strong></span> <span class='ocrx_word' id='word_1_322' title='bbox 1728 3215 1780 3252; x_wconf 89' lang='lat' dir='ltr'><strong>ab</strong></span> 
     </span>
     <span class='ocr_line' id='line_1_44' title="bbox 85 3279 1784 3336; baseline 0.002 -19"><span class='ocrx_word' id='word_1_323' title='bbox 85 3279 177 3318; x_wconf 90' lang='lat' dir='ltr'><strong>aliis</strong></span> <span class='ocrx_word' id='word_1_324' title='bbox 211 3288 273 3319; x_wconf 89' lang='lat' dir='ltr'><strong>est</strong></span> <span class='ocrx_word' id='word_1_325' title='bbox 306 3281 612 3334; x_wconf 88' lang='lat' dir='ltr'><strong>independens,</strong></span> <span class='ocrx_word' id='word_1_326' title='bbox 648 3291 692 3322; x_wconf 90' lang='lat' dir='ltr'><strong>ut</strong></span> <span class='ocrx_word' id='word_1_327' title='bbox 726 3297 851 3323; x_wconf 91' lang='lat' dir='ltr'><strong>nemo</strong></span> <span class='ocrx_word' id='word_1_328' title='bbox 884 3285 965 3323; x_wconf 90' lang='lat' dir='ltr'><strong>nisi</strong></span> <span class='ocrx_word' id='word_1_329' title='bbox 990 3291 1198 3336; x_wconf 90' lang='lat' dir='ltr'><strong>potestate</strong></span> <span class='ocrx_word' id='word_1_330' title='bbox 1221 3284 1405 3335; x_wconf 88' lang='lat' dir='ltr'><strong>legitima</strong></span> <span class='ocrx_word' id='word_1_331' title='bbox 1440 3283 1664 3321; x_wconf 85' lang='lat' dir='ltr'><strong>instructus</strong></span> <span class='ocrx_word' id='word_1_332' title='bbox 1699 3282 1784 3320; x_wconf 91' lang='lat' dir='ltr'><strong>eius</strong></span> 
     </span>
     <span class='ocr_line' id='line_1_45' title="bbox 86 3346 1279 3404; baseline 0.004 -20"><span class='ocrx_word' id='word_1_333' title='bbox 86 3346 293 3386; x_wconf 86' lang='lat' dir='ltr'><strong>actionem</strong></span> <span class='ocrx_word' id='word_1_334' title='bbox 326 3348 506 3401; x_wconf 88' lang='lat' dir='ltr'><strong>aliquam</strong></span> <span class='ocrx_word' id='word_1_335' title='bbox 538 3352 705 3402; x_wconf 85' lang='lat' dir='ltr'><strong>exigere</strong></span> <span class='ocrx_word' id='word_1_336' title='bbox 737 3351 804 3390; x_wconf 90' lang='lat' dir='ltr'><strong>vel</strong></span> <span class='ocrx_word' id='word_1_337' title='bbox 837 3352 876 3390; x_wconf 93' lang='lat' dir='ltr'><strong>vi</strong></span> <span class='ocrx_word' id='word_1_338' title='bbox 910 3352 1114 3404; x_wconf 86' lang='lat' dir='ltr'><strong>impedire</strong></span> <span class='ocrx_word' id='word_1_339' title='bbox 1146 3352 1279 3403; x_wconf 88' lang='lat' dir='ltr'><strong>possit</strong></span> 
     </span>
    </p>
   </div>
   <div class='ocr_carea' id='block_1_9' title="bbox 1907 163 2004 293">
    <p class='ocr_par' dir='ltr' id='par_1_22' title="bbox 1907 163 2004 293">
     <span class='ocr_line' id='line_1_46' title="bbox 1924 163 2004 200; baseline 0 0"><span class='ocrx_word' id='word_1_340' title='bbox 1924 163 2004 200; x_wconf 92' lang='lat' dir='ltr'>XV</span> 
     </span>
     <span class='ocr_line' id='line_1_47' title="bbox 1907 253 2000 293; baseline 0.011 -9"><span class='ocrx_word' id='word_1_341' title='bbox 1907 253 2000 293; x_wconf 74' lang='lat' dir='ltr'><strong>pag.</strong></span> 
     </span>
    </p>
   </div>
   <div class='ocr_carea' id='block_1_10' title="bbox 1924 368 2003 416">
    <p class='ocr_par' dir='ltr' id='par_1_23' title="bbox 1924 368 2003 416">
     <span class='ocr_line' id='line_1_48' title="bbox 1924 368 2003 416; baseline 0 -10"><span class='ocrx_word' id='word_1_342' title='bbox 1924 368 2003 416; x_wconf 83' lang='lat'><strong>184</strong></span> 
     </span>
    </p>
   </div>
   <div class='ocr_carea' id='block_1_11' title="bbox 1922 509 2000 558">
    <p class='ocr_par' dir='ltr' id='par_1_24' title="bbox 1922 509 2000 558">
     <span class='ocr_line' id='line_1_49' title="bbox 1922 509 2000 558; baseline 0.013 -13"><span class='ocrx_word' id='word_1_343' title='bbox 1922 509 2000 558; x_wconf 85' lang='lat'><strong>189</strong></span> 
     </span>
    </p>
   </div>
   <div class='ocr_carea' id='block_1_12' title="bbox 1920 794 1998 834">
    <p class='ocr_par' dir='ltr' id='par_1_25' title="bbox 1920 794 1998 834">
     <span class='ocr_line' id='line_1_50' title="bbox 1920 794 1998 834; baseline 0 0"><span class='ocrx_word' id='word_1_344' title='bbox 1920 794 1998 834; x_wconf 80' lang='grc' dir='ltr'><strong>Ι93</strong></span> 
     </span>
    </p>
   </div>
   <div class='ocr_carea' id='block_1_13' title="bbox 1921 932 1997 974">
    <p class='ocr_par' dir='ltr' id='par_1_26' title="bbox 1921 932 1997 974">
     <span class='ocr_line' id='line_1_51' title="bbox 1921 932 1997 974; baseline 0.013 -1"><span class='ocrx_word' id='word_1_345' title='bbox 1921 932 1997 974; x_wconf 88' lang='grc' dir='ltr'><strong>Ι95</strong></span> 
     </span>
    </p>
   </div>
   <div class='ocr_carea' id='block_1_14' title="bbox 1920 1144 1998 1182">
    <p class='ocr_par' dir='ltr' id='par_1_27' title="bbox 1920 1144 1998 1182">
     <span class='ocr_line' id='line_1_52' title="bbox 1920 1144 1998 1182; baseline 0.013 -1"><span class='ocrx_word' id='word_1_346' title='bbox 1920 1144 1998 1182; x_wconf 90' lang='grc' dir='ltr'><strong>Ι99</strong></span> 
     </span>
    </p>
   </div>
   <div class='ocr_carea' id='block_1_15' title="bbox 1910 1276 1998 2166">
    <p class='ocr_par' dir='ltr' id='par_1_28' title="bbox 1910 1276 1998 2166">
     <span class='ocr_line' id='line_1_53' title="bbox 1914 1276 1998 1314; baseline 0.012 -1"><span class='ocrx_word' id='word_1_347' title='bbox 1914 1276 1998 1314; x_wconf 85' lang='lat'><strong>206</strong></span> 
     </span>
     <span class='ocr_line' id='line_1_54' title="bbox 1913 1360 1994 1400; baseline 0.012 -13"><span class='ocrx_word' id='word_1_348' title='bbox 1913 1360 1994 1400; x_wconf 85' lang='lat'><strong>213</strong></span> 
     </span>
     <span class='ocr_line' id='line_1_55' title="bbox 1914 1568 1997 1609; baseline -0.012 -11"><span class='ocrx_word' id='word_1_349' title='bbox 1914 1568 1997 1609; x_wconf 89' lang='lat'><strong>217</strong></span> 
     </span>
     <span class='ocr_line' id='line_1_56' title="bbox 1910 1711 1992 1749; baseline 0 -11"><span class='ocrx_word' id='word_1_350' title='bbox 1910 1711 1992 1749; x_wconf 85' lang='lat'><strong>219</strong></span> 
     </span>
     <span class='ocr_line' id='line_1_57' title="bbox 1911 1852 1993 1893; baseline 0 -13"><span class='ocrx_word' id='word_1_351' title='bbox 1911 1852 1993 1893; x_wconf 88' lang='lat'><strong>223</strong></span> 
     </span>
     <span class='ocr_line' id='line_1_58' title="bbox 1913 1993 1993 2036; baseline 0 -14"><span class='ocrx_word' id='word_1_352' title='bbox 1913 1993 1993 2036; x_wconf 88' lang='lat'><strong>225</strong></span> 
     </span>
     <span class='ocr_line' id='line_1_59' title="bbox 1910 2127 1994 2166; baseline 0.024 -2"><span class='ocrx_word' id='word_1_353' title='bbox 1910 2127 1994 2166; x_wconf 86' lang='lat'><strong>226</strong></span> 
     </span>
    </p>
   </div>
   <div class='ocr_carea' id='block_1_16' title="bbox 1911 2280 1995 2320">
    <p class='ocr_par' dir='ltr' id='par_1_29' title="bbox 1911 2280 1995 2320">
     <span class='ocr_line' id='line_1_60' title="bbox 1911 2280 1995 2320; baseline 0 -13"><span class='ocrx_word' id='word_1_354' title='bbox 1911 2280 1995 2320; x_wconf 87' lang='lat'><strong>230</strong></span> 
     </span>
    </p>
   </div>
   <div class='ocr_carea' id='block_1_17' title="bbox 1910 2558 1992 2672">
    <p class='ocr_par' dir='ltr' id='par_1_30' title="bbox 1910 2558 1992 2672">
     <span class='ocr_line' id='line_1_61' title="bbox 1910 2558 1987 2598; baseline -0.013 -12"><span class='ocrx_word' id='word_1_355' title='bbox 1910 2558 1987 2598; x_wconf 86' lang='lat'><strong>231</strong></span> 
     </span>
     <span class='ocr_line' id='line_1_62' title="bbox 1910 2631 1992 2672; baseline 0.012 -1"><span class='ocrx_word' id='word_1_356' title='bbox 1910 2631 1992 2672; x_wconf 85' lang='lat'><strong>233</strong></span> 
     </span>
    </p>
   </div>
   <div class='ocr_carea' id='block_1_18' title="bbox 1907 2773 1992 3101">
    <p class='ocr_par' dir='ltr' id='par_1_31' title="bbox 1907 2773 1992 3101">
     <span class='ocr_line' id='line_1_63' title="bbox 1909 2773 1992 2813; baseline -0.024 0"><span class='ocrx_word' id='word_1_357' title='bbox 1909 2773 1992 2813; x_wconf 85' lang='lat'><strong>234</strong></span> 
     </span>
     <span class='ocr_line' id='line_1_64' title="bbox 1908 2914 1986 2953; baseline 0.013 -12"><span class='ocrx_word' id='word_1_358' title='bbox 1908 2914 1986 2953; x_wconf 87' lang='lat'><strong>241</strong></span> 
     </span>
     <span class='ocr_line' id='line_1_65' title="bbox 1907 3061 1988 3101; baseline 0.012 -1"><span class='ocrx_word' id='word_1_359' title='bbox 1907 3061 1988 3101; x_wconf 85' lang='lat'><strong>247</strong></span> 
     </span>
    </p>
   </div>
   <div class='ocr_carea' id='block_1_19' title="bbox 1906 3134 1989 3183">
    <p class='ocr_par' dir='ltr' id='par_1_32' title="bbox 1906 3134 1989 3183">
     <span class='ocr_line' id='line_1_66' title="bbox 1906 3134 1989 3183; baseline 0.012 -12"><span class='ocrx_word' id='word_1_360' title='bbox 1906 3134 1989 3183; x_wconf 83' lang='lat'><strong>248</strong></span> 
     </span>
    </p>
   </div>
   <div class='ocr_carea' id='block_1_20' title="bbox 1908 3358 1990 3400">
    <p class='ocr_par' dir='ltr' id='par_1_33' title="bbox 1908 3358 1990 3400">
     <span class='ocr_line' id='line_1_67' title="bbox 1908 3358 1990 3400; baseline -0.012 0"><span class='ocrx_word' id='word_1_361' title='bbox 1908 3358 1990 3400; x_wconf 89' lang='lat'><strong>253</strong></span> 
     </span>
    </p>
   </div>
  </div>
 </body>
</html>
