2182 3682
627 178 779 208 CAPUT
811 178 874 208 vr.
925 178 987 206 DE
1020 178 1352 207 CONSCIENTIA.
1841 168 1940 231 169

776 312 1103 352 ARTICULUS
1137 313 1212 353 III.

221 411 312 456 DE
349 410 553 456 MODO
592 409 996 456 DEPONENDI
1033 409 1308 455 DUBIUM
1344 409 1761 456 PRACTICUM.

709 539 976 588 THESIS
1012 541 1266 587 XXXIV.

47 647 190 698 204.
272 644 361 690 Ad
398 645 637 691 honeste
664 644 946 704 agendum
973 643 1179 691 sufficit
1203 643 1475 691 iudicium
1503 650 1789 691 remotum
1816 659 1941 704 pro-

43 718 223 766 babile
260 719 330 765 de
366 717 600 765 actionis
637 718 961 774 honestate,
1013 717 1108 764 ubi
1145 719 1215 765 de
1252 718 1373 765 solo
1422 717 1571 766 licito
1619 718 1709 765 vel
1754 718 1942 766 illicito

45 792 239 854 agitur.

45 893 303 947 (Laymann,
337 895 486 933 Theol.
522 908 625 934 mor.
662 894 686 934 l.
728 906 760 942 1,
797 902 846 934 tr.
887 906 919 943 1,
956 909 990 934 c.
1030 904 1065 946 5.
1110 896 1532 935 BaHerhzi-Palmieri
1561 896 1585 934 l.
1611 911 1646 936 c.
1680 911 1720 949 p.
1752 905 1831 948 159
1854 911 1942 949 sqq.

42 962 294 1009 Lehmkulzl,
332 961 482 1000 Theol.
518 975 620 1000 mor.
655 962 685 1009 Ι,
722 975 761 1000 n.
799 971 851 1011 79
876 975 936 1014 sq.
999 963 1182 1009 Νοίιίίιι,
1223 962 1503 1012 Quaestiones
1537 963 1715 1002 morales
1750 965 1802 1003 de
1834 964 1944 1016 prin-

48 1028 164 1081 cipiis
197 1028 439 1068 moralitatis
473 1042 513 1067 n.
554 1038 647 1066 101.
702 1029 931 1076 Lez'mbach,
966 1029 1348 1082 Untersuchungen
1382 1029 1486 1068 uber
1518 1031 1583 1069 die
1615 1031 1946 1070 verschiedenen

44 1095 373 1148 Moralsysteme.
437 1095 616 1144 Arendt,
665 1095 970 1147 Apologeticae
1014 1095 1066 1133 de
1114 1096 1444 1147 aequiprobabil.
1491 1097 1701 1149 Alphons.
1747 1112 1769 1136 a
1814 1099 1857 1137 P.
1892 1099 1944 1137 de

215 1163 375 1215 Caigny
407 1170 598 1201 exaratae
633 1162 760 1201 crisis.
826 1163 884 1201 Le
916 1163 1113 1209 Baclaelet,
1148 1163 1208 1201 La
1241 1164 1432 1215 question
1466 1163 1782 1216 Liguorienne.)

115 1262 203 1315 St.
248 1262 324 1330 Q.
388 1279 428 1315 Ι.
473 1263 608 1314 Cum
637 1265 748 1314 sine
776 1265 972 1315 iudicio
1015 1264 1460 1332 ultimo-practico
1502 1266 1770 1317 moraliter
1797 1276 1943 1318 certo

7 1357 132 1397 'seu
174 1364 295 1397 cum
337 1346 503 1396 dubio
546 1347 614 1396 de
642 1347 864 1396 actionis
904 1347 1187 1397 honestate
1227 1364 1387 1414 agere
1428 1366 1535 1398 non
1576 1348 1745 1411 liceat,
1790 1367 1943 1416 quae-

17 1430 180 1489 ¹ritur,
224 1429 502 1494 quomodo
544 1428 648 1478 tale
690 1429 913 1479 dubium
951 1429 1150 1496 deponi
1192 1430 1374 1496 possit.
1431 1431 1628 1481 Modus
1668 1433 1944 1497 proximus

38 1519 90 1561 et
140 1511 373 1560 directus
425 1511 666 1560 consistit
717 1511 768 1560 in
823 1511 1191 1561 examinandis
1243 1513 1570 1577 praemissis,
1627 1531 1695 1563 ex
1748 1515 1942 1580 quibus

38 1593 305 1643 dictamen
334 1592 555 1642 dubium
582 1593 834 1658 sequitur.
893 1592 1035 1658 Quid
1064 1602 1257 1654 autem,
1301 1595 1342 1643 si
1371 1596 1530 1644 etiam
1558 1613 1588 1644 a
1615 1597 1943 1662 sapientibus

41 1674 279 1741 diligenti
320 1675 745 1724 consideratione
774 1675 996 1725 dubium
1031 1677 1296 1725 removeri
1324 1678 1519 1742 nequit,
1562 1678 1791 1744 ideoque
1832 1687 1943 1729 tum

41 1757 303 1807 sententia
342 1756 610 1806 affirmans
650 1757 1014 1807 exsistentiam
1066 1757 1198 1823 legis
1249 1765 1361 1807 tum
1403 1761 1663 1810 sententia
1703 1777 1821 1810 eam
1861 1779 1944 1811 ne-

43 1855 174 1904 gans
202 1838 513 1904 probabilis
553 1847 659 1900 est,
712 1839 741 1889 i.
786 1857 830 1889 e.
885 1840 1030 1905 gravi
1071 1840 1273 1889 motivo
1315 1841 1518 1903 innixa,
1576 1843 1723 1908 quod
1767 1852 1945 1893 tamen

43 1937 150 1970 non
210 1937 370 1970 omne
433 1920 655 1970 dubium
721 1921 957 1987 prudens
1023 1920 1310 1972 excludat?
1405 1924 1462 1972 In
1530 1924 1634 1974 hoc
1695 1925 1945 1975 conflictu

44 2003 383 2070 opinionum:

123 2094 170 2156 Ι)
212 2092 296 2142 alii
336 2092 678 2157 (Iansenistae
727 2094 972 2159 quidam,
1027 2101 1084 2144 ut
1126 2094 1453 2159 Sl'lmicln'zes·)
1507 2103 1696 2162 putant
1735 2114 1947 2164 semper

18 2175 290 2225 tutiorem
324 2175 646 2241 opinionem,
690 2176 718 2224 i.
752 2193 794 2225 e.
828 2193 965 2242 quae
1006 2175 1111 2242 legi
1154 2177 1308 2238 favet,
1353 2195 1468 2227 esse
1497 2178 1942 2244 amplectendam,

43 2256 295 2323 quamdiu
346 2258 596 2323 opposita
650 2274 757 2307 non
813 2258 878 2307 sit
931 2265 1074 2308 certa
1127 2257 1485 2319 (lull‘m‘ismns
1537 2261 1806 2311 absolutus
1856 2279 1945 2311 scu

45 2338 391 2404 rigorismus)
407 2358 427 2402 ,·

120 2428 171 2493 2)
212 2426 297 2477 alii
325 2426 568 2489 (Hem‘z'c.
614 2446 648 2477 a
679 2428 732 2478 S.
763 2427 1000 2494 sgnatio,
1042 2428 1106 2479 O.
1140 2428 1330 2491 Carm.‚
1376 2430 1516 2481 card.
1556 2430 1751 2481 Gerdz‘l
1787 2430 1944 2500 {Opp

46 2509 164 2571 VII,
206 2509 292 2559 De
332 2518 434 2560 act.
481 2509 623 2560 hum.
669 2528 712 2561 c.
757 2508 826 2578 3])
869 2512 1174 2561 existimant
1214 2513 1414 2562 tamdiu
1456 2514 1703 2564 tutiorem
1744 2523 1949 2580 partem

46 2608 162 2641 esse
216 2591 548 2657 eligendam,
606 2593 861 2658 quamdiu
917 2593 1171 2659 opposita
1226 2611 1335 2643 non
1391 2595 1456 2645 sit
1499 2595 1948 2660 probabilds‘sima

48 2672 401 2737 (tutiom'smus
439 2674 740 2741 mitigatus)
755 2694 775 2738 ,-

123 2762 171 2826 3)
212 2761 298 2812 alii
328 2761 603 2825 (Genetus,
642 2763 740 2813 Tla.
776 2763 1063 2826 Gonzalcz',
1095 2764 1361 2828 Billuarl,
1390 2766 1578 2817 Natal.
1611 2767 1947 2826 Alexander,

51 2841 282 2893 Concz'na
311 2847 426 2911 etc.)
469 2844 668 2895 docent
696 2846 868 2895 minus
909 2854 1076 2896 tutam
1108 2847 1416 2913 opinionem
1456 2865 1582 2914 prae
1623 2851 1813 2899 tutiore
1842 2868 1948 2899 non

45 2941 204 2990 posse
245 2925 382 2992 eligi,
426 2927 521 2977 nisi
562 2926 649 2977 illa
688 2928 755 2977 sit
783 2927 1133 2993 probabilior
1175 2928 1759 2998 sprebabiliorismzls),-

119 3015 174 3080 4)
214 3015 405 3064 iterum
445 3014 529 3065 alii
570 3015 852 3080 (Rassler,
892 3017 961 3067 A.
1004 3016 1202 3083 sllayr,
1229 3017 1300 3088 S.
1343 3019 1672 3084 Alphonsns,
1712 3028 1770 3070 ut
1809 3021 1948 3070 vide-

47 3103 155 3157 tur,
198 3096 248 3146 in
289 3099 584 3163 posteriore
624 3105 826 3160 aetate,
871 3099 1089 3165 eiusque
1130 3100 1394 3166 discipuli)
1436 3102 1579 3151 idem
1619 3102 1945 3168 permittunt,

47 3176 88 3226 si
128 3186 349 3245 utraque
390 3179 571 3245 opinio
611 3180 678 3230 sit
717 3198 882 3246 aeque
923 3181 1012 3230 vel
1034 3181 1167 3246 fere
1207 3199 1372 3248 aeque
1400 3183 1709 3248 probabilis
1749 3183 1947 3250 (aequi-

37 3259 506 3327 probabz'lismus).
574 3261 738 3312 Porro
778 3263 1318 3329 aequiprobabilistae
1358 3273 1485 3314 tunc
1525 3264 1698 3329 solum
1738 3267 1948 3331 permit-

48 3347 166 3390 tunt
203 3343 353 3408 sequi
393 3343 699 3408 opinionem
741 3344 1056 3409 benignam,
1101 3362 1239 3411 quae
1280 3354 1358 3395 est
1400 3345 1506 3395 fere
1546 3362 1716 3412 aeque
1756 3348 1944 3413 proba-
