2182 3682
214 165 314 214 180
604 170 717 200 PARS
752 171 782 201 Ι.
833 169 1146 200 PHILOSOPHIA
1181 169 1388 199 MORALIS
1423 169 1702 200 GENERALIS.

206 307 365 375 plena
415 307 745 358 advertentia
787 316 841 358 et
879 306 1068 373 plenus
1109 323 1422 367 consensu5‚
1466 314 1618 356 actus
1657 322 1766 355 non
1807 313 1988 372 potest
2025 323 2115 357 vo-

207 391 312 441 cari
352 389 613 440 humanus
653 390 749 440 nisi
788 388 1104 456 imperfecto
1145 389 1328 450 modo,
1372 405 1471 439 nec
1508 388 1666 438 decet
1694 387 1925 438 divinam
1967 388 2114 439 boni-

206 482 372 523 tatem
423 481 644 539 propter
694 471 855 522 talem
910 470 1283 537 imperfectum
1325 479 1504 521 actum
1544 470 1815 520 hominem
1858 487 1952 520 sua
1991 472 2115 521 ami-

207 556 328 606 citia
367 564 421 605 et
471 554 576 605 fine
628 554 814 604 ultimo
868 554 1087 620 privare.
1157 552 1267 603 Sed
1309 554 1468 603 etiam
1507 553 1788 619 supposita
1827 552 1985 619 plena
2025 554 2110 604 de·
2164 605 2169 606 ⁷

206 638 518 689 liberatione
569 645 621 688 et
673 653 936 687 consensu
979 635 1256 701 requiritur
1303 636 1370 685 ad
1412 644 1696 702 peccatum
1737 652 1899 702 grave
1939 637 2114 702 gravis

206 721 439 771 materia.
509 719 668 769 Ratio
709 719 850 768 enim
877 735 1034 768 verae
1071 718 1332 768 amicitiae
1361 717 1614 784 postulat,
1657 725 1716 769 ut
1743 735 1850 768 non
1879 719 2116 785 pendeat
2181 705 2182 721 i

207 821 277 853 ex
327 803 485 853 rebus
541 801 829 852 levissimis,
911 800 981 850 Et
1037 808 1180 850 certe
1232 801 1367 850 inter
1418 800 1662 851 homines
1712 816 1836 851 vera
1888 801 2116 852 amicitia

206 903 314 936 non
355 884 575 935 solvitur
614 892 834 950 propter
874 900 986 933 rem
1026 883 1313 933 minimam.

289 966 544 1037 Quaeres)
588 983 855 1033 quaenam
895 965 1130 1038 vzqg‘eria
1165 965 1367 1031 gravis
1407 965 1625 1034 censeri¹
1651 964 1883 1032 debeat?
1947 965 2110 1032 Resp.

206 1038 482 1101 cumfigi„
510 1049 749 1099 Tlcoma:
816 1036 944 1098 «Ea-
982 1038 1429 1114 materia-*graffiis
1485 1055 1591 1110 est,
1655 1064 1761 1114 qua
1815 1047 2113 1116 laesam-non

206 1141 450 1183 remanet
484 1131 731 1182 subiectio
773 1131 1007 1181 hominis
1047 1130 1127 1180 ad
1147 1130 1324 1180 Deum
1358 1139 1409 1180 et
1431 1131 1634 1195 foedus
1661 1130 1934 1193 menzanae
1959 1122 2115 1193 serie-

203 1216 333 1266 tatis
364 1258 371 1265 .
407 1258 414 1265 .
451 1257 478 1277 .,
521 1215 658 1264 sicut
698 1222 862 1281 patet,
908 1213 1055 1280 quod
1095 1213 1260 1262 homo
1290 1230 1397 1262 non
1426 1221 1608 1279 potest
1636 1213 1817 1263 debite
1846 1213 1967 1263 Deo
1997 1212 2113 1263 esse
2144 1234 2156 1239 ’ἡ

202 1299 496 1359 subiectus,
540 1298 583 1347 si
623 1298 743 1346 Deo
786 1314 893 1346 non
935 1296 1144 1356 credat,
1199 1296 1241 1345 si
1282 1296 1329 1345 ei
1369 1312 1477 1345 non
1518 1296 1801 1357 oboediat,
1846 1304 1899 1346 et
1938 1295 2112 1346 huius·

203 1382 366 1431 modi.
448 1378 698 1430 Similiter
753 1380 910 1429 etiam
968 1379 1197 1429 societas
1253 1378 1518 1428 humanae
1565 1379 1703 1428 vitae
1758 1378 1953 1428 servari
2004 1396 2114 1429 non

200 1472 410 1530 posset,
466 1462 562 1512 nisi
617 1462 902 1528 unicuique
957 1470 1279 1522 servaretur,
1335 1461 1484 1528 quod
1525 1478 1679 1511 suum
1735 1470 1842 1523 est;
1897 1470 1951 1512 et
1989 1461 2112 1511 ideo

202 1546 395 1596 furtum
418 1554 471 1595 et
491 1544 622 1595 aliae
644 1545 850 1611 species
872 1544 1151 1594 iniustitiae
1174 1552 1298 1594 sunt
1320 1552 1543 1610 peccata
1564 1543 1808 1594 mortalia
1829 1561 1898 1593 ex
1912 1561 2114 1610 genere

202 1629 249 1693 (i.
283 1646 326 1678 e.
359 1646 429 1678 ex
457 1628 672 1678 obiecto
701 1626 782 1677 vel
814 1627 1034 1677 materia
1059 1627 1191 1691 sua),
1236 1635 1289 1676 et
1324 1626 1559 1677 similiter
1597 1627 1647 1677 in
1691 1626 1940 1676 omnibus
1985 1626 2111 1678 aliis.

202 1710 280 1761 Ea
319 1728 472 1773 verO,
526 1711 638 1760 sine
686 1710 881 1776 quibus
931 1710 1160 1760 societas
1212 1709 1447 1759 humana
1497 1709 1690 1759 servari
1742 1716 1949 1775 potest,
2004 1726 2112 1759 non

201 1793 399 1844 faciunt
440 1802 721 1859 peccatum
765 1810 881 1842 esse
922 1791 1147 1842 mortale
1189 1809 1258 1841 ex
1299 1808 1511 1858 genere,
1556 1792 1796 1858 quamvis
1836 1792 1996 1842 etiarn
2025 1792 2111 1842 de-

199 1875 381 1926 formis
423 1886 571 1926 actus
611 1877 702 1937 sit,
745 1876 883 1926 sicut
920 1874 1220 1941 superfluus
1260 1873 1416 1924 ludus
1457 1883 1509 1924 et
1550 1874 1746 1941 aliquid
1786 1874 2108 1936 huiusmodi,

199 1968 253 2009 et
281 1958 403 2009 talia
431 1958 678 2009 dicuntur
705 1958 927 2008 venialia
968 1975 1035 2007 ex
1077 1974 1303 2024 genere»
1340 1957 1419 2021 (In
1450 1971 1496 2018 2,
1530 1957 1648 2008 dist.
1678 1970 1766 2019 42,
1798 1974 1847 2023 q,
1888 1971 1928 2019 Ι,
1960 1975 2005 2007 a.
2035 1959 2106 2023 4).

379 2104 407 2160 ξ
441 2118 478 2147 2.
528 2107 608 2145 DE
641 2106 912 2146 PECCATO
947 2105 1385 2145 PHILOSOPHICO
1423 2105 1588 2154 QUOD
1622 2105 1919 2145 VOCATUR.

334 2194 467 2249 (Ῑῖῑά,
501 2197 676 2235 Trutina
709 2196 895 2248 theolog.
932 2195 1036 2234 thes.
1072 2195 1254 2233 damnat.
1290 2208 1331 2246 p.
1368 2204 1415 2244 3:
1451 2195 1499 2232 In
1533 2194 1638 2233 thes.
1676 2204 1713 2241 2,
1750 2194 1888 2233 damn.
1924 2194 1975 2232 ab

743 2264 987 2302 Alexandro
1020 2263 1135 2311 VIII,
1173 2272 1227 2310 24
1263 2263 1369 2314 Aug.
1410 2258 1558 2312 1690.)

205 2378 352 2418 212.
434 2366 704 2432 Distingui
744 2376 925 2433 potest
952 2366 1004 2415 in
1033 2374 1258 2432 peccato
1289 2364 1491 2431 duplex
1519 2363 1742 2415 malitia:
1786 2379 2110 2429 Qa,„quan1

201 2449 365 2499 habet
424 2467 492 2499 ex
553 2449 907 2515 repugnantia
967 2457 1153 2516 contra
1212 2456 1457 2497 naturam
1517 2445 1859 2507 rationalem,
1928 2445 2107 2515 altera,

201 2549 364 2598 quam
416 2531 581 2581 habet
633 2549 703 2581 ex
754 2531 1108 2598 repugnantia
1155 2537 1343 2580 contra
1384 2529 1588 2590 Deum,
1644 2529 1806 2578 finem
1845 2515 2105 2578 ultimum.

200 2614 312 2664 Iam
355 2614 638 2680 quaeritur,
682 2630 811 2663 num
852 2631 957 2663 una
996 2611 1195 2662 malitia
1223 2613 1392 2679 possit
1425 2611 1756 2678 apprehendi
1788 2611 1900 2660 sine
1926 2609 2106 2671 altera,

202 2706 255 2746 et
314 2713 408 2762 per
467 2713 805 2763 consequens
863 2705 1012 2746 actus
1071 2695 1228 2761 poni,
1298 2694 1388 2760 qui
1447 2694 1754 2744 advertatur
1811 2708 2110 2759 repugnare

201 2787 421 2829 naturae
479 2778 747 2840 rationali,
810 2779 938 2845 quin
994 2777 1102 2827 ullo
1158 2777 1324 2826 modo
1384 2776 1692 2826 advertatur
1750 2792 1866 2825 esse
1925 2783 2110 2825 contra

201 2861 381 2911 Deum
431 2878 525 2910 seu
579 2861 781 2911 offensa
822 2861 938 2911 Dei.
1020 2860 1259 2910 Fuerunt
1309 2858 1578 2924 theologi,
1633 2858 1723 2924 qui
1774 2857 1912 2908 hanc
1952 2874 2108 2923 quae-

202 2944 432 2993 stionem
482 2942 853 2993 affirmandam
910 2943 1235 3009 putaverint,
1292 2941 1387 2991 rati
1439 2958 1547 2990 non
1599 2956 1899 3007 repugnare
1949 2939 2107 2988 invin-

203 3026 415 3075 cibilem
460 3025 815 3090 ignorantiam
856 3025 958 3074 Dei
999 3042 1094 3090 per
1134 3025 1295 3073 breve
1335 3032 1574 3089 tempus,
1629 3022 1730 3072 hac
1770 3030 1949 3072 autem
1989 3038 2107 3087 sup-

203 3109 377 3174 posita
417 3124 515 3157 nec
557 3107 759 3157 offendi
786 3124 946 3173 posse
974 3107 1151 3156 Deum
1179 3123 1274 3172 per
1301 3114 1451 3155 actus
1480 3103 1719 3154 rationali
1747 3105 2103 3154 adversantes

204 3189 322 3239 Hos
363 3199 513 3239 actus
552 3189 822 3239 vocabant
850 3197 1073 3254 peccata
1103 3187 1500 3254 philosophica.

278 3271 418 3322 Huic
478 3272 678 3321 nomini
736 3288 921 3322 ansam
978 3271 1190 3320 dedisse
1245 3270 1455 3319 videtur
1511 3267 1563 3318 S.
1632 3268 1870 3319 Thomas
1923 3267 2106 3318 dicens

205 3354 285 3416 (Ι,
343 3367 400 3415 2,
456 3371 506 3419 q.
563 3365 660 3418 71,
716 3371 759 3403 a.
814 3354 848 3402 6
889 3353 957 3403 ad
1012 3354 1087 3417 5):
1148 3351 1234 3401 «A
1275 3350 1543 3416 theologis
1584 3350 1948 3401 consideratur
1986 3366 2106 3416 pec-
