2182 3682
200 156 305 218 246
595 167 708 196 PARS
743 167 790 196 ΙΙ.
841 167 1160 196 PHILOSOPHIA
1193 166 1397 197 MORALIS
1432 167 1681 198 SPECIALIS.

279 312 460 350 Dices:
526 306 705 353 Laesio
742 306 904 353 famae
955 321 1045 368 per
1093 305 1450 353 revelationem
1486 306 1590 353 veri
1638 306 1856 354 criminis
1893 322 1995 354 non
2033 315 2106 354 est

196 378 389 426 iniusta.
462 380 591 427 Nam
639 396 730 443 per
779 380 969 428 crimen
1018 380 1089 428 ius
1138 380 1201 427 ad
1249 381 1434 427 bonam
1472 380 1655 428 famam
1693 380 1951 440 amittitur,
1990 381 2106 442 quia

198 455 297 501 iam
336 463 473 502 caret
507 471 627 504 vero
665 457 1007 504 fundamento.

275 560 426 609 Resp.
501 552 641 613 Nego
691 559 921 600 assertum
973 559 1017 599 et
1065 555 1296 600 rationem
1348 554 1587 610 additam,
1640 553 1725 601 scl.
1777 567 1869 615 per
1916 551 2106 599 crimen
2160 607 2161 611 Ἰ

198 627 445 673 occultum
497 627 569 675 ius
617 629 680 675 ad
724 630 911 676 bonam
960 629 1144 675 famam
1197 627 1364 675 amitti.
1436 628 1565 674 Nam
1604 627 1728 676 sicut
1762 627 1835 675 1115
1871 627 1936 674 3(1
1970 628 2107 674 bona

197 701 424 749 fortunae
461 701 711 750 interdum
750 703 979 750 fundatur
1016 719 1120 750 non
1156 703 1206 749 in
1244 702 1381 749 titulo
1418 702 1749 764 proprietatis,
1789 702 1878 750 sed
1913 702 1976 748 in·
2000 702 2106 749 solo

197 777 329 823 facto
366 778 705 838 possessionis,
744 778 810 825 ita
847 779 995 825 etiam
1031 778 1102 825 ius
1140 777 1203 824 ad
1240 778 1424 824 bonam
1464 778 1647 825 famam
1695 777 1966 839 aliquando
2004 777 2107 824 fun-

187 850 340 903 datur
375 852 427 898 in
474 853 578 899 sola
625 853 964 914 possessione,
1017 854 1099 900 561.
1141 852 1342 914 quando
1392 852 1615 900 defectus
1653 861 1725 900 est
1762 853 2007 910 occultus,
2060 861 2108 899 et

197 927 323 974 haec
375 927 619 988 possessio
673 929 868 975 confert
919 928 990 975 ius
1044 929 1107 976 ad
1160 927 1294 974 illam
1331 927 1645 975 retinendam
1695 943 1779 975 seu
1831 927 2004 985 efficit,
2057 935 2110 974 ut

197 1017 347 1049 nemo
398 1002 502 1050 sine
555 1002 785 1050 iniustitia
832 1003 986 1064 possit
1033 1018 1124 1050 nos
1171 1002 1350 1050 illicitis
1397 1002 1573 1050 mediis
1620 998 1679 1063 (v.
1720 1019 1764 1064 g.
1803 1002 2107 1050 revelatione

199 1076 417 1124 criminis
456 1077 636 1125 occulti
673 1078 778 1125 sine
816 1078 939 1125 111513
966 1073 1130 1139 631153)
1168 1078 1299 1125 fama
1324 1076 1520 1139 privare
1549 1073 1620 1139 (de
1643 1078 1780 1138 Luge
1805 1079 1833 1124 1.
1862 1094 1904 1124 c.
1931 1093 1980 1124 n.
2010 1073 2106 1138 36).

198 1153 299 1197 Pax
350 1152 482 1199 enim
535 1162 583 1200 et
631 1152 863 1200 securitas
915 1153 1230 1215 proprietatis
1282 1161 1384 1200 tum
1436 1152 1604 1214 quoad
1655 1153 1791 1200 bona
1838 1152 2109 1199 materialia

198 1235 299 1273 tum
338 1227 505 1288 quoad
543 1229 725 1275 famam
769 1244 871 1276 non
923 1244 1097 1290 parum
1134 1228 1576 1285 labefactarentur,
1630 1227 1669 1275 si
1716 1227 1878 1289 ipsum
1925 1228 2109 1274 factum

199 1302 523 1363 possessionis
559 1319 663 1350 non
701 1305 951 1351 conferret
987 1304 1058 1351 ius
1096 1304 1160 1351 ad
1196 1318 1301 1351 rem
1338 1303 1672 1361 retinendam,
1712 1302 1947 1364 quamdiu
1982 1303 2108 1350 haec

202 1377 413 1424 retentio
451 1393 553 1425 non
591 1388 779 1440 pugnat
815 1394 925 1426 cum
963 1379 1067 1426 iure
1103 1378 1308 1426 meliore
1348 1377 1570 1425 aliorum.

277 1487 394 1525 Inst.
458 1480 705 1528 Revelare
743 1481 965 1528 defectus
993 1482 1213 1528 occultos
1238 1496 1342 1527 non
1369 1487 1530 1542 potest
1555 1493 1661 1526 6556
1686 1477 1922 1526 illicitum.
1977 1478 2106 1525 Nam

201 1553 401 1614 expedit
438 1555 501 1601 ad
537 1555 722 1602 bonum
762 1571 1041 1614 commune,
1079 1565 1131 1603 ut
1169 1570 1343 1603 omnes
1379 1569 1548 1602 verum
1587 1561 1895 1615 cognoscant
1931 1561 1979 1600 et
2015 1551 2106 1600 sibi

202 1644 377 1676 cavere
415 1630 619 1691 possint.

279 1735 429 1784 Resp.
487 1727 618 1774 Dist.
658 1734 852 1775 assera:
887 1729 1131 1775 Revelare
1169 1727 1392 1774 defectus
1429 1725 1650 1773 occultos
1688 1740 1749 1772 ex
1785 1724 1908 1772 iusta
1944 1740 2104 1783 causa,

200 1818 244 1848 v.
284 1818 328 1862 g.
368 1802 407 1848 si
443 1802 493 1849 id
530 1818 736 1850 necesse
785 1812 855 1850 est
903 1803 967 1849 ad
1003 1803 1240 1850 damnum
1276 1801 1530 1863 publicum
1567 1800 1892 1848 avertendum
1928 1800 2007 1847 vel
2043 1799 2108 1846 ad

202 1876 523 1924 innocentem
561 1878 964 1936 defendendum,
1015 1893 1161 1934 cena,
1216 1892 1381 1934 566115,
1433 1873 1561 1935 negeb.
1634 1875 1722 1922 Ad
1748 1876 1921 1922 ration.
1960 1875 2106 1922 addit.

202 1957 343 1998 nota:
376 1953 503 1999 Illud
539 1954 741 2012 bonum,
781 1955 916 2015 quod
944 1953 1155 2001 obtineri
1182 1961 1360 2014 posset,
1400 1951 1439 1999 si
1476 1950 1684 1998 crimina
1709 1951 1902 1998 occulta
1926 1949 2108 2012 passim
2175 1953 2180 1960 '

202 2027 423 2075 revelare
461 2028 658 2086 liceret,
708 2029 884 2076 nullius
920 2028 1161 2076 momenti
1197 2036 1293 2087 est,
1344 2028 1383 2074 si
1420 2035 1735 2088 comparatur
1784 2041 1895 2072 cum
1931 2025 2110 2087 gravis-

204 2102 336 2149 simis
372 2103 719 2163 incommodis,
760 2120 887 2166 quae
926 2120 985 2152 ex
1022 2102 1278 2151 arbitraria
1314 2101 1618 2150 revelatione
1644 2101 1822 2148 horum
1848 2100 2108 2147 criminum

203 2187 539 2239 sequerentur.
603 2181 747 2227 Haec
785 2179 917 2228 enim
953 2194 1130 2241 pacem
1169 2187 1216 2225 et
1251 2177 1654 2238 tranquillitatem
1680 2175 1931 2238 publicam
1966 2173 2110 2237 pluri·

204 2268 337 2299 mum
374 2256 605 2302 turbaret.
678 2257 941 2302 Praeterea
979 2254 1211 2311 crimina,
1266 2252 1503 2314 quamdiu
1552 2259 1757 2298 manent
1792 2251 2011 2308 occulta,
2062 2258 2110 2296 et

204 2328 392 2376 facilius
430 2331 739 2392 corriguntur
775 2340 823 2377 et
858 2330 1018 2376 minus
1044 2327 1267 2376 scandali
1293 2336 1476 2375 creant.
1538 2326 1770 2386 Denique
1796 2326 1928 2372 bona
1962 2324 2108 2382 fama,

204 2411 255 2449 ut
290 2403 387 2450 iam
426 2404 659 2463 diximus,
713 2406 979 2453 maximum
1029 2414 1101 2452 est
1148 2405 1343 2451 frenum
1380 2410 1556 2450 contra
1590 2400 1721 2448 vitia.
1795 2402 1966 2447 Homo
2003 2414 2112 2461 per-

206 2477 337 2526 ditae
375 2480 535 2527 famae
574 2481 716 2528 facile
754 2496 996 2542 praeceps
1044 2479 1094 2525 in
1143 2479 1332 2525 maiora
1377 2492 1532 2538 usque
1580 2475 1788 2522 crimina
1824 2482 1872 2523 et
1907 2473 2110 2521 tandem

180 2553 255 2600 >in
293 2555 693 2616 desperationem
732 2556 824 2603 ruit
861 2552 940 2617 (cf.
979 2556 1034 2602 de
1068 2555 1204 2613 Lnga
1240 2555 1268 2600 l.
1309 2569 1348 2600 c.
1388 2569 1435 2599 n.
1477 2547 1572 2612 61).

280 2686 477 2737 Honor
515 2688 599 2738 vel
651 2688 795 2739 solus
834 2687 917 2738 1’61
969 2687 1122 2738 51111111
1175 2703 1296 2736 cum
1349 2685 1493 2734 bona
1547 2683 1687 2733 fama
1739 2680 1966 2731 laeditur
2015 2696 2112 2746 per

208 2769 597 2832 contumeliam,
640 2788 778 2837 quae
819 2770 993 2820 inferri
1032 2777 1212 2835 potest
1251 2767 1335 2818 vel
1376 2767 1549 2816 verbis
1588 2763 1875 2829 (conviciis,
1919 2762 2110 2828 impro-

208 2854 364 2921 periis
416 2856 539 2919 etc.)
589 2854 675 2904 vel
726 2854 890 2919 signis
942 2861 994 2902 et
1047 2851 1224 2912 factis,
1282 2850 1424 2899 unde
1477 2848 1874 2913 distinguuntur
1929 2852 2111 2894 contu-

209 2937 396 2987 meliae
439 2937 693 3000 (iniuriae)
733 2935 993 2995 verbales,
1044 2932 1211 2984 reales
1252 2933 1367 2999 (per
1408 2931 1583 2994 facta),
1626 2926 1957 2995 symbolicae
1998 2925 2113 2992 (per

210 3020 361 3084 signa
400 3018 736 3084 symbolica).
811 3017 1051 3090 Christus
1092 3015 1255 3082 spinis
1297 3021 1584 3065 coronatus
1627 3027 1814 3061 omnes
1854 3008 1950 3059 has
1990 3024 2111 3058 con-

211 3101 453 3152 tumelias
493 3101 648 3152 simul
691 3116 974 3167 perpessus
1015 3107 1109 3148 est.

287 3205 333 3254 3.
378 3191 529 3243 Sicut
568 3190 849 3257 quodlibet
887 3190 983 3249 1115,
1026 3188 1097 3237 113
1138 3188 1296 3236 6113111
1338 3185 1417 3235 1115
1446 3185 1514 3235 ad
1542 3183 1816 3255 honorem-g
1832 3188 1885 3230 et
1912 3179 2112 3229 bonam

212 3273 407 3324 famam
448 3274 697 3340 legitimis
736 3272 926 3322 mediis
967 3269 1182 3320 defendi
1213 3274 1409 3335 potest.
1466 3265 1751 3331 Quaeritur
1777 3270 1956 3312 autern
1985 3276 2114 3310 num

213 3358 279 3407 ad
322 3356 455 3407 haec
496 3357 673 3407 media
712 3356 975 3423 pertineat
1015 3350 1306 3402 vulneratio
1348 3348 1431 3399 vel
1474 3347 1670 3398 occisio
1713 3343 1997 3395 defensiva.
