2182 3682
157 177 254 206 CAP.
284 176 348 204 111.
395 175 457 203 DE
491 173 724 202 RONITATE
758 173 815 201 ET
850 172 1047 201 MALITIA
1084 172 1262 200 MORALI
1298 172 1495 201 ACTUUM
1530 173 1857 202 HUMANORUM.
1918 176 1988 225 99

95 318 353 376 quantum
390 308 554 357 homo
583 316 676 357 est.
748 307 831 356 De
859 307 1210 356 indifferentia
1237 324 1363 355 vero
1392 314 1608 356 actuum
1637 308 1988 357 humanorum

93 392 145 440 in
184 389 458 440 individuo
500 388 814 438 dissentiunt
854 396 1114 438 auctores.
1183 387 1298 436 Nos
1339 404 1459 436 cum
1502 387 1552 436 S.
1598 388 1805 438 Ylloma
1848 389 1898 453 (l.
1943 407 1986 439 c.

57 499 60 501 Δ
93 489 138 522 a.
179 473 232 536 9)
275 472 695 521 communiorem
725 477 779 519 et
806 469 966 535 longe
995 469 1410 534 probabiliorem
1437 471 1751 518 sententiam
1782 479 1991 520 tuemur

94 562 278 603 contra
318 551 369 603 S.
413 553 843 602 Bonaventuram
883 551 963 615 (In
1007 564 1052 612 2,
1099 551 1217 600 dist.
1263 565 1349 612 41,
1392 568 1435 601 a.
1477 565 1516 611 Ι,
1561 568 1610 615 q.
1655 552 1723 613 3),
1768 551 1990 601 Scotum

90 635 341 700 aliosque.
421 634 654 699 Agimus
695 635 762 683 de
803 633 1009 683 actibus
1050 632 1424 691 im‘erz‘omlms,
1479 640 1537 681 ut
1575 633 1626 680 in
1670 633 1878 682 duabus
1918 631 1991 699 ξξ

93 717 550 783 praecedentibus.
632 715 717 764 De
758 715 1109 764 exterioribus
1148 715 1198 763 in
1240 715 1482 779 sequenti
1522 711 1557 779 ξ
1599 714 1851 764 dicemus.

103 867 242 919 114.
336 857 501 904 Prob.
551 871 591 902 1.
684 855 758 905 Ut
825 864 974 904 actus
1028 853 1330 903 indifferens
1386 871 1454 903 ex
1504 853 1718 904 obiecto
1776 852 1868 903 fiat
1922 854 1992 903 in-

94 938 342 987 differens
382 938 433 986 in
473 937 773 995 individuo,
830 937 994 986 debet
1034 953 1149 985 esse
1189 936 1495 986 indifferens
1535 936 1692 985 etiam
1735 951 1805 984 eX
1845 944 1994 1000 parte

93 1020 224 1071 finis.
306 1019 476 1085 Atqui
514 1036 583 1068 ex
623 1027 773 1085 parte
815 1018 931 1068 finis
972 1035 1262 1083 numquam
1290 1016 1595 1066 indifferens
1637 1034 1752 1066 esse
1795 1024 1987 1082 potest.

93 1101 247 1167 Ergo
288 1119 395 1151 non
437 1101 642 1151 exsistit
682 1110 832 1151 actus
871 1100 1176 1150 indifferens
1217 1101 1268 1149 in
1309 1099 1598 1149 individuo.

165 1190 322 1241 Proh.
367 1191 496 1241 mai.
564 1190 1080 1240 Homo‘deliberate
1121 1206 1287 1254 agens
1327 1205 1539 1254 semper
1578 1187 1805 1253 aliquem
1836 1188 1995 1237 finem

91 1273 318 1323 intendit
359 1273 488 1338 (sive
529 1272 794 1339 explicite,
838 1274 947 1322 sive
975 1271 1265 1338 implicite).
1323 1271 1463 1320 Hinc
1493 1270 1559 1319 ad
1590 1271 1994 1320 indifferentiam

93 1363 244 1405 actus
283 1356 581 1406 necessario
623 1356 780 1405 etiam
822 1355 1174 1404 indifferentia
1214 1353 1330 1402 finis
1372 1354 1664 1417 requiritur.

170 1443 328 1493 Proh.
372 1444 498 1494 min.
565 1443 699 1493 Cum
729 1445 930 1493 bonum
960 1442 1086 1492 utile
1117 1460 1222 1508 qua
1250 1441 1355 1491 tale
1384 1459 1491 1491 non
1520 1442 1716 1492 habeat
1738 1442 1998 1491 rationem

97 1524 228 1587 finis,
273 1525 389 1575 finis
429 1526 660 1575 intentus
688 1534 769 1576 est
797 1534 886 1575 aut
926 1526 1128 1574 bonum
1156 1524 1441 1573 honestum
1470 1533 1558 1573 aut
1585 1523 1758 1573 solum
1795 1523 1998 1572 bonum

98 1607 414 1658 delectabile
442 1609 553 1657 sine
575 1607 681 1657 ullo
712 1616 957 1674 respectu
988 1608 1054 1656 ad
1084 1616 1323 1656 naturam
1353 1597 1877 1666 hominissusshomo
1900 1614 1995 1654 est.

96 1689 268 1756 Atqui
300 1691 342 1740 si
385 1697 478 1750 1⁰¹³,
522 1691 661 1739 actio
706 1699 786 1739 est
827 1690 1079 1749 honesta,
1124 1689 1164 1738 si
1208 1695 1305 1749 ΞΜ,
1361 1688 1500 1738 actio
1542 1697 1621 1738 est
1660 1688 1885 1754 positive
1927 1688 1998 1736 in-

95 1772 336 1822 honesta.
393 1772 577 1823 Homo
618 1773 758 1822 enirn
799 1789 1010 1837 semper
1039 1788 1197 1837 agere
1227 1771 1391 1820 debet
1419 1780 1476 1820 ut
1504 1770 1669 1820 horno
1697 1788 1791 1820 seu
1820 1778 1878 1819 ut
1906 1787 2000 1819 ens

96 1854 378 1916 rationale,
434 1863 487 1904 et
539 1873 646 1904 non
698 1863 756 1904 ut
807 1855 961 1904 bruta
1009 1854 1129 1903 duci
1170 1870 1315 1902 mera
1357 1853 1713 1902 delectatione
1753 1852 1997 1912 sensuali,

96 1938 328 1986 maxime
369 1946 669 2003 propterea,
714 1938 836 2003 quia
875 1936 993 1986 sola
1034 1936 1165 1985 ratio
1196 1935 1623 1985 delectabilitatis
1651 1953 1759 1985 non
1786 1934 1996 1995 sufficit,

96 2027 152 2068 ut
180 2019 415 2068 medium
443 2027 618 2069 servet
646 2020 697 2068 in
726 2020 832 2069 suis
861 2019 1173 2079 actionibus,
1217 2019 1352 2067 sicut
1382 2026 1609 2083 oportet.
1677 2017 1819 2068 Usus
1861 2017 1999 2066 enim

96 2100 492 2151 delectabilium
520 2102 571 2151 in
601 2102 816 2152 homine
844 2119 952 2150 non
982 2100 1250 2167 regulatur
1272 2100 1538 2160 instinctu,
1575 2100 1708 2149 sicut
1736 2099 1787 2148 in
1817 2099 1997 2148 brutis.

170 2191 326 2240 Dixi:
370 2191 542 2241 solum
583 2191 901 2241 delectabile
942 2191 1053 2240 sine
1096 2200 1339 2256 respectu
1381 2190 1446 2239 ad
1480 2189 1721 2239 ordinem
1762 2189 1997 2250 rationis;

96 2273 220 2339 quia
259 2290 421 2338 saepe
461 2274 665 2323 bonum
707 2273 1023 2323 delectabile
1063 2273 1231 2322 induit
1272 2273 1531 2322 rationem
1572 2271 1797 2321 honesti.
1855 2269 2000 2320 Sicut

97 2355 235 2405 enim
284 2357 526 2406 «debitus
566 2373 691 2405 usus
733 2356 861 2405 boni
901 2355 1041 2405 utilis
1082 2356 1273 2421 accipit
1315 2355 1575 2404 rationem
1617 2353 1848 2414 honesti,
1893 2370 2001 2402 non

97 2438 315 2503 quidem
355 2455 424 2488 ex
464 2437 599 2499 utili,
657 2438 752 2488 sed
806 2456 874 2488 ex
915 2438 1142 2498 ratione,
1201 2454 1338 2502 quae
1391 2445 1594 2486 rectum
1647 2452 1798 2485 usum
1842 2435 1995 2484 facit»

96 2518 170 2583 (S.
227 2520 429 2581 Tllom„
474 2519 659 2586 Suppl.
705 2539 754 2587 q.
800 2535 886 2585 49,
929 2538 973 2570 a.
1021 2534 1049 2569 2
1094 2519 1160 2569 ad
1202 2520 1272 2584 6),
1315 2519 1387 2568 ita
1426 2520 1585 2568 etiam
1626 2518 1839 2567 debitus
1879 2534 2001 2567 usus

97 2601 440 2652 delectabilis.
523 2601 657 2652 Cum
714 2604 852 2652 enim
906 2602 1070 2652 homo
1112 2602 1177 2651 sit
1218 2600 1784 2661 sensitivo-rationalis,
1842 2600 2000 2649 etiam

97 2683 453 2735 delectatione
517 2686 766 2734 sensitiva
825 2685 1045 2750 indiget,
1109 2692 1162 2734 et
1221 2684 1358 2734 hanc
1419 2683 1661 2733 ordinate
1728 2699 1998 2748 quaerere,

97 2765 125 2814 i.
170 2783 212 2816 e.
257 2784 322 2817 eo
364 2767 563 2828 modo,
608 2785 768 2833 quem
819 2766 951 2817 ratio
992 2766 1264 2816 hominem
1307 2765 1617 2816 rationalem
1661 2765 1852 2814 decere
1894 2765 2000 2828 (ex-

96 2846 274 2913 plicite
287 2848 371 2899 vel
389 2849 662 2915 implicite)
681 2850 892 2909 iudicat,
918 2848 1203 2898 honestum
1226 2856 1320 2898 est.
1352 2848 1640 2914 Propterea
1658 2846 1710 2896 S.
1738 2846 2000 2895 Thomas:

101 2929 189 2980 «In
233 2930 679 2981 delectationibus
729 2932 919 2981 virtute
961 2931 1235 2996 dirigimur
1275 2931 1427 2996 quasi
1467 2930 1732 2995 dzgm'sale
1772 2936 2002 2977 nalm‘ae

97 3012 382 3075 humanae,
425 3014 571 3064 cuius
611 3014 1035 3079 deturpationem
1087 3030 1184 3079 per
1242 3012 1564 3078 temporales
1618 3009 2001 3060 delectationes

98 3094 416 3159 refugimus»
464 3095 544 3159 (In
588 3110 633 3159 3,
678 3096 796 3145 dist.
844 3109 928 3160 34,
973 3112 1022 3161 q.
1070 3107 1116 3158 3,
1161 3112 1205 3144 a.
1253 3108 1300 3155 2,
1343 3093 1478 3157 sol.)

180 3184 344 3232 Prob.
383 3199 425 3233 2.
506 3184 696 3235 Omnis
735 3193 911 3246 actus,
970 3185 1059 3250 qui
1114 3201 1219 3234 non
1276 3183 1455 3249 aliquo
1512 3181 1678 3231 modo
1731 3180 2002 3230 ordinatur

96 3264 151 3314 in
209 3265 370 3315 finem
429 3265 671 3316 ultimum
739 3266 985 3333 (gloriam
1025 3266 1129 3315 Dei
1167 3265 1250 3315 vel
1307 3264 1693 3314 beatitudinem
1734 3262 1998 3326 hominis),

99 3354 181 3396 est
219 3347 546 3398 inhonestus,
615 3349 786 3415 Atqui
823 3358 990 3410 actu5‚
1034 3349 1123 3413 qui
1151 3364 1323 3413 neque
1365 3364 1434 3395 ex
1462 3346 1677 3395 obiecto
1719 3360 1892 3410 neque
1933 3362 2001 3394 ex

1676 3432 1738 3481 795
