2182 3682
268 168 421 197 CAPUT
454 168 501 196 11.
552 167 614 195 DE
647 166 842 195 ACTIBUS
878 165 1094 194 HUMANIS
1131 166 1328 195 PHYSICE
1363 167 1718 197 CONSIDERATIS.
1865 169 1938 218 49

46 300 218 363 climat,
262 303 333 351 ita
371 310 427 350 ut
467 300 666 351 facilius
709 309 759 350 et
789 299 1154 350 delectabilius
1183 306 1446 365 operetur.
1516 301 1662 366 Ergo
1693 310 1936 367 respectu

43 383 345 433 voluntarii
383 383 450 432 de
490 383 674 432 habitu
716 383 907 431 eadem
933 381 1113 431 valent
1151 397 1214 431 ac
1243 381 1311 430 de
1340 382 1772 446 concupiscentia
1800 392 1938 433 anle-

45 464 264 514 cedente.
330 478 374 514 2.
409 464 679 530 Respectu
708 464 872 514 lebera·
897 481 1023 513 vero
1053 464 1120 513 de
1149 463 1332 512 habitu
1362 462 1468 512 fere
1496 464 1682 512 eadem
1714 464 1940 513 dicenda

43 553 165 596 sunt
216 563 278 596 ac
330 547 397 596 de
449 545 882 611 concupiscentia
930 553 1280 610 consequem‘e.
1362 545 1648 594 Nimirum:
1701 545 1940 595 «habitus

45 628 260 694 quidem
311 645 406 694 per
455 645 512 677 se
563 644 625 677 ac
679 627 968 677 formaliter
1017 644 1109 676 seu
1165 626 1302 676 facta
1342 627 1714 692 suppositione
1755 628 1941 676 minuit

44 709 370 770 libertatem,
435 710 555 776 quia
614 709 918 759 inclinando
978 709 1149 775 magis
1204 708 1534 757 voluntatem
1593 709 1661 757 ad
1722 708 1941 758 alteram

44 800 249 857 partem
309 793 496 841 minuit
557 792 962 842 indifferentiam
1023 791 1160 851 eius3
1224 799 1402 839 tamen
1459 789 1728 839 moraliter
1782 798 1836 839 et
1889 791 1941 839 in

46 874 231 923 ordine
282 874 350 923 ad
402 873 625 924 effectus
665 872 892 923 morales
934 890 1039 922 non
1084 880 1328 922 censetur
1368 872 1629 933 minuere,
1686 872 1941 937 quamdiu

44 954 131 1004 illa
189 956 525 1006 consuetudo
582 956 746 1005 libera
802 973 863 1005 ac
918 955 1214 1004 voluntaria
1271 962 1377 1014 est,
1440 962 1661 1019 propter
1716 954 1941 1003 eandem

45 1038 318 1099 rationem,
371 1039 491 1104 quia
533 1038 810 1104 dispositio
852 1037 1030 1097 libera,
1075 1045 1132 1086 ut
1172 1038 1262 1096 sic,
1307 1053 1412 1084 non
1455 1035 1639 1084 minuit
1680 1035 1937 1085 liberum»

46 1118 290 1184 (Saurea,
333 1121 418 1169 De
457 1119 656 1170 volunt.
702 1120 835 1186 disp.
882 1133 929 1182 3,
974 1126 1102 1169 sect.
1151 1133 1195 1182 3,
1241 1136 1289 1168 n.
1343 1119 1442 1182 16).

127 1247 228 1288 Obi.
263 1260 296 1286 ι.
347 1238 766 1300 Concupiscentia
803 1239 976 1285 minuit
1002 1238 1354 1299 cognitionem,
1395 1253 1503 1297 erge
1528 1246 1576 1283 et
1599 1236 1941 1283 voluntarium.

123 1349 273 1398 Resp.
330 1340 460 1386 Dz'st.
500 1346 674 1385 antea:
713 1338 893 1384 Minuit
928 1334 1265 1397 cognitionem
1303 1335 1391 1380 sub
1428 1334 1617 1380 ratione
1655 1334 1942 1389 ddectabxlzk,

44 1429 172 1471 nego,
211 1414 299 1460 sub
336 1414 440 1461 aliis
477 1413 759 1469 rationibus,
798 1430 840 1458 v.
879 1428 923 1472 g.
964 1411 1051 1456 sub
1090 1410 1279 1456 ratione
1316 1408 1510 1455 honesti
1545 1409 1623 1454 vel
1660 1408 1799 1454 ardui
1837 1415 1943 1464 etc„

43 1503 158 1534 conc.
199 1488 615 1549 Concupiscentia
653 1488 785 1534 enim
822 1485 996 1541 efficit,
1049 1493 1099 1530 ut
1136 1483 1384 1530 obiectum
1434 1482 1751 1543 concupitum
1800 1499 1946 1543 appa-

44 1571 149 1608 reat
184 1563 446 1623 pulchrius,
484 1563 672 1609 facilius
708 1562 785 1608 vel
820 1559 1023 1606 suavius.
1073 1559 1204 1605 Dz'st.
1233 1573 1381 1604 auls..-
1417 1557 1593 1603 Minuit
1619 1556 1945 1603 voluntarium

46 1635 212 1696 quoad
259 1637 561 1695 libertatem,
611 1633 770 1691 cmm,¹
808 1634 971 1695 quoad
1008 1633 1364 1689 intensitatem‚
1415 1647 1541 1691 nego.
1614 1631 1689 1678 Cf.
1729 1631 1859 1678 dicta
1895 1631 1946 1677 in

46 1711 307 1758 corollario
343 1727 509 1773 praec.

127 1816 228 1857 Ob1‘.
263 1828 306 1855 2.
373 1810 663 1866 Peccatum,
703 1806 837 1868 quod
874 1807 925 1852 fit
963 1820 1021 1852 ex
1058 1803 1474 1864 concupiscentia,
1514 1811 1635 1849 teste
1673 1801 1719 1848 S.
1767 1802 1948 1848 Thema

47 1878 109 1945 (1,
152 1900 201 1942 2,
240 1899 287 1944 q.
329 1897 410 1943 77,
450 1900 492 1930 a.
533 1879 578 1943 6)
617 1882 776 1929 minus
814 1890 886 1928 est
922 1896 1069 1941 quam
1106 1886 1393 1940 peccatum,
1433 1878 1568 1938 quod
1605 1879 1656 1923 fit
1693 1877 1795 1923 sine
1835 1892 1948 1923 con-

45 1957 360 2019 cupiscentia.
432 1958 570 2017 Ergo
607 1955 1009 2017 concupiscentia
1046 1953 1219 2000 minuit
1255 1953 1596 1999 voluntarium.

120 2063 270 2112 Resp.
333 2054 467 2101 Cone.
507 2060 648 2100 antec.
703 2054 834 2099 Dist.
875 2067 1025 2098 cons:
1072 2050 1250 2096 Minuit
1297 2048 1625 2096 voluntarium
1675 2048 1840 2109 quoad
1880 2048 1948 2093 in-

41 2128 333 2187 tensitatem,
371 2145 500 2189 nege,
544 2128 710 2189 quoad
746 2127 1021 2174 libertatem
1061 2134 1108 2172 et
1143 2124 1260 2170 hinc
1296 2124 1461 2185 quoad
1486 2123 1815 2170 voluntarium
1841 2123 1948 2169 sim-

42 2202 235 2264 pliciter
270 2204 539 2264 loquendo,
582 2218 697 2249 conc.

117 2307 235 2345 Inst.
298 2301 566 2361 Repugnat
611 2298 828 2360 speciem
878 2297 1056 2355 minui,
1111 2296 1229 2357 quin
1276 2296 1522 2342 minuatur
1559 2309 1728 2355 genus.
1801 2293 1953 2353 Atqui

39 2372 248 2420 liberum
296 2389 348 2421 se
395 2375 547 2421 habet
594 2373 658 2420 ad
694 2371 1023 2419 voluntarium
1061 2371 1183 2418 sicut
1220 2370 1411 2432 species
1459 2369 1522 2415 ad
1570 2383 1738 2429 genus.
1811 2368 1949 2427 Ergo

39 2456 286 2510 repugnat
321 2449 475 2495 minui
511 2448 735 2506 liberum,
776 2447 894 2509 quin
931 2446 1177 2492 minuatur
1212 2444 1555 2491 voluntarium.

73 2574 81 2583 ·
118 2560 268 2609 Resp.
323 2552 495 2598 Trans.
524 2552 633 2597 mai.
676 2551 816 2610 Nego
852 2551 961 2601 min.
1012 2548 1359 2595 Voluntarium
1396 2547 1627 2593 dividitur
1664 2546 1714 2592 in
1739 2547 1948 2593 liberum

39 2633 88 2671 et
123 2626 456 2682 necessarium
492 2640 594 2672 non
631 2634 683 2672 ut
717 2641 872 2686 genus
909 2624 959 2670 in
996 2624 1201 2686 species,
1241 2623 1328 2670 sed
1364 2632 1415 2669 ut
1451 2621 1725 2668 subiectum
1751 2621 1800 2667 in
1826 2620 1949 2667 acci-

40 2699 232 2757 dentia,
285 2708 333 2747 et
370 2699 568 2761 quidem
608 2699 657 2746 in
695 2698 999 2756 accidentia,
1045 2713 1171 2759 quae
1209 2699 1366 2759 ipsum
1407 2705 1567 2742 actum
1605 2695 1808 2757 physice
1845 2711 1948 2742 non

38 2772 252 2832 mutant,
303 2775 391 2822 sed
428 2775 472 2822 ei
509 2775 666 2822 solum
703 2790 793 2836 per
830 2773 1291 2821 denominationem
1329 2770 1656 2818 extrinsecam
1702 2787 1729 2817 a
1781 2771 1949 2816 volun-

37 2856 135 2895 tate
161 2850 465 2896 conveniunt
491 2845 570 2911 (cf.
599 2848 794 2905 Suarez,
823 2851 899 2895 De
925 2847 1202 2895 voluntario
1229 2847 1352 2907 disp.
1383 2863 1421 2904 1,
1450 2854 1567 2892 sect.
1588 2861 1631 2905 3,
1660 2861 1706 2891 n.
1740 2848 1796 2891 18
1816 2839 1945 2905 sqq).

38 2922 173 2969 Hinc
220 2924 326 2970 fieri
372 2913 559 2985 potest,
609 2932 660 2970 ut
707 2923 1036 2970 voluntarium
1086 2921 1252 2983 quoad
1299 2920 1631 2967 intensitatem
1675 2927 1864 2966 crescat
1900 2927 1947 2965 et

36 3004 204 3044 tamen
241 2999 408 3059 quoad
445 2998 773 3045 extrinsecam
811 2997 1127 3044 affectionem
1165 2996 1307 3043 liberi
1342 2995 1602 3041 minuatur.

120 3107 221 3147 Obi.
251 3120 294 3157 3.
366 3100 415 3148 S.
461 3101 666 3147 Thomas
703 3095 766 3162 (1,
811 3117 851 3157 2,
891 3117 938 3161 q.
980 3114 1056 3160 77,
1096 3116 1136 3146 a.
1179 3093 1224 3159 6)
1263 3097 1407 3144 dicit:
1453 3098 1634 3143 «Actus
1671 3095 1721 3141 in
1758 3103 1946 3141 tantum

37 3182 110 3220 est
144 3183 418 3235 peccatum,
456 3175 508 3221 in
546 3184 784 3235 quantum
818 3183 891 3222 est
914 3173 1261 3221 voluntarius.»
1313 3172 1452 3231 Ergo
1477 3171 1515 3218 si
1543 3168 1947 3230 concupiscentia

36 3258 182 3309 auget
216 3249 569 3307 voluntarium,
619 3258 766 3310 auget
802 3249 946 3296 etiam
984 3255 1270 3311 peccatum,
1324 3246 1459 3307 quod
1496 3254 1627 3292 certe
1666 3253 1738 3291 est
1774 3252 1947 3290 contra

37 3322 315 3370 doctrinam
352 3323 584 3371 Doctoris
626 3323 870 3385 Angelici.

128 3407 371 3448 Cathrein,
399 3408 534 3440 Philos.
564 3408 720 3441 moralis.
763 3408 829 3440 Ed.
859 3418 889 3447 5.
1651 3411 1677 3448 4
