2182 3682
526 160 614 188 LIB.
649 160 697 189 ΙΙ.
743 159 844 188 CAP.
880 158 946 186 111.
994 158 1056 185 DE
1091 157 1344 186 SOCIETATE
1379 157 1538 187 CIVILI.
1856 157 1961 207 423

386 298 464 336 111.
507 298 577 335 De
610 282 830 335 relatione
864 292 1152 333 auctoritatis
1185 292 1334 331 civilis
1366 293 1424 330 ad
1457 292 1656 331 scholas.

77 401 219 457 575.
302 390 498 442 Schola
526 388 879 450 elementaria,
925 389 991 438 de
1020 404 1123 453 qua
1151 388 1486 453 potissimum
1514 403 1750 451 agemus,
1787 394 1970 435 natura

71 491 166 525 sua
205 481 285 523 est
322 473 564 522 extensio
605 471 868 537 quaedam
898 478 951 519 et
990 471 1288 519 institutum
1315 468 1688 518 subsidiarium
1729 467 1966 517 familiae.

73 557 320 606 Parentes
372 555 509 603 enim
568 552 1160 602 muneriffiducationis
1216 551 1517 616 frequenter
1570 567 1665 615 per
1717 566 1774 599 se
1829 550 1971 598 satis-

73 638 246 688 facere
286 654 392 685 non
446 643 694 702 possunt,
750 634 982 699 ideoque
1034 633 1173 683 licite
1224 632 1354 682 alios
1394 633 1446 681 in
1486 630 1738 681 auxilium
1778 640 1974 680 vocant

75 727 165 770 aut
205 718 392 768 iisdem
432 717 538 767 hoc
567 716 800 766 officium
827 715 909 765 vel
951 733 1020 765 ex
1060 723 1210 781 parte
1237 714 1320 764 vel
1362 732 1432 763 ex
1471 721 1587 763 toto
1630 713 1970 763 demandant.

73 801 185 850 Iam
226 801 519 866 quaeritur,
576 815 863 864 quamnam
907 796 1217 847 relationem
1268 797 1542 846 iuridicam
1582 794 1766 845 schola
1806 796 1858 845 in
1899 812 1974 844 or-

74 883 196 932 dine
236 881 454 931 naturali
508 881 704 930 habeat
755 889 867 929 tum
909 879 975 928 ad
1030 878 1278 928 familiam
1330 885 1445 927 tum
1486 878 1554 927 ad
1606 877 1974 927 auctoritatem

79 963 300 1014 civilem.

80 1072 225 1137 576.
306 1073 521 1123 Certum
561 1073 770 1122 videtur
818 1087 858 1122 Ι.
903 1071 1283 1137 oblzgationem
1313 1078 1363 1119 et
1387 1070 1469 1119 ius
1497 1069 1745 1135 erigendi
1769 1069 1980 1118 scholas

77 1155 459 1205 elementarias
498 1164 605 1220 per
643 1173 699 1204 se
738 1154 1020 1220 primario
1058 1152 1329 1217 famuliae
1375 1152 1687 1202 incumbere.
1767 1151 1980 1200 Etenim

79 1238 365 1287 necessitas
416 1236 633 1287 scholae
687 1237 933 1302 primario
987 1236 1151 1285 oritur
1203 1252 1272 1284 ex
1323 1235 1592 1299 exigentia
1644 1233 1869 1282 familiae
1912 1233 1980 1283 ad

79 1319 281 1368 bonum
321 1318 536 1385 aliquod
573 1319 942 1378 obtinendum,
987 1318 1132 1382 quod
1176 1334 1271 1382 per
1298 1334 1354 1365 se
1383 1324 1463 1365 est
1503 1317 1705 1365 bonum
1735 1316 1981 1365 domesti-

79 1419 217 1461 cum,
261 1401 505 1455 nimirum
547 1401 920 1450 educationem
952 1399 1358 1449 convenientem
1400 1397 1699 1448 liberorum.
1755 1398 1841 1447 Ex
1875 1415 1982 1463 quo

81 1483 297 1532 ulterius
348 1483 567 1532 infertur
616 1483 667 1531 in
721 1482 904 1531 ordine
957 1481 1179 1530 naturali
1220 1481 1454 1530 officium
1496 1480 1734 1546 erigendi
1773 1479 1985 1529 scholas

80 1582 110 1615 a
164 1565 496 1630 parentibus,
557 1564 772 1630 quando
829 1564 875 1613 ei
928 1564 1027 1628 ipsi
1082 1580 1176 1628 per
1230 1580 1286 1612 se
1341 1562 1642 1612 satisfacere
1699 1569 1983 1628 nequeant,

82 1647 327 1713 proxime
368 1646 579 1696 devolvi
619 1664 725 1696 non
768 1647 817 1695 in
859 1646 1170 1695 societatem
1215 1644 1511 1710 publicam,
1560 1645 1656 1694 sed
1697 1645 1748 1694 in
1776 1653 1986 1709 pagum

85 1729 485 1794 (municipium),
530 1728 617 1794 qui
659 1745 728 1778 ex
768 1735 947 1777 mente
988 1727 1303 1777 Aristotelis
1344 1725 1514 1790 <Polit.
1558 1725 1588 1775 l.
1642 1740 1681 1786 1,
1727 1743 1769 1776 c.
1823 1727 1867 1789 Ι)
1910 1733 1990 1776 est

93 1811 350 1860 «societas
403 1811 573 1875 primo
627 1811 914 1860 constituta
955 1809 1245 1874 (naturalis)
1287 1810 1338 1858 in
1387 1809 1572 1858 ordine
1625 1809 1693 1857 ad
1745 1826 1897 1858 usum
1937 1816 1990 1857 et

86 1892 529 1942 consuetudinem
580 1909 688 1941 non
741 1892 1095 1941 cotidianum»
1157 1891 1240 1955 (cf.
1287 1890 1432 1956 Sylv.
1476 1891 1663 1940 illam:
1719 1891 1770 1940 in
1822 1890 1871 1940 h.
1916 1889 1987 1954 l.).

85 1973 338 2023 Familiae
394 1975 534 2023 enim
593 1973 908 2040 plerumque
963 2006 1029 2010 ——
1090 1973 1279 2023 saltem
1338 1974 1388 2022 in
1446 1972 1667 2022 cultiore
1722 1973 1991 2022 societatis

85 2064 225 2106 statu
266 2088 337 2093 —
377 2073 484 2105 non
517 2057 613 2105 nisi
653 2057 830 2105 unitae
859 2057 1088 2121 ideoque
1118 2056 1385 2105 mediante
1414 2072 1558 2121 pago
1587 2053 1669 2104 vel
1710 2056 1828 2105 vico
1870 2055 1992 2105 huic

87 2137 266 2187 officio
295 2137 597 2188 satisfacere
638 2147 877 2204 possunt.
936 2138 1162 2187 Proinde
1192 2155 1379 2203 pagus,
1424 2138 1466 2186 si
1494 2154 1631 2203 opus
1659 2138 1739 2198 sit,
1782 2137 1993 2186 scholas

87 2221 356 2269 instituere
399 2220 587 2280 debet,
643 2227 727 2280 ut,
782 2229 1040 2286 quantum
1081 2220 1191 2269 fieri
1233 2227 1438 2285 potest,
1490 2219 1728 2284 singulae
1769 2219 1994 2269 familiae

89 2301 265 2351 liberis
305 2303 657 2351 necessariam
699 2303 1100 2352 instructionem
1143 2319 1425 2368 procurare
1465 2301 1690 2351 valeant.

165 2383 327 2433 Porro
370 2384 718 2450 quiaschola
758 2384 1097 2434 elementaria
1137 2385 1187 2433 in
1228 2384 1526 2434 subsidium
1568 2383 1793 2434 familiae
1834 2392 1887 2434 et
1927 2384 1996 2433 ad

91 2466 485 2531 assequendum
524 2466 685 2515 finem
727 2484 821 2533 per
848 2485 905 2516 se
947 2468 1302 2516 domesticum
1338 2466 1624 2527 ordinatur,
1668 2484 1730 2516 ea
1770 2484 1877 2516 non
1919 2475 1999 2516 est

90 2548 459 2613 independens
515 2566 545 2597 a
601 2548 821 2608 familia,
884 2549 979 2598 sed
1036 2566 1216 2598 earum
1274 2549 1512 2614 quodam
1568 2549 1734 2598 modo
1789 2549 1994 2599 vicaria.

93 2629 233 2679 Hinc
275 2639 449 2680 rectus
489 2631 623 2680 ordo
667 2650 758 2697 per
800 2649 856 2681 se
898 2633 1128 2698 requirit,
1173 2640 1230 2680 ut
1270 2632 1405 2680 inter
1447 2630 1666 2681 familias
1696 2640 1747 2680 et
1788 2630 1998 2681 scholas

92 2712 333 2761 intimum
374 2714 594 2763 exsistat
645 2713 913 2763 vinculum
968 2715 1298 2779 eaedemque
1350 2731 1407 2762 se
1466 2722 1652 2762 mutuo
1712 2715 1892 2763 iuvent
1946 2722 1999 2763 et

95 2793 401 2859 compleant
454 2804 713 2861 quantum
765 2797 834 2846 ad
891 2796 1281 2846 educationem.
1379 2796 1439 2844 Id
1493 2796 1650 2845 etiam
1706 2795 1863 2861 plane
1914 2813 1998 2845 ne-

95 2876 380 2925 cessarium
433 2886 537 2937 est,
593 2886 651 2926 ut
702 2877 887 2928 schola
927 2896 1107 2928 veram
1158 2878 1416 2927 iuventuti
1467 2876 1746 2927 utilitatem
1798 2877 1996 2927 afferat.

98 2956 287 3007 Unitas
342 2959 481 3007 enim
539 2959 840 3009 educationi
896 2961 1191 3009 necessaria
1247 2958 1482 3025 postulat
1539 2959 1865 3009 concordem
1917 2976 1999 3009 co-

96 3040 462 3104 operationem
505 3040 731 3091 familiae
773 3050 824 3091 et
865 3041 1096 3092 scholae.

100 3165 244 3219 577.
327 3156 545 3207 Certum
586 3159 792 3209 videtur
834 3173 880 3209 2.
924 3161 976 3209 in
1018 3177 1158 3221 casu,
1202 3162 1252 3209 in
1296 3176 1404 3225 quo
1446 3176 1620 3224 neque
1653 3157 1892 3224 singulae
1934 3158 2000 3208 fa-

98 3238 269 3288 miliae
310 3257 485 3306 neque
537 3242 663 3307 pagi
713 3241 925 3291 scholas
966 3243 1167 3307 erigere
1207 3241 1385 3292 valent
1425 3250 1517 3290 aut
1568 3241 1621 3289 id
1664 3240 1837 3290 facere
1889 3258 2001 3306 gra-

97 3318 229 3369 viter
268 3320 588 3387 neglegunt,
644 3325 973 3373 auctoritatis
1025 3324 1274 3390 politicae
1313 3339 1593 3388 supremae
1635 3339 1750 3371 esse
1789 3323 1849 3371 iis
1887 3340 2000 3372 suc-
