2182 3682
207 175 312 236 380
609 183 721 211 PARS
756 183 804 212 11.
855 182 1169 212 PHILOSOPHIA
1202 182 1410 211 MORALIS
1446 182 1695 212 SPECIALIS.

199 320 323 366 ratio
360 320 618 381 cognoscit
654 321 870 382 aliquem
906 321 1121 369 iudicem
1159 321 1332 368 adesse
1359 320 1574 381 debere3
1611 335 1761 382 porro
1792 321 1897 368 fieri
1933 329 2111 382 potest,

203 403 254 442 ut
304 394 385 442 hic
435 394 582 443 iudex
633 397 691 443 sit
741 412 831 458 per
881 396 1012 458 ipsas
1065 395 1455 443 circumstantias
1505 395 1571 442 ita
1623 395 2001 454 determinatus,
2063 405 2116 443 ut

204 485 378 517 omnes
407 485 519 517 eum
545 485 816 532 agnoscere
842 479 1116 528 teneantur,
1156 470 1195 517 si
1223 470 1365 517 simul
1391 485 1686 532 permanere
1715 469 1766 516 in
1795 470 1975 518 eodem
1999 471 2113 518 loco

203 544 367 592 velint.
439 545 624 606 Utique
662 545 809 593 etiam
847 561 958 592 eum
996 544 1207 592 iudicem
1247 554 1547 606 agnoscent,
1586 545 1674 592 sed
1709 559 1813 591 non
1848 553 2114 607 propterea

200 619 280 666 ille
317 620 468 666 habet
503 628 814 681 potestatem,
855 619 969 681 quia
1006 628 1308 681 agnoscunt,
1352 621 1441 667 sed
1476 619 1637 681 potius
1674 634 1786 666 eum
1823 627 2112 681 agnoscunt,

203 695 319 755 quia
354 695 517 742 habet.

281 770 479 830 Duplex
516 784 636 830 ergo
684 778 989 817 momentum
1036 769 1287 816 concurrit
1322 768 1386 815 ad
1424 769 1784 816 conferendam
1819 777 2113 831 potestatem

202 843 453 905 publicam
488 844 598 890 lzm'c
629 844 843 891 homini:
894 840 939 905 a)
977 843 1243 891 necessitas
1288 843 1395 890 talis
1431 843 1685 905 potestatis
1732 843 1783 890 in
1818 845 1913 891 hac
1959 844 2114 891 multi-

203 917 372 965 tudine
410 927 647 966 concreta
671 919 964 965 familiarum
1003 918 1241 966 stabiliter
1267 926 1596 980 congregata3
1632 913 1682 979 b)
1715 918 1961 966 exclusiva
1998 914 2116 980 (mo-

200 992 365 1040 raliter
390 989 664 1055 loquendo)
703 993 928 1055 aptitudo
955 995 1034 1041 vel
1070 993 1316 1041 idoneitas
1339 995 1480 1040 leuius
1502 993 1718 1040 hominis
1754 993 1805 1040 in
1829 993 1925 1041 hac
1961 992 2116 1040 multi-

203 1067 372 1115 tudine
410 1069 474 1116 ad
513 1084 623 1116 eam
659 1077 953 1131 potestatem
990 1068 1291 1116 habendam.

284 1165 386 1205 Obi.
421 1175 464 1216 5.
522 1159 741 1205 Potestas
779 1158 981 1220 politica
1007 1158 1221 1220 pertinet
1258 1158 1321 1204 ad
1359 1173 1485 1215 eum,
1524 1166 1729 1219 propter
1754 1172 1903 1218 quem
1939 1157 2114 1204 adesse

202 1232 513 1294 intellegitur.
564 1233 717 1294 Atqui
738 1234 911 1280 adesse
949 1233 1246 1294 intellegitur
1271 1241 1477 1294 propter
1500 1240 1655 1279 totam
1693 1231 2113 1280 communitatem.

202 1307 340 1367 Ergo
376 1308 439 1355 ad
476 1315 628 1355 totam
666 1309 1071 1355 communitatem
1108 1307 1336 1370 pertinet.

281 1399 432 1448 Resp.
482 1391 614 1437 Dz‘st.
641 1391 749 1438 mai.
771 1408 784 1436 .·
819 1390 1038 1437 Pertinet
1066 1390 1130 1436 ad
1156 1405 1282 1447 eum,
1322 1397 1526 1451 propter
1552 1404 1700 1450 quem
1734 1389 1908 1436 adesse
1934 1403 2115 1450 cogno-

201 1464 374 1523 scitur,
424 1464 453 1511 i.
493 1481 533 1512 e.
573 1464 654 1512 ille
692 1465 842 1512 debet
880 1480 987 1512 esse
1024 1464 1296 1512 subiectum
1335 1464 1613 1526 potestatis,
1663 1479 1803 1523 nego,
1852 1463 1880 1510 i.
1921 1479 1962 1511 e.
2001 1478 2113 1510 cum

202 1540 286 1586 illo
322 1539 605 1587 necessario
644 1541 878 1587 cohaeret
916 1549 961 1587 et
999 1541 1101 1587 eius
1137 1539 1328 1586 utilitati
1367 1539 1549 1586 servire
1586 1539 1749 1598 debet,
1787 1554 1903 1586 conc.
1978 1538 2112 1585 Cone.

202 1616 312 1662 min.
363 1620 409 1660 et
452 1615 556 1661 dist.
585 1617 780 1677 pariter
814 1631 931 1662 cons.
1004 1617 1226 1662 Potestas
1273 1624 1481 1676 paterna
1529 1613 1783 1660 ordinatur
1829 1613 1880 1659 in
1926 1613 2113 1660 bonum

204 1689 312 1736 filii:
363 1705 480 1736 num
518 1699 785 1751 propterea
821 1690 872 1736 in
909 1690 1008 1737 filio
1047 1705 1152 1737 esse
1191 1689 1370 1736 debet?
1430 1690 1650 1736 Potestas
1687 1687 1941 1750 pontificia
1976 1688 2115 1735 adest

205 1765 255 1811 in
284 1765 471 1811 bonum
508 1765 653 1813 totius
679 1765 959 1813 Ecclesiae:
999 1781 1117 1811 num
1144 1773 1410 1826 propterea
1446 1763 1497 1810 in
1533 1772 1634 1810 tota
1660 1763 1888 1811 Ecclesia
1921 1771 1973 1809 ut
2008 1763 2114 1810 sub-

204 1839 335 1887 iecto
374 1854 479 1887 esse
517 1840 699 1888 debet?
736 1843 896 1887 Immo
934 1840 972 1887 si
1009 1841 1134 1887 haec
1171 1839 1295 1887 ratio
1320 1826 1437 1887 vera
1475 1847 1616 1897 esset,
1655 1846 1944 1899 sequeretur
1978 1853 2115 1885 mon-

202 1915 422 1962 archiam
459 1923 506 1962 et
542 1915 899 1962 aristocratiam
947 1930 1052 1962 esse
1091 1914 1473 1976 impossibilem,
1524 1923 1571 1961 et
1607 1928 1803 1975 semper
1838 1921 1993 1960 totum
2030 1928 2115 1974 po-

201 1991 370 2052 pulum
408 1990 605 2038 inclusis
643 1991 927 2038 mulieribus
965 1990 1150 2037 debere
1187 1991 1372 2037 habere
1408 1998 1702 2050 potestatem
1741 1988 2008 2050 politicam.

283 2088 384 2128 Obi.
433 2090 471 2128 6.
550 2080 826 2142 Explicatio
879 2080 928 2126 in
981 2079 1104 2127 thesi
1157 2079 1411 2141 proposita
1463 2087 1536 2126 est
1586 2078 1942 2138 inadaequata‚
2000 2076 2115 2138 quia

203 2156 452 2216 quaeritur
489 2156 551 2203 de
590 2156 785 2202 formali
823 2155 1039 2213 ratione,
1091 2170 1218 2216 quae
1256 2155 1306 2200 in
1344 2169 1516 2201 omnes
1554 2169 1694 2201 casus
1743 2153 1924 2201 cadere
1960 2151 2114 2215 possit

203 2227 524 2291 (firmanda,
566 2231 767 2290 Quaest.
807 2231 870 2278 de
908 2229 1050 2277 iustit.
1089 2246 1135 2277 n.
1179 2243 1200 2291 5
1212 2225 1307 2290 59).

281 2322 431 2371 Resp.
503 2313 742 2360 Dubitare
780 2312 919 2370 licet,
970 2328 1085 2358 num
1126 2311 1300 2372 aliquis
1338 2310 1396 2358 sit
1432 2311 1497 2357 ita
1533 2310 1816 2372 perspicax,
1866 2318 1918 2357 ut
1952 2311 2114 2358 valeat

200 2389 250 2435 in
289 2388 578 2449 quaestione
615 2389 677 2435 de
727 2387 993 2449 originaria
1038 2385 1452 2434 determinatione
1501 2384 1707 2432 subiecti
1742 2384 1996 2446 potestatis
2043 2402 2114 2432 as-

200 2463 395 2525 signare
443 2463 687 2511 rationem
726 2464 1011 2520 formalem,
1064 2477 1190 2522 quae
1228 2462 1278 2507 in
1316 2475 1489 2507 omnes
1537 2476 1676 2507 casus
1724 2459 1905 2507 cadere
1943 2459 2109 2520 possit.

200 2541 263 2586 Et
300 2546 434 2586 certe
470 2538 706 2600 «pacifica
744 2537 1054 2599 occupatio»,
1096 2552 1245 2597 quam
1283 2544 1453 2583 auctor
1478 2535 1701 2582 laudatus
1738 2535 1892 2593 affert,
1929 2549 2112 2595 nequa-

201 2630 349 2674 quam
397 2622 468 2661 est
517 2612 759 2660 eiusmodi
802 2612 941 2660 ratio.
1016 2610 1281 2671 Quaeritur
1328 2610 1461 2658 enim
1510 2609 1696 2666 statim,
1749 2608 1832 2670 qui
1875 2607 1981 2656 fieri
2027 2625 2112 2671 po-

200 2688 357 2745 tuerit,
396 2697 447 2735 ut
482 2704 605 2735 unus
643 2688 734 2735 sibi
777 2687 1040 2749 «pacifice»
1084 2694 1353 2747 occuparet
1389 2693 1683 2746 potestatem
1719 2683 2026 2730 iudiciariam
2064 2691 2112 2730 et

200 2763 517 2811 coercitivam
562 2763 611 2809 in
649 2763 770 2809 alios
806 2763 880 2809 his
923 2778 1025 2809 non
1071 2760 1474 2823 repugnantibus.
1547 2758 1704 2806 Nobis
1747 2759 1924 2805 sufficit
1958 2773 2108 2805 unum

199 2840 466 2886 alterumve
525 2846 830 2885 momentum
885 2837 1089 2893 afferre,
1152 2835 1287 2896 quod
1340 2834 1483 2881 alicui
1534 2832 1725 2880 homini
1779 2833 2109 2880 determinato

200 2916 387 2976 absque
424 2915 523 2962 ullo
560 2921 707 2975 pacto
746 2921 1039 2974 potestatem
1076 2910 1331 2972 politicam
1369 2910 1598 2957 conferre
1634 2908 1861 2970 potuerit.

943 3065 1271 3105 ARTICULL'S
1303 3066 1356 3104 ΙΙ.

814 3171 906 3216 DE
944 3169 1101 3216 FINE
1140 3169 1495 3216 CIVITATIS.

206 3287 351 3354 508.
433 3289 627 3340 Civitas
655 3306 761 3339 non
791 3296 870 3337 est
899 3304 1036 3353 opus
1064 3285 1223 3346 arlz'S,
1263 3286 1358 3335 sed
1387 3293 1633 3346 naturae,
1671 3283 1814 3333 unde
1843 3281 2108 3347 colligitur

204 3389 321 3422 eam
362 3389 469 3422 non
510 3388 663 3421 secus
703 3388 765 3421 ac
806 3368 1088 3436 quodlibet
1126 3367 1268 3418 aliud
1310 3384 1447 3434 opus
1487 3375 1705 3416 naturae
1744 3364 1943 3415 habere
1988 3381 2105 3430 pro-
