2182 3682
211 159 317 223 326
607 168 721 197 PARS
755 168 804 198 II.
855 168 1170 198 PHILOSOPHIA
1204 167 1406 196 MORALIS
1442 167 1692 198 SPECIALIS.

208 305 291 356 vel
330 306 554 355 intentio
594 305 881 355 mutuantis
921 304 987 354 sit
1025 303 1369 365 attendenda,
1412 304 1452 353 si
1483 304 1658 370 agitur
1686 305 1754 355 de
1782 304 2114 372 obligatione

208 387 474 450 caritatis,
510 386 897 454 obligationem
925 386 1163 436 iustiliae
1191 403 1299 436 non
1328 394 1514 436 mutat.
1558 385 1639 437 -Si
1667 387 1808 437 enim
1835 405 1944 438 non
1969 387 2113 438 violo

206 459 458 520 iustitiam
500 470 769 537 exigendo
813 469 965 519 fenus
1005 469 1074 519 ab
1116 486 1198 531 e0,
1242 469 1332 534 qui
1373 469 1601 534 pecunia
1641 470 1804 519 utitur
1843 470 1912 520 ad
1952 486 2116 536 nego-

209 553 469 614 tiandum,
512 570 691 619 neque
717 551 860 602 violo
902 551 1154 601 iustitiam
1196 550 1468 617 exigendo
1509 550 1662 601 fenus
1702 552 1770 602 ab
1811 569 1893 613 e0,
1937 552 2028 618 qui
2053 569 2117 602 ea

207 636 369 686 utitur
408 636 477 685 ad
517 652 667 685 suam
708 634 1096 684 necessitatem.
1166 633 1226 682 In
1265 642 1495 699 utroque
1524 650 1650 683 casu
1677 634 1747 696 id,
1791 634 1942 701 quod
1967 633 2118 685 alteri
2170 679 2182 692 κ

209 718 298 779 do,
342 726 395 768 et
435 734 596 779 onuS‚
639 717 789 783 quod
830 717 1028 777 subeo,
1073 724 1154 766 est
1193 732 1412 781 prorsus
1450 715 1610 766 idem.
1690 715 1845 782 Ergo
1884 717 1937 766 in
1977 724 2117 767 utro-

209 817 314 867 que
355 816 479 850 casu
519 800 597 850 ius
637 799 813 850 habeo
855 799 922 848 ad
966 798 1195 848 eandem
1237 798 1655 848 retributionem.

210 973 357 1026 424.
439 961 616 1012 Schol.
661 977 709 1028 4.
782 961 908 1011 Post
949 961 1171 1011 Bastia!
1209 959 1448 1010 nonnulli
1478 960 1763 1010 liceitatem
1792 960 1986 1011 fenoris
2013 960 2118 1012 hoc

209 1044 462 1111 exemplo
522 1044 752 1111 probare
809 1052 1084 1093 conantur.
1185 1043 1416 1093 Iacobus
1472 1043 1622 1093 faber
1676 1042 1927 1109 lignarius
1987 1043 2119 1094 duas

209 1127 373 1177 habet
421 1128 665 1177 runcinas
717 1143 910 1189 novas3
964 1143 1122 1175 unam
1164 1136 1406 1175 mutuam
1448 1126 1540 1175 dat
1583 1124 1851 1175 Guilelmo
1893 1142 1957 1176 ea
1997 1143 2117 1176 con-

209 1210 445 1271 dicione,
504 1218 561 1259 ut
613 1210 698 1259 hic
750 1208 821 1259 illi
873 1217 998 1275 post
1050 1226 1249 1258 annum
1302 1224 1498 1257 novam
1551 1208 1824 1257 runcinam
1881 1208 2118 1259 eiusdem

207 1291 400 1342 valoris
428 1292 618 1342 reddat
646 1301 699 1342 et
726 1292 942 1357 insuper
970 1290 1207 1341 tabulam
1236 1298 1513 1356 tamquam
1542 1291 2114 1356 recompensationem.

208 1375 269 1424 In
311 1374 415 1424 fine
455 1375 608 1440 primi
649 1375 769 1424 anni
811 1374 1042 1424 eundem
1086 1380 1422 1423 contractum
1465 1382 1724 1423 renovant
1752 1390 1850 1439 pro
1877 1374 2118 1424 secundo

210 1466 263 1507 et
301 1457 646 1523 sequentibus
686 1457 850 1518 annis,
893 1457 966 1506 ita
999 1464 1056 1505 ut
1084 1455 1313 1505 Iacobus
1342 1464 1465 1521 post
1494 1455 1685 1505 decern
1713 1472 1883 1506 annos
1910 1464 2120 1522 praeter

209 1556 404 1589 novam
457 1540 730 1590 runcinam
781 1540 886 1589 iam
937 1538 1215 1605 possideat
1266 1538 1457 1588 decem
1509 1537 1720 1587 tabulas
1761 1556 1855 1605 pei·
1894 1539 2118 1589 modum

211 1622 419 1672 fenoris
501 1622 645 1671 Num
685 1621 851 1672 iuste?
918 1622 1110 1686 Resp:
1179 1621 1393 1672 Iniuste.
1463 1621 1600 1670 Nam
1637 1619 1873 1685 Jacobus
1912 1620 2118 1671 nullum

209 1704 422 1756 titulum
474 1704 662 1755 habuit
717 1713 928 1771 praeter
978 1721 1171 1754 novam
1228 1704 1501 1754 runcinam
1542 1704 1840 1770 accipiendi
1879 1702 2118 1754 tabulam

209 1796 334 1854 post
374 1803 571 1837 annum
610 1805 705 1854 per
745 1787 967 1837 modum
1010 1786 1382 1837 retributionis.
1452 1786 1575 1836 Non
1613 1787 1753 1836 enim
1782 1787 1955 1852 potuit
1984 1786 2118 1836 duas

210 1870 454 1920 runcinas
504 1869 658 1920 simul
710 1869 990 1931 adhibere;
1047 1887 1150 1919 una
1202 1886 1331 1935 ergo
1373 1868 1445 1918 illi
1485 1877 1596 1918 erat
1636 1867 1928 1935 superflua,
1983 1876 2037 1917 et
2075 1868 2119 1917 si

209 1969 328 2003 eam
369 1959 605 2002 mutuam
650 1953 799 2002 dedit
828 1951 1113 2013 Guilelmo,
1156 1951 1359 2001 nullum
1401 1952 1652 2001 damnum
1695 1950 1870 2011 subiit,
1913 1948 2118 2000 nullum

210 2034 411 2085 lucrum
463 2035 510 2085 ei
563 2035 803 2086 cessavit.
886 2035 1009 2085 Hoc
1067 2052 1196 2101 ergo
1247 2033 1556 2100 exemplum
1598 2033 1884 2083 liceitatem
1925 2032 2120 2082 fenoris

209 2135 317 2168 non
358 2117 580 2184 probat3
635 2119 730 2167 sed
772 2135 880 2168 non
921 2126 1001 2168 est
1041 2118 1236 2184 paritas
1276 2117 1411 2166 inter
1452 2115 1714 2166 eiusmodi
1755 2116 2024 2165 runcinam
2068 2123 2122 2165 et

210 2200 508 2266 pecuniam.
590 2200 766 2250 Faber
818 2200 1067 2267 lignarius
1120 2217 1227 2250 non
1280 2205 1463 2266 potest
1509 2199 1641 2248 duas
1682 2198 1925 2248 runcinas
1965 2196 2119 2248 simul

211 2282 492 2344 adhibere,
548 2291 606 2332 ut
657 2300 935 2349 suppono,
991 2283 1086 2332 sed
1129 2281 1350 2349 quilibet
1392 2289 1573 2347 potest
1613 2281 1822 2330 duabus
1863 2280 2120 2347 pecuniae

208 2366 430 2415 summis
470 2382 640 2431 aeque
681 2366 820 2415 bene
861 2366 928 2415 ad
971 2366 1361 2432 negotiandum
1402 2365 1491 2414 uti.
1562 2363 1716 2430 Ergo
1752 2363 1795 2413 si
1823 2379 1982 2412 unam
2011 2379 2119 2412 mu-

211 2456 359 2498 tuam
412 2448 504 2498 dat
555 2447 729 2509 alteri,
784 2466 841 2498 se
893 2449 1064 2514 privat
1113 2455 1384 2514 potestate
1436 2447 1640 2496 lucrum
1683 2445 1910 2496 faciendi
1950 2453 2003 2495 et
2041 2445 2121 2494 ius

211 2530 279 2580 ad
321 2530 724 2581 indemnitatem
765 2531 942 2581 habet.
1112 2534 1118 2539 ’

214 2696 360 2750 425-
445 2702 547 2742 Obi.
581 2715 614 2742 1.
676 2694 892 2742 Pecunia
936 2702 1008 2742 est
1055 2694 1229 2742 sterilis
1278 2709 1337 2741 ex
1373 2702 1548 2740 natura
1595 2709 1694 2740 sua.
1767 2693 1906 2753 Ergo
1950 2691 2123 2754 nequit

212 2770 435 2831 proferre
474 2770 669 2816 fructus.

290 2883 441 2932 Resp.
497 2874 627 2920 Dz'st.
669 2879 810 2920 antec.
830 2891 843 2920 .·
890 2875 977 2920 Est
1014 2872 1188 2920 sterilis
1227 2887 1285 2919 ex
1323 2887 1373 2919 se
1411 2873 1537 2928 sola,
1576 2887 1722 2928 conc„
1773 2871 2004 2918 adiuncta
2039 2872 2122 2918 ho-

212 2949 357 2996 minis
394 2948 644 3007 industria,
684 2964 810 3009 nego.
870 2949 1002 2995 Dist.
1035 2964 1151 2994 cens.
1172 2966 1184 2994 .·
1221 2947 1407 3009 Nequit
1443 2948 1744 3009 progignere
1771 2947 1952 2993 fructus
1988 2955 2122 2993 natu-

213 3025 363 3082 rales,
413 3040 554 3080 conc„
605 3024 786 3071 fructus
837 3023 1018 3081 civiles,
1069 3023 1096 3069 i.
1138 3038 1178 3070 e.
1217 3038 1320 3069 non
1369 3023 1577 3083 praebet
1611 3021 1801 3069 homini
1848 3021 2119 3078 utilitatem,

214 3100 296 3146 scl.
335 3107 632 3160 potestatem
670 3097 886 3145 faciendi
922 3099 1125 3156 lucrum,
1165 3113 1290 3158 vege.

290 3219 407 3257 Inst.
468 3212 543 3256 Ex
579 3209 829 3257 concessis
872 3209 1083 3270 pecunia
1120 3209 1310 3269 profert
1347 3209 1529 3255 fructus
1580 3208 1736 3255 solum
1784 3205 2018 3253 adiuncta
2053 3204 2122 3251 in-

215 3285 400 3331 dustria
445 3285 674 3331 humana.
748 3284 901 3345 Atqui
944 3283 1052 3330 talis
1100 3284 1282 3330 fructus
1329 3292 1402 3330 est
1447 3281 1762 3330 industrialis.
1833 3280 1973 3340 Ergo
2017 3294 2121 3326 non

215 3359 398 3406 fructus
436 3358 692 3421 pecuniae.
