2182 3682
432 183 519 212 LIB.
554 181 600 210 11.
647 181 747 211 CAP.
782 181 829 210 ΙΙ.
876 180 938 208 DE
972 178 1228 208 SOCIETATE
1263 178 1544 207 DOMESTICA.
1836 176 1935 230 345

50 326 295 371 testatem
348 326 588 366 mutuam
639 317 690 364 in
743 331 962 379 corpus,
1017 312 1172 373 alter,
1229 329 1335 377 quo
1381 311 1479 360 sibi
1531 313 1846 377 promittunt
1886 330 1943 362 se

50 416 341 465 numquam
373 415 562 448 usuros
601 396 701 446 hac
741 402 1024 461 potestate,
1069 394 1157 459 qui
1186 391 1338 442 simul
1380 393 1666 442 consistere
1707 400 1943 458 possunt.

52 482 226 532 Nemo
267 481 405 529 enim
447 486 610 544 negat
638 476 954 542 coniugibus
994 474 1150 524 licere
1191 481 1313 540 post
1341 473 1525 523 initum
1555 475 1948 523 matrimonium

52 580 158 613 non
198 561 370 612 solum
411 561 674 610 abstinere
715 558 782 607 ab
824 558 934 606 eius
975 573 1086 617 usu,
1130 557 1224 605 sed
1267 556 1425 605 etiam
1464 555 1564 604 sibi
1603 562 1788 605 mutuo
1830 572 1948 605 con-

53 644 327 694 tinentiam
367 643 691 709 promittere.
750 639 960 704 Quodsi
987 638 1165 688 statim
1194 645 1317 704 post
1344 637 1737 687 matrimonium
1766 637 1947 686 initum

53 727 157 776 hoc
209 724 348 775 licite
391 724 563 774 facere
615 729 867 788 possunt,
922 737 1029 769 non
1072 728 1319 786 apparet,
1375 736 1464 769 cur
1504 718 1556 767 id
1597 735 1706 767 non
1745 719 1952 784 possint

53 816 223 857 antea.
303 806 419 855 Nec
462 806 566 855 dici
616 810 795 870 potest
837 803 1097 851 eiusmodi
1139 810 1468 851 contractum
1512 799 1953 850 matrimonialem

55 905 232 940 carere
273 888 416 938 omni
469 887 689 947 effectu;
745 901 867 934 nam
916 883 1076 933 efficit
1116 883 1385 933 vinculum
1424 881 1614 932 stabile
1655 881 1951 948 coniugale,

54 972 126 1021 ita
164 979 221 1020 ut
259 988 306 1020 v.
339 987 389 1035 g.
431 970 534 1018 iam
576 967 947 1017 simultaneum
992 965 1385 1015 matrimonium
1427 982 1547 1014 cum
1589 964 1688 1014 alia
1729 981 1955 1030 persona

53 1051 227 1103 valide
267 1051 394 1100 inire
435 1056 716 1116 nequeant.

58 1203 204 1258 452.
287 1193 461 1243 Sclml.
496 1208 544 1242 2.
600 1193 685 1241 Ex
725 1192 829 1241 fine
858 1200 911 1240 et
951 1199 1138 1240 natura
1166 1189 1484 1239 matrimonii
1515 1187 1693 1255 colligi
1733 1195 1959 1255 possunt

55 1277 187 1326 haec
229 1275 405 1326 officia
446 1275 732 1341 coniugum
772 1275 906 1323 inter
945 1290 1028 1323 se:

138 1387 178 1423 Ι.
223 1382 467 1439 respectu
519 1372 636 1422 finis
676 1370 950 1437 primarii
1002 1370 1200 1420 habent
1248 1370 1328 1418 ius
1369 1375 1612 1418 mutuum
1652 1368 1721 1418 ad
1762 1369 1954 1430 omnia,

57 1472 193 1521 quae
234 1456 301 1505 ad
342 1455 623 1505 honestam
665 1454 1061 1520 generationem
1101 1461 1153 1502 et
1194 1451 1568 1501 educationem
1598 1451 1954 1516 requiruntur;

133 1558 179 1595 2.
224 1554 469 1611 respectu
511 1544 626 1594 finis
668 1543 986 1592 matrimonii
1025 1541 1338 1591 secundarii
1386 1540 1585 1590 habent
1624 1541 1703 1589 ius
1745 1539 1956 1590 cohabi-

56 1628 270 1677 tationis
310 1636 362 1677 et
407 1628 485 1677 ius
526 1626 779 1693 exigendi
820 1643 881 1674 ea
921 1625 1058 1674 vitae
1111 1623 1439 1674 domesticae
1481 1623 1766 1688 obsequia,
1821 1639 1958 1688 quae

58 1727 155 1775 pro
197 1710 500 1760 diversitate
539 1726 702 1759 sexus
742 1718 795 1758 et
835 1715 1004 1758 status
1032 1707 1100 1757 ad
1131 1715 1374 1756 mutuum
1415 1704 1735 1771 praesidium
1764 1713 1817 1754 et
1841 1705 1959 1755 sub-

59 1792 251 1842 sidium
291 1793 637 1858 requiruntur.

61 1950 207 2004 453·
279 1956 381 1997 Obi.
416 1969 449 1995 ι.
505 1948 639 1995 Finis
666 1947 951 2009 principalis
978 1945 1276 1993 matrimonii
1304 1953 1374 1992 est
1401 1946 1587 1991 bonum
1613 1943 1777 2006 prolis.
1816 1944 1968 2005 Atqui

58 2024 139 2070 hic
163 2023 273 2071 finis
309 2023 574 2085 impeditur
599 2023 649 2069 in
677 2038 792 2069 casu
819 2021 1094 2078 sterilitatis,
1135 2020 1172 2067 si
1202 2019 1568 2067 matrimonium
1595 2028 1666 2066 est
1691 2019 1962 2066 insolubile.

59 2098 197 2158 Etgo
232 2098 283 2145 in
321 2113 380 2145 eo
419 2114 534 2145 casu
569 2097 935 2144 matrimonium
973 2104 1044 2143 est
1080 2096 1280 2141 nullum.

139 2205 290 2253 Resp.
355 2196 488 2242 Com:
527 2197 634 2242 mai.
684 2196 816 2241 Dz’st.
855 2196 995 2241 min..-
1030 2191 1301 2254 Impeditur
1339 2191 1387 2237 in
1427 2206 1541 2237 casu
1578 2189 1838 2238 sterilitatis
1876 2206 1966 2252 pro

67 2271 235 2332 aliquo
260 2271 461 2318 homine
486 2269 768 2332 particulari
795 2278 842 2316 et
866 2284 955 2330 per
981 2267 1229 2324 accidens,
1260 2282 1392 2322 cana,
1420 2281 1510 2327 per
1535 2281 1585 2313 se
1612 2274 1659 2312 et
1684 2265 1972 2326 generatim,

61 2361 187 2406 nego.
239 2348 316 2393 De
342 2345 642 2393 institutione
674 2344 896 2402 naturali,
937 2359 1063 2404 quae
1094 2343 1157 2389 ad
1182 2343 1369 2389 bonum
1400 2356 1663 2388 commune
1701 2340 1968 2397 ordinatur,

61 2436 164 2468 non
200 2420 521 2468 iudicandum
569 2428 642 2466 est
689 2419 960 2466 secundum
999 2433 1083 2475 ea,
1134 2432 1261 2478 quae
1298 2432 1388 2478 per
1425 2415 1658 2463 accidens
1705 2415 1755 2461 in
1803 2415 1970 2475 aliquo

64 2511 180 2542 casu
216 2495 497 2557 particulari
536 2494 792 2551 eveniunt,
832 2494 921 2541 sed
957 2492 1229 2540 secundum
1268 2507 1339 2548 ea,
1381 2506 1506 2552 quae
1544 2506 1632 2552 per
1669 2505 1719 2537 se
1758 2498 1805 2537 et
1842 2504 1971 2536 com-

63 2570 274 2618 muniter
312 2570 617 2631 contingunt.
678 2568 944 2629 «Quamvis
974 2566 1273 2614 matrimonii
1310 2564 1698 2628 inseparabilitas
1735 2563 1973 2626 impediat

63 2646 248 2693 bonum
287 2645 438 2706 prolis
475 2646 524 2691 in
562 2644 728 2705 aliquo
764 2644 994 2701 homine,
1034 2651 1201 2689 tamen
1239 2650 1310 2688 est
1347 2640 1650 2687 conveniens
1687 2639 1749 2686 ad
1786 2640 1972 2686 bonum

64 2720 217 2781 prolis
255 2719 570 2782 simpliciter»
613 2715 677 2781 (S.
725 2719 905 2774 leom„
946 2718 1114 2779 Suppl.
1156 2733 1201 2777 q.
1243 2719 1320 2776 67,
1360 2732 1401 2762 a.
1446 2733 1465 2761 I
1508 2715 1572 2762 ad
1609 2711 1670 2775 4).

145 2825 247 2865 Obi.
282 2836 326 2864 2.
382 2815 754 2863 Matrimonium
784 2815 936 2862 oritur
961 2822 1219 2861 contractu
1249 2813 1421 2860 libero.
1471 2812 1609 2871 Ergo
1634 2818 1795 2872 potest
1827 2809 1972 2857 simili

66 2906 311 2940 consensu
347 2891 502 2939 libero
540 2892 715 2938 iterum
753 2890 952 2937 dissolvi
988 2889 1065 2936 vel
1104 2890 1275 2935 saltem
1313 2903 1371 2934 ea
1408 2885 1706 2933 condicione
1743 2884 1875 2943 iniri,
1921 2893 1972 2930 ut

67 2966 124 3014 sit
160 2967 383 3014 solubile.

144 3073 294 3121 Resp.
368 3063 502 3110 szc.
542 3069 684 3109 antec.
723 3068 767 3108 et
800 3077 914 3122 nego
953 3077 1070 3107 cons.
1144 3061 1201 3106 In
1239 3058 1458 3106 ineundo
1508 3054 1821 3103 matrimonio
1869 3069 1971 3100 non

67 3147 268 3201 possunt
303 3137 497 3185 excludi
533 3138 862 3199 proprietates
906 3134 1241 3191 necessariae,
1294 3148 1413 3194 quas
1451 3148 1511 3179 ex
1547 3130 1846 3178 institutione
1889 3145 1972 3175 na-

67 3222 203 3260 turae
228 3214 390 3260 habet.
445 3213 613 3272 Quare
650 3211 688 3258 si
718 3212 815 3259 duo
853 3211 1033 3258 inirent
1069 3208 1435 3256 matrimonium
1460 3207 1554 3252 hac
1591 3203 1820 3266 explicita
1857 3219 1972 3250 con-

68 3287 266 3335 dicione
314 3287 563 3349 apposita,
613 3295 663 3333 ut
698 3303 801 3334 non
839 3285 990 3334 velint
1035 3284 1159 3332 inire
1206 3281 1570 3331 matrimonium
1617 3278 1711 3326 nisi
1746 3277 1967 3336 solubile,

69 3370 349 3409 contractus
385 3370 511 3409 esset
546 3362 719 3408 nullus.
