2182 3682
591 160 743 188 CAPUT
777 160 818 190 V.
871 160 931 188 DE
966 161 1087 188 LEGE
1119 161 1377 191 NATURALr.
1836 156 1928 204 161

39 294 349 354 auctoritas,
407 310 545 360 quae
596 312 798 360 poenas
848 296 900 344 in
952 304 1205 345 concreto
1255 313 1353 361 pro
1407 297 1678 362 exigentia
1720 300 1936 349 circum-

37 374 350 425 stantiarum
391 375 767 425 determinaret
807 384 860 426 et
899 376 1174 442 infligeret.

49 509 189 574 189·
271 528 372 568 Obi.
446 522 519 567 Ex
567 521 707 569 dictis
759 523 914 568 solum
962 521 1143 569 inferre
1191 522 1306 570 licet
1352 523 1693 570 necessitatem
1739 525 1939 572 alicuius

40 594 244 642 viventis
280 595 578 642 auctoritatis
613 598 690 643 vel
726 596 966 653 iudicum,
1021 596 1104 657 qui
1139 596 1189 643 in
1226 597 1460 644 societate
1495 597 1709 645 humana
1747 614 1942 681 semper

39 677 235 731 praesto
285 669 380 715 sint
431 678 479 716 et
529 685 613 727 ea,
669 685 794 730 quae
847 670 910 716 ad
961 671 1147 717 bonum
1199 671 1444 718 societatis
1496 671 1829 733 requiruntur,
1889 673 1938 718 in

39 742 240 804 singulis
289 743 481 790 casibus
533 744 875 791 determinent.
964 745 1032 791 Hi
1084 753 1246 792 essent
1298 745 1434 806 quasi
1489 747 1589 792 «ius
1640 748 1937 793 animatum»

40 813 228 879 (ΑΙ-ὠή,
265 818 376 864 Eth.
415 819 443 865 l.
485 831 526 879 5,
566 834 606 865 c.
646 814 708 877 4).

118 901 268 949 Resp.
341 891 596 938 Eiusmodi
643 891 830 939 iudices
876 908 978 939 non
1017 894 1296 940 sufficerent
1332 893 1577 955 triplicem
1615 894 1679 941 ob
1717 908 1939 942 causam:

40 961 84 1026 a)
123 966 237 1026 quia
272 965 467 1027 plurimi
504 966 870 1026 requirerentur
915 967 978 1013 ad
1014 966 1329 1013 iudicandum
1370 968 1431 1015 de
1468 967 1695 1029 singuli33
1744 969 1942 1016 difficile

40 1048 201 1087 autem
239 1048 364 1086 esset
398 1040 621 1087 invenire
658 1048 729 1086 tot
764 1041 1009 1102 sapientes
1047 1041 1110 1087 ad
1146 1041 1242 1088 hoc
1279 1056 1452 1088 munus
1477 1041 1712 1103 idoneos3
1747 1039 1798 1103 b)
1826 1043 1944 1090 eius-

39 1114 174 1161 modi
220 1113 406 1161 iudices
453 1114 695 1161 deberent
741 1115 1031 1176 plerumque
1079 1115 1193 1162 ilico
1241 1115 1302 1162 de
1341 1116 1532 1162 casibus
1569 1117 1726 1163 subito
1764 1118 1943 1164 exortis

30 1187 282 1249 iudicare,
322 1187 456 1249 quod
494 1187 832 1235 difficillimum
870 1198 966 1247 est,
1006 1190 1120 1236 dum
1159 1205 1186 1236 e
1224 1189 1472 1237 contrario
1509 1191 1757 1251 legislator
1792 1192 1944 1252 longo

37 1272 263 1324 tempore
311 1263 373 1309 de
420 1278 473 1310 re
522 1278 582 1310 ex
629 1264 764 1309 omni
811 1272 949 1325 parte
999 1264 1274 1311 deliberare
1324 1273 1371 1311 et
1418 1265 1488 1311 sic
1532 1265 1719 1312 facilius
1756 1274 1943 1313 rectum

37 1337 260 1384 invenire
308 1345 493 1398 potest:
544 1333 588 1398 c)
627 1339 747 1384 tales
795 1337 980 1385 iudices
1028 1338 1270 1385 deberent
1317 1339 1379 1386 de
1424 1339 1569 1386 rebus
1605 1340 1945 1400 praesentibus

38 1411 270 1468 iudicare,
311 1427 518 1472 quarum
555 1427 702 1473 saepe
739 1411 957 1473 ipsorum
996 1414 1198 1459 multum
1235 1413 1450 1469 interest,
1490 1422 1537 1460 et
1574 1429 1690 1475 erga
1716 1430 1836 1475 quas
1869 1416 1946 1462 vel

39 1501 207 1533 amore
246 1495 294 1533 et
330 1486 596 1547 cupiditate
633 1487 711 1533 vel
749 1486 865 1533 odio
904 1487 1192 1534 afficiuntur.
1247 1489 1389 1534 Esset
1424 1487 1568 1548 igitur
1605 1489 1945 1536 difficillimum

39 1575 209 1608 eorum
253 1559 486 1607 iudicium
522 1577 622 1607 non
660 1562 922 1622 corrumpi.
995 1561 1270 1622 Legislator
1307 1571 1494 1617 autem,
1544 1562 1627 1624 qui
1664 1562 1847 1610 iudicat
1882 1564 1946 1610 de

39 1634 208 1682 futuris
256 1643 304 1682 et
349 1634 401 1681 in
448 1635 736 1693 universali,
785 1635 899 1682 huic
946 1635 1167 1697 periculo
1215 1636 1375 1682 minus
1415 1637 1634 1684 subiacet
1672 1634 1736 1699 (S.
1783 1639 1944 1685 Tlmm.

47 1727 86 1768 1,
130 1727 170 1767 2,
209 1725 256 1771 q.
297 1723 373 1772 95,
411 1725 453 1757 a.
498 1727 517 1756 1
559 1709 624 1757 ad
663 1705 722 1771 2).

52 1850 193 1903 190.
274 1854 320 1892 2.
372 1841 699 1892 Accuralior
736 1841 876 1891 7202‘2'0
916 1841 1056 1906 legis
1094 1841 1380 1907 positivae.
1447 1843 1504 1891 In
1534 1841 1653 1908 lege
1695 1843 1947 1913 distingui

43 1929 223 1989 potest
250 1922 574 1993 elementum
601 1923 892 1973 wmteriale
920 1923 1263 1988 elfm‘llzale:
1306 1920 1629 1974 elementum
1657 1925 1947 1974 materiale

43 2012 167 2054 sunt
205 1992 441 2056 actiones
492 2005 576 2056 vel
618 2005 947 2067 omissiones,
992 2023 1130 2071 quae
1170 2004 1290 2071 lege
1332 1996 1792 2072 praescribuntur3
1848 2006 1945 2067 ele-

43 2094 284 2149 mentum
310 2088 565 2153 formale
619 2096 699 2138 est
749 2088 863 2157 1135?
905 2087 1182 2154 obligatio.
1264 2088 1313 2152 a)
1355 2088 1573 2154 Propria
1627 2090 1758 2138 ratio
1801 2089 1946 2138 diffe-

44 2169 241 2218 rentiae
296 2170 432 2220 inter
487 2170 663 2237 legem
720 2169 1016 2220 naturalem
1073 2178 1125 2219 et
1180 2171 1464 2236 positivam
1522 2172 1819 2221 desumitur
1878 2189 1948 2220 ex

44 2249 311 2301 elemento
339 2252 602 2316 formali.
671 2252 790 2301 Lex
818 2251 1069 2302 naturalis
1111 2251 1499 2318 obligationem
1540 2253 1703 2303 habet
1744 2271 1813 2303 ex
1842 2253 1948 2303 Dei

45 2330 321 2383 voluntate
361 2333 714 2400 hypothetice
767 2333 815 2398 (i.
861 2351 904 2384 e.
949 2335 1231 2400 supposita
1271 2336 1560 2399 creatione)
1603 2336 1912 2385 necessaria
1928 2356 1947 2399 ,-

48 2412 137 2463 leX
175 2431 302 2464 vero
344 2416 571 2481 positiva
626 2434 696 2466 ex
747 2415 923 2466 libera
965 2415 1300 2466 ordinatione
1341 2417 1477 2478 eius,
1534 2418 1616 2467 cui
1668 2418 1948 2483 imperium

47 2494 99 2545 in
150 2494 281 2546 alios
333 2499 607 2564 competit.
688 2499 785 2548 Est
841 2507 1020 2547 tamen
1061 2497 1116 2561 b)
1159 2498 1318 2547 etiam
1371 2516 1439 2548 ex
1494 2508 1645 2565 parte
1701 2499 1950 2549 elementi

48 2578 360 2630 materialis
399 2581 754 2647 discrepantia
805 2581 940 2630 inter
991 2579 1166 2645 legem
1210 2580 1502 2630 naturalem
1554 2590 1606 2630 et
1646 2582 1945 2647 positivam.

50 2658 197 2728 Prior
253 2660 425 2711 solum
485 2662 761 2734 prohibet,
825 2679 960 2728 quae
1015 2669 1137 2711 sunt
1191 2662 1473 2712 intrinsece
1528 2662 1838 2727 inhonesta,
1897 2672 1949 2713 et

49 2744 389 2808 praescribit,
434 2729 590 2811 quae
609 2745 811 2795 habent
857 2732 1210 2794 necessariam
1250 2743 1603 2795 honestatem.
1684 2745 1950 2813 Posterior

49 2840 175 2873 vero
227 2833 406 2891 potest
456 2827 674 2893 quidem
723 2827 882 2876 etiarn
934 2824 1057 2875 talia
1108 2825 1393 2892 prohibere
1439 2826 1523 2876 vel
1570 2828 1946 2893 praescribere,

38 2905 144 2962 ‚sed
184 2907 401 2974 insuper
450 2909 610 2959 etiam
661 2908 790 2970 alia,
853 2924 991 2974 quae
1042 2916 1164 2957 sunt
1218 2925 1314 2974 per
1360 2925 1417 2958 se
1467 2908 1550 2958 vel
1598 2909 1949 2960 indifferentia

49 2985 132 3036 vel
185 2988 328 3057 bona
385 3007 493 3040 non
548 2991 858 3055 necessaria.
902 3019 974 3025 ——
1015 2989 1099 3039 Ex
1146 2989 1227 3039 his
1283 2990 1589 3040 differentiis
1644 2990 1949 3040 fundamen-

51 3062 245 3120 talibus
284 3058 420 3121 inter
468 3071 644 3138 legem
697 3071 989 3122 naturalem
1031 3079 1084 3121 et
1123 3071 1407 3137 positivam
1458 3081 1751 3138 sequuntur
1801 3072 1946 3134 aliae,

52 3148 177 3201 scl.:
235 3152 284 3216 c)
326 3151 414 3203 lex
471 3153 721 3204 naturalis
761 3171 792 3205 a
832 3153 993 3221 priori
1044 3170 1114 3202 ex
1165 3153 1432 3219 principiis
1484 3154 1699 3204 rationis
1751 3171 1948 3220 cogno-

50 3231 233 3296 scitur3
291 3233 381 3284 lex
444 3235 672 3302 positiva
729 3253 825 3302 per
879 3235 1164 3302 positivam
1218 3235 1663 3300 significationem
1725 3235 1949 3285 subditis
1994 3228 1997 3231 ¹

53 3315 436 3381 promulgatur.
517 3317 573 3381 d)
627 3317 748 3367 Lex
802 3315 1053 3368 naturalis
1108 3316 1528 3381 inseparabiliter
1583 3333 1704 3366 cum
1765 3325 1950 3368 natura

143 3405 385 3449 Caffirein,
412 3408 545 3442 Philos.
571 3408 726 3442 moralis.
770 3409 835 3442 Ed.
864 3420 895 3449 5.
1633 3416 1676 3445 11
