2182 3682
206 194 312 244 244
602 191 716 222 PARS
750 191 797 221 11.
848 190 1168 221 PHILOSOPHIA
1202 190 1406 220 MORALIS
1442 190 1693 221 SPECIALIS.

281 339 432 388 Resp.
504 329 563 376 Id
598 329 703 376 fieri
740 337 921 391 posset,
961 329 1000 375 si
1025 328 1277 375 moraliter
1314 336 1503 375 certum
1529 336 1658 375 esset
1683 343 1795 375 eum
1820 327 1872 374 in
1895 336 2107 389 peceato

203 404 399 452 mortali
434 404 645 462 versari,
695 412 741 451 et
789 413 923 451 certa
971 412 1019 451 et
1066 418 1248 464 magna
1296 417 1408 464 spes
1446 411 1574 450 esset
1610 417 1723 450 eum
1758 401 2009 461 salvandi,
2059 410 2108 450 et

202 479 404 541 insuper
439 479 691 527 moraliter
740 488 927 526 certum
978 479 1202 525 invasum
1250 477 1301 524 in
1350 485 1476 524 statu
1511 478 1698 538 gratiae
1734 476 1933 525 versari.
2006 477 2108 525 Sed

201 555 325 602 haec
362 554 411 601 in
449 554 586 616 praxi
622 553 700 600 vix
736 569 971 614 umquam
1010 552 1176 600 omnia
1214 552 1388 600 adesse
1424 561 1643 614 possunt.

934 708 1268 748 ARTICULUS
1299 708 1372 748 IV.

258 814 350 859 DE
390 812 674 859 OFFICIIS
712 812 974 859 MUTUIS
1013 811 1221 859 CIRCA
1259 812 1512 858 FAMAM
1549 813 1637 858 ET
1674 812 2044 860 HONOREM.

206 914 269 968 (S.
312 917 452 956 Thom.
489 927 525 965 2,
563 926 600 964 2,
636 930 674 968 q.
712 924 778 966 73,
813 930 850 955 a.
881 926 895 954 1
935 922 974 954 et
1009 926 1047 955 2.
1091 916 1269 963 Lessius,
1304 916 1371 955 De
1405 916 1555 955 iustitia
1588 923 1628 955 et
1660 916 1747 955 iure
1781 929 1815 955 c.
1845 926 1909 964 ΙΙ,
1945 915 2045 955 dub.
2076 926 2110 955 Ι.

574 985 618 1023 de
651 985 782 1035 Lago,
816 984 883 1022 De
917 983 1065 1022 iustitia
1098 992 1138 1024 et
1174 983 1262 1023 iure
1295 984 1403 1037 disp.
1444 995 1507 1034 14,
1543 991 1643 1023 sect.
1683 981 1741 1035 Ι.)

206 1086 351 1150 308.
442 1102 481 1137 1.
525 1087 708 1137 Fama
750 1103 781 1137 a
822 1086 983 1137 fando
1027 1087 1170 1137 dicta
1209 1104 1371 1153 saepe
1399 1087 1621 1137 sumitur
1648 1104 1744 1154 pro
1774 1086 1957 1147 modo,
2001 1103 2109 1153 quo

203 1170 445 1220 homines
499 1170 563 1220 de
617 1170 772 1220 nobis
824 1169 1130 1236 loquuntur.
1211 1169 1576 1236 Propriissime
1628 1178 1808 1220 tamen
1847 1168 2111 1235 significat

202 1252 437 1303 aliorum
479 1253 543 1302 de
573 1253 724 1304 nobis
754 1253 1007 1319 rebusque
1033 1253 1236 1303 nostris
1265 1251 1534 1302 iudicium.
1605 1252 1704 1302 Per
1730 1269 1787 1302 se
1816 1242 2111 1302 ad⁴⁷famam

202 1336 482 1401 requiritur
522 1335 808 1385 multorum
852 1335 919 1385 de
961 1334 1139 1401 aliquo
1182 1335 1398 1384 homine
1438 1335 1714 1397 iudicium;
1767 1335 1891 1401 quia
1930 1341 2110 1384 tamen

202 1418 442 1485 partibus
493 1418 847 1484 homogeneis
901 1426 1139 1479 constat,
1195 1418 1353 1468 etiam
1395 1418 1547 1467 unius
1589 1417 1819 1467 hominis
1858 1417 2110 1467 iudicium

202 1502 270 1551 de
311 1500 489 1567 aliquo
532 1510 611 1550 est
654 1501 794 1550 fama
833 1499 1022 1551 saltem
1053 1500 1329 1565 partialis
1369 1508 1421 1550 et
1462 1499 1787 1550 incolzaliva.

276 1583 542 1633 Dividitur
582 1584 632 1632 in
675 1583 864 1633 bonam
908 1592 960 1633 et
1001 1582 1208 1632 malam
1252 1583 1464 1633 famam.

274 1666 431 1715 Bona
468 1666 669 1730 semla,
724 1683 862 1731 quae
913 1683 1076 1732 saepe
1128 1665 1287 1715 etiam
1340 1664 1649 1732 simpliciter
1691 1664 1828 1715 fama
1869 1672 2106 1725 vocatur,

201 1758 280 1799 est
321 1749 463 1798 bona
504 1749 830 1810 aestimatio,
886 1765 1047 1815 quam
1087 1747 1173 1798 alii
1214 1748 1282 1798 de
1322 1748 1478 1798 nobis
1519 1757 1741 1815 propter
1780 1748 1982 1821 bonum
2025 1746 2127 1811 ali-7

201 1832 348 1898 quod
389 1840 629 1881 nostrum
670 1830 887 1882 habent.
957 1830 1189 1880 Nomine
1218 1830 1343 1880 boni
1367 1830 1453 1881 hic
1488 1831 1811 1897 intellegitur
1838 1822 2108 1896 quaelibet

200 1914 484 1982 perfectio,
541 1931 677 1980 quae
730 1914 1001 1964 hominem
1052 1912 1374 1963 laudabilem
1416 1914 1615 1964 reddit:
1671 1913 1904 1963 maxime
1943 1913 2109 1963 virtus

200 2007 253 2048 et
292 1997 579 2063 sapientia,
636 1997 758 2046 dein
799 1996 1099 2063 ingenium,
1145 1995 1476 2062 eloquentia,
1520 1995 1799 2057 valetudo,
1843 1994 2106 2056 nobilitaS‚

201 2080 413 2130 divitiae
469 2088 569 2129 etc.
649 2080 832 2129 Bonae
890 2078 1062 2129 famae
1115 2079 1407 2144 opponitur
1457 2078 1596 2128 mala
1648 2077 1787 2128 fama
1837 2095 1930 2128 seu
1971 2075 2110 2127 mala

200 2162 513 2224 aestimatio,
558 2170 888 2227 contemptus.

272 2246 424 2295 Bona
480 2244 619 2295 fama
675 2245 906 2294 exterius
966 2243 1303 2294 manifestata
1357 2252 1580 2294 vocatur
1633 2242 1821 2293 honor.
1918 2242 2110 2292 Honor

200 2346 328 2394 ergo
371 2327 575 2377 definiri
617 2334 797 2393 potest
835 2327 1161 2394 szgm'ficalio
1202 2326 1292 2376 vel
1327 2326 1628 2393 testificatio
1667 2325 1833 2375 bonae
1860 2324 2108 2374 aestima-

199 2411 374 2473 tionis,
417 2427 577 2477 quam
606 2410 671 2459 de
698 2409 812 2460 alio
842 2409 1112 2459 habemus.
1182 2409 1246 2458 Ei
1287 2409 1579 2475 opponitur
1606 2406 1941 2468 contumelia,
1971 2422 2109 2473 quae

183 2503 281 2564 ‘est
344 2493 534 2543 iniusta
600 2492 762 2542 laesio
829 2491 1050 2542 honoris
1114 2490 1270 2542 alieni
1330 2508 1424 2558 per
1480 2489 1926 2557 significationem
1987 2505 2107 2539 con-

201 2568 450 2642 temptus.
548 2575 741 2625 Honor
800 2573 1069 2641 complete
1125 2582 1370 2640 sumptus
1424 2572 1649 2623 includit
1703 2572 1904 2622 bonam
1960 2571 2108 2621 aesti-

201 2659 494 2709 mationem
547 2674 641 2707 seu
695 2656 890 2706 famam
933 2665 985 2706 et
1024 2656 1147 2706 ideo
1189 2664 1270 2706 est
1309 2656 1479 2705 maius
1519 2655 1723 2704 bonum
1764 2671 1927 2721 quam
1967 2653 2111 2703 bona

202 2741 342 2791 fama
407 2739 536 2790 sola.
637 2737 694 2789 Si
760 2746 937 2789 autem
999 2738 1288 2804 praecisive
1347 2737 1598 2798 sumitur,
1662 2745 1822 2803 prout
1878 2752 1911 2786 a
1969 2734 2109 2785 fama

203 2823 556 2888 distinguitur,
609 2821 782 2871 honor
821 2829 902 2871 est
942 2821 1116 2870 minus
1156 2821 1362 2870 bonum
1402 2836 1560 2886 quam
1603 2820 1747 2869 bona
1787 2818 1942 2879 fama,
1985 2817 2109 2884 quia

202 2905 375 2955 honor
414 2904 465 2953 in
506 2911 713 2953 tantum
754 2904 1076 2963 aestimatur,
1120 2902 1171 2952 in
1206 2909 1463 2969 quantum
1495 2911 1575 2952 est
1602 2900 1904 2952 testificatio
1932 2900 2108 2950 bonae

202 2987 389 3037 famae.
471 2986 664 3036 Honor
715 2984 854 3036 laedi
905 2992 1111 3052 potest,
1169 2986 1295 3051 quin
1348 2984 1590 3035 laedatur
1629 2984 1774 3034 bona
1814 2982 1979 3043 fama,
2034 2982 2108 3031 sic

201 3088 249 3121 v.
294 3087 344 3136 g
388 3070 431 3119 si
471 3068 587 3135 quis
638 3067 787 3118 alteri
838 3068 889 3117 in
943 3067 1159 3117 occulto
1209 3067 1417 3133 alapam
1462 3067 1580 3128 dat,
1623 3064 1788 3116 violat
1827 3064 2103 3124 honorem,

203 3152 299 3202 sed
340 3169 448 3201 non
490 3150 700 3201 famam.
2077 3140 2080 3141 ⁷

208 3303 354 3356 309.
435 3305 482 3342 2.
525 3292 677 3340 Bona
719 3289 858 3340 fama
899 3299 952 3339 et
991 3289 1166 3339 honor
1205 3289 1255 3338 in
1296 3288 1557 3338 societate
1583 3286 1782 3337 viventi
1811 3285 2105 3352 generatim

205 3375 501 3425 necessaria
551 3382 700 3434 sunt,
755 3372 876 3438 quia
927 3370 1190 3432 efficiunt,
1245 3379 1303 3420 ut
1355 3370 1439 3420 alii
1492 3370 1539 3419 ei
1592 3369 1756 3419 fidem
1796 3367 2103 3428 adhibeant,
