2182 3682
179 163 288 227 456
579 172 693 201 PARS
727 172 776 201 ΙΙ.
827 170 1153 200 PHILOSOPHIA
1186 169 1390 198 MORALIS
1426 168 1676 197 SPECIALIS.

182 309 292 361 Sed
332 308 476 358 nulla
516 326 586 357 ex
638 308 925 375 praedictis
966 306 1148 356 formis
1189 314 1270 356 est
1309 304 1407 355 illis
1449 305 1660 354 duabus
1710 304 2093 371 praerogativis

178 410 277 459 pro
330 391 579 441 omnibus
634 390 896 440 adiunctis
947 406 1074 455 prae
1127 388 1315 438 ceteris
1369 396 1568 438 ornata.
1659 387 1798 437 Nam
1850 387 1900 451 a)
1953 404 2093 437 mon-

181 473 377 524 arclzz'a
430 490 525 539 per
564 490 621 522 se
662 472 882 538 quidem
923 471 1168 537 dignitati
1208 487 1491 536 supremae
1531 469 1835 536 potestatis,
1889 469 2092 530 unitati,

181 557 375 617 ordini,
432 555 686 605 celeritati
738 554 1007 619 regiminis
1061 552 1227 614 favet,
1284 561 1547 613 attamen,
1604 552 1728 618 quia
1775 559 1946 601 totam
1987 551 2095 600 fere
2166 601 2175 609 ,⁷

179 647 506 705 potestatem
536 639 624 687 uni
664 637 882 697 homini,
927 635 1220 702 fragilitatis
1256 635 1520 684 humanae
1548 652 1656 684 non
1685 634 1907 700 experti,
1953 650 2094 684 com-

180 721 366 782 mittit,
411 719 562 770 facile
605 720 896 784 degenerat
935 718 1019 768 vel
1059 718 1111 768 in
1152 718 1558 783 despotismnm,
1600 717 1631 767 i.
1675 734 1719 767 e.
1763 716 1815 765 in
1856 716 2093 782 regimen

180 821 325 853 mere
366 803 725 863 arbitrarium,
784 800 868 851 vel
908 801 959 850 in
1000 800 1371 867 lyrannidem,
1425 800 1453 850 i.
1499 817 1542 849 e.
1587 799 1639 848 in
1679 798 1906 848 abusum
1946 806 2093 865 pote-

180 887 330 936 statis
370 886 422 935 in
463 885 727 951 privatum
769 883 1019 950 principis
1061 882 1438 944 commodum3
1494 882 1549 947 b)
1591 881 1924 931 democratia
1965 898 2093 931 vero

181 986 276 1035 per
315 986 372 1018 se
413 967 713 1017 libertatem
742 966 931 1016 civium
973 966 1145 1016 minus
1175 973 1427 1025 coarctat,
1471 965 1724 1014 maiorem
1753 964 2094 1014 securitatem

182 1052 250 1101 ab
304 1051 553 1101 oneribus
606 1050 748 1099 duris
801 1058 853 1099 et
909 1049 1154 1098 universo
1211 1047 1416 1114 populo
1473 1046 1712 1098 molestis
1766 1046 1990 1112 praebet
2041 1054 2094 1096 et

182 1133 516 1199 singulorum
557 1133 748 1183 civium
777 1130 1102 1198 vigilantiam
1145 1138 1198 1180 et
1238 1131 1474 1180 studium
1514 1131 1566 1179 in
1607 1146 1719 1179 rem
1751 1146 2095 1179 communem

183 1226 371 1283 auget,
433 1214 584 1266 facile
640 1224 820 1279 tamen
876 1214 1148 1280 perpetuis
1205 1212 1620 1263 dissensionibus
1675 1220 1728 1262 et
1782 1210 2096 1261 tumultibus

183 1299 421 1350 obnoxia
480 1307 588 1359 est,
652 1304 926 1364 praeterea
986 1314 1080 1362 per
1138 1313 1254 1346 eam
1316 1294 1688 1361 promptitudo
1748 1302 1801 1344 et
1859 1293 2096 1343 efficacia

181 1382 463 1449 potestatis
490 1380 740 1447 politicae
768 1396 877 1429 non
906 1395 1023 1429 raro
1053 1378 1354 1445 impeditur,
1398 1386 1451 1428 et
1478 1376 1773 1444 periculum
1802 1376 2095 1442 tyrannidis

182 1473 235 1516 et
263 1464 577 1530 despotismi
605 1463 840 1513 fervente
868 1463 1097 1528 partium
1128 1461 1305 1510 studio
1335 1478 1441 1510 non
1471 1459 1787 1510 excluditur.
1846 1458 2094 1524 Denique

183 1548 231 1612 c)
274 1546 644 1607 aristocratia,
688 1562 810 1595 cum
844 1544 1118 1610 utriusque
1157 1543 1532 1610 praecedentis
1573 1542 1774 1592 formae
1803 1541 2094 1591 commoda

182 1631 385 1680 minore
442 1629 610 1695 gradu
667 1627 975 1694 participat,
1032 1627 1305 1692 utriusque
1362 1626 1557 1692 pariter
1611 1623 1969 1674 incommodis
2024 1640 2094 1672 ex

181 1722 332 1780 parte
372 1712 627 1762 subicitur
667 1720 829 1776 atque
870 1711 1086 1775 insuper
1127 1710 1262 1758 odiis
1303 1718 1356 1758 et
1397 1709 1565 1758 turbis
1604 1708 1738 1757 inter
1783 1706 2000 1772 plebem
2040 1714 2094 1755 et

183 1797 471 1863 optimates
511 1810 697 1844 ansam
737 1793 975 1859 praebet.

258 1900 305 1936 2.
350 1884 558 1951 Quodsi
599 1884 892 1950 quaeritur,
949 1897 1214 1948 quaenam
1266 1880 1536 1947 regiminis
1587 1879 1756 1929 forma
1797 1877 2092 1928 secundum

182 1967 503 2035 populorum
555 1966 852 2032 exigentias
904 1964 1221 2031 plerumque
1273 1972 1326 2012 et
1379 1962 1731 2012 communiter
1782 1960 2094 2026 contingere

181 2050 364 2101 solitas
404 2049 590 2099 melior
630 2049 897 2109 videatur,
948 2046 1240 2112 respondet
1283 2044 1333 2094 S.
1387 2044 1625 2094 Thomas
1666 2045 1735 2108 (Ι,
1782 2057 1828 2105 2,
1873 2060 1923 2108 q.
1975 2052 2091 2105 105,

183 2151 226 2184 a.
280 2135 326 2198 Ι)
379 2140 669 2199 praeeunte
710 2129 1006 2180 Aristotele
1059 2127 1352 2195 generatim
1403 2125 1766 2176 monarchiam
1808 2142 1924 2175 esse
1965 2125 2095 2190 opti-

184 2233 345 2277 mam,
390 2232 509 2265 eam
549 2224 727 2264 tamen
771 2220 1122 2278 temperatam
1166 2219 1278 2260 tum
1312 2209 1579 2259 elemento
1609 2207 2002 2269 aristocralz'co,
2043 2207 2096 2256 in

184 2307 443 2365 quantum
483 2297 581 2346 sub
611 2313 737 2362 rege
766 2294 916 2344 multi
956 2293 1320 2360 principantur
1347 2291 1645 2342 secundum
1671 2291 1937 2351 virtutem,
1980 2295 2096 2339 tum

184 2381 450 2431 elemento
492 2378 872 2440 democratz'co,
925 2378 978 2426 in
1031 2384 1289 2442 quantum
1332 2392 1401 2424 ex
1452 2374 1658 2440 populo
1706 2380 1933 2439 possunt
1972 2371 2097 2437 eligi

184 2464 475 2530 principes,
531 2471 584 2511 et
626 2462 694 2511 ad
749 2460 979 2510 eundem
1033 2459 1262 2524 pertinet
1303 2456 1493 2507 electio
1546 2455 1863 2522 principum.
1943 2454 2096 2503 Idem

184 2547 419 2597 sentiunt
459 2543 666 2611 plurimi
709 2542 807 2604 alii,
852 2551 909 2592 ut
950 2540 1311 2591 Bellarminus.

190 2693 267 2746 62
286 2705 336 2744 Ι.
420 2707 465 2757 3.
496 2690 768 2742 Absolute
796 2699 974 2740 tamen
1003 2689 1164 2739 asseri
1192 2695 1372 2754 potest
1400 2686 1541 2736 illam
1571 2685 1840 2752 regiminis
1868 2685 2091 2734 formam

187 2794 303 2827 esse
344 2775 499 2825 alicui
539 2772 742 2841 populo
784 2772 1127 2832 utilissimam,
1173 2788 1308 2836 quae
1349 2769 1585 2835 legitime
1618 2768 1925 2817 introducta
1962 2765 2097 2816 illius
2159 2810 2163 2814 .

187 2859 463 2918 historiae,
521 2855 712 2916 indoli,
770 2856 1007 2905 moribus
1059 2854 1230 2919 magis
1283 2852 1544 2917 congruit.
1628 2848 1791 2914 Quod
1843 2849 1959 2916 ipsa
2011 2866 2097 2897 ex-

189 2941 442 3008 perientia
488 2938 813 2989 sufficienter
854 2936 1252 3003 comprobatur.
1334 2934 1474 2983 Hinc
1523 2933 1682 2983 etiam
1734 2931 1819 2992 fit,
1872 2938 1930 2981 ut
1981 2947 2098 2980 raro

188 3024 409 3074 alicuius
448 3022 731 3071 historicae
760 3020 1029 3086 regiminis
1056 3018 1258 3068 formae
1287 3017 1524 3077 mutatio,
1569 3014 1879 3081 praesertim
1904 3013 2094 3074 subita,

188 3107 406 3172 impune
446 3104 644 3169 suscipi
684 3103 866 3169 possit.

265 3210 313 3258 4.
373 3193 852 3259 Quemadmodum
913 3208 982 3240 ex
1043 3189 1329 3256 praedictis
1393 3186 1574 3237 formis
1632 3185 1776 3235 nulla
1836 3194 1946 3235 tam
2004 3172 2095 3233 imss

191 3277 429 3344 perfecta
468 3283 562 3336 est,
607 3291 744 3341 quae
784 3290 891 3323 non
932 3273 1059 3322 satis
1100 3288 1355 3337 prospere
1395 3269 1638 3319 adhiberi
1676 3267 1860 3333 possit,
1902 3266 2095 3315 sicum
2166 3315 2179 3330 ᾗ

192 3359 397 3409 sincero
438 3357 664 3407 iustitiae
705 3355 883 3406 studio
923 3356 975 3404 in
1015 3353 1240 3403 subditis
1291 3352 1486 3418 pariter
1527 3359 1581 3400 et
1619 3350 1670 3399 in
1711 3347 2095 3415 imperantibus
