2182 3682
521 172 607 201 LIB.
643 172 692 201 ΙΙ.
738 171 838 200 CAP.
872 171 939 200 ΙΙΙ.
987 171 1049 198 DE
1084 171 1340 200 SOCIETATE
1375 172 1531 200 CIVILI.
1854 170 1960 226 457

69 308 426 373 coniungitur,
484 307 555 356 ita
605 304 748 354 nulla
801 313 911 354 tam
966 304 1201 370 perfecta
1253 313 1360 365 est,
1418 312 1476 354 ut
1527 305 1595 354 ad
1650 323 1964 372 prosperum

68 390 301 455 regimen
342 387 430 438 illo
472 387 753 438 deficiente
793 386 1034 436 sufficiat.
1116 386 1255 435 Nam
1303 386 1497 435 iustitia
1538 395 1617 436 est
1658 387 1963 438 fundamen-

68 480 179 522 tum
219 487 516 536 regnorum.

303 644 331 698 ἓ
363 657 402 695 4.
452 646 531 684 DE
563 644 870 684 REGIMINIS
904 644 1109 682 FORMA
1141 644 1722 684 REPRAESENTATIVA.

70 755 216 808 622.
295 755 447 806 Haec
485 755 750 821 regiminis
779 753 947 804 forma
987 753 1148 803 hodie
1175 754 1226 802 in
1257 754 1505 803 omnibus
1534 753 1639 803 fere
1669 754 1968 804 civitatibus

65 855 159 905 per
199 838 471 903 Europam
511 838 696 902 vigens
737 844 789 886 et
830 836 1059 902 primum
1099 852 1130 885 a
1171 835 1357 885 Locke
1400 845 1452 885 et
1481 836 1855 902 Montesquieu
1897 837 1966 886 ad

64 919 366 985 analogiam
395 918 785 969 constitutionis
814 917 1055 984 anglicae
1084 917 1376 968 theoretice
1405 917 1633 978 exculta,
1676 919 1751 968 sic
1785 919 1968 984 paucis

66 1002 369 1052 adumbrari
418 1009 613 1067 potest.
695 999 978 1051 Summum
1029 1001 1307 1066 imperium
1361 1009 1440 1050 est
1492 1000 1634 1066 apud
1688 999 1965 1066 populum,

66 1085 155 1150 qui
206 1083 353 1150 leges
404 1083 503 1133 fert
554 1101 648 1150 per
693 1083 1054 1132 mandatarios
1095 1100 1125 1132 a
1165 1100 1221 1132 se
1263 1082 1464 1132 electos
1505 1091 1557 1132 et
1610 1082 1660 1131 in
1703 1099 1968 1132 cameram

67 1167 446 1232 deputatorum
475 1174 847 1231 congregatos.
905 1164 998 1214 Ad
1036 1165 1190 1214 huius
1220 1182 1476 1226 camerae,
1522 1181 1658 1230 quae
1686 1165 1969 1231 praecipue

66 1249 134 1298 ad
187 1249 441 1298 tuendam
493 1247 680 1314 populi
733 1247 1033 1297 libertatem
1086 1247 1405 1309 destinatur,
1461 1254 1785 1313 potestatem
1826 1264 1968 1296 coer-

66 1331 292 1380 cendam
334 1330 508 1379 eidem
545 1330 753 1379 accedit
779 1338 995 1379 senatus
1025 1330 1345 1395 optimatum
1374 1346 1443 1379 ex
1471 1329 1745 1379 altioribus
1785 1328 1969 1395 populi

65 1412 323 1462 classibus
356 1412 682 1478 desumptus,
727 1413 810 1461 cui
838 1412 1095 1461 incumbit
1123 1412 1413 1462 rationibus
1442 1413 1819 1462 conservativis
1847 1429 1968 1461 con-

64 1493 250 1545 sulere.
310 1494 558 1560 ¹Utrique
600 1511 843 1544 camerae
885 1494 1177 1560 opponitur
1216 1495 1284 1543 ad
1340 1495 1595 1544 tuendam
1643 1503 1968 1561 potestatem

66 1578 429 1626 exsecutivam
469 1577 673 1626 sanctio
716 1576 859 1642 regia
900 1576 968 1625 ad
1010 1575 1188 1641 legum
1232 1575 1467 1625 valorem
1510 1578 1772 1642 requisita.

139 1666 383 1716 Potestas
424 1666 730 1715 exsecutiva
770 1683 864 1732 per
903 1683 959 1715 se
1001 1674 1246 1715 censetur
1286 1682 1401 1715 esse
1443 1667 1585 1732 apud
1627 1684 1834 1732 regem,
1880 1667 1969 1732 qui

65 1757 244 1798 tamen
297 1765 413 1797 eam
467 1765 717 1798 exercere
769 1766 875 1798 non
928 1755 1108 1814 potest
1156 1749 1252 1797 nisi
1305 1766 1398 1814 per
1449 1749 1716 1798 ministros
1758 1757 1966 1814 respon-

63 1829 277 1892 sabiles,
320 1830 411 1896 qui
439 1847 679 1880 camerae
709 1831 1088 1896 deputatorum
1117 1847 1244 1879 suae
1286 1830 1684 1896 gubernationis
1712 1832 1969 1881 rationem

65 1912 288 1962 reddere
328 1920 576 1962 tenentur
616 1913 683 1962 ab
725 1930 893 1978 eaque
934 1913 1147 1962 iudicari
1192 1922 1432 1978 possunt.

139 2002 480 2052 Diversarum
532 2010 861 2068 potestatum
915 2002 1214 2051 functiones
1265 2002 1440 2067 aliqua
1492 2002 1675 2052 charta
1715 2020 1808 2052 seu
1852 2021 1972 2054 con-

65 2085 336 2135 stitutione
396 2084 779 2134 fundamentali
835 2093 888 2134 et
947 2102 1042 2150 per
1101 2093 1319 2150 pactum
1375 2085 1510 2134 inter
1570 2086 1862 2152 principem
1921 2094 1973 2137 et

65 2166 324 2233 populum
367 2167 573 2217 firmata
615 2167 863 2216 definitae
903 2174 1041 2216 sunt.

139 2256 194 2306 A
235 2258 684 2323 repraesentativa
725 2258 992 2322 regiminis
1034 2257 1231 2317 forma,
1288 2273 1448 2322 quam
1491 2257 1657 2307 modo
1701 2258 1972 2324 descripsi-

66 2356 184 2389 mus
235 2347 289 2389 et
334 2356 470 2405 quae
521 2339 682 2388 hodie
735 2339 1299 2389 conslc'z‘ntz'mmlimum
1349 2340 1526 2389 vocari
1578 2339 1741 2401 solet,
1799 2341 1974 2390 distin-

66 2421 308 2487 guendus
347 2430 428 2471 est
456 2421 1033 2486 paflamcumsimillts,
1077 2423 1167 2488 qui
1206 2439 1252 2471 v.
1294 2438 1344 2487 g.
1388 2422 1440 2471 in
1480 2421 1680 2487 Anglia
1722 2423 1789 2472 de
1831 2423 1972 2473 facto

65 2505 224 2570 viget.
306 2504 364 2552 In
416 2503 911 2569 parlamentarismo
954 2513 1069 2554 tota
1122 2504 1440 2570 gubernatio
1483 2513 1564 2554 est
1604 2522 1768 2570 penes
1808 2505 1972 2572 parla-

66 2594 271 2646 menta‚
320 2593 373 2634 et
412 2586 634 2635 ministri
674 2585 864 2636 saltem
904 2587 1015 2636 iure
1058 2586 1456 2637 consuetudinis
1499 2603 1567 2636 eX
1608 2588 1973 2637 numerosiore

65 2676 216 2734 parte
257 2666 472 2733 politica
513 2668 720 2717 desumi
762 2669 988 2730 debent,
1034 2670 1162 2718 dum
1202 2669 1254 2718 in
1299 2669 1836 2732 constitutionalismo
1879 2688 1973 2719 rex

65 2750 225 2816 plena
275 2749 518 2799 libertate
569 2751 620 2800 in
672 2750 931 2817 eligendis
981 2752 1088 2801 suis
1140 2752 1389 2802 ministris
1436 2752 1633 2802 fruitur.
1715 2752 1856 2802 Hinc
1896 2752 1969 2813 fit,

66 2839 123 2881 ut
162 2831 212 2880 in
265 2830 756 2897 parlamentarismo
798 2851 1089 2900 numquam
1146 2836 1314 2900 possit
1356 2835 1476 2884 oriri
1517 2835 1786 2901 oppositio
1840 2835 1974 2884 inter

68 2913 385 2979 gubernium
426 2920 479 2963 et
529 2914 945 2980 parlamentum,
1002 2925 1161 2982 prout
1213 2934 1319 2966 non
1373 2933 1491 2967 raro
1539 2905 1781 2966 accidere
1833 2916 1971 2966 solet

67 2995 118 3044 in
178 2995 730 3046 constitutionalismo.
826 2997 884 3046 In
944 2998 1435 3064 parlamentarismo
1492 3016 1587 3048 rex
1641 3017 1671 3048 a
1726 2999 1969 3064 praeside

67 3076 284 3127 alicuius
334 3077 656 3143 reipublicae
708 3079 796 3128 vix
852 3079 950 3128 alia
1002 3097 1056 3130 re
1097 3081 1348 3146 distingui
1388 3081 1595 3131 videtur
1647 3098 1806 3146 quam
1859 3081 1969 3130 iure

68 3158 388 3209 hereditatis.
