2182 3682
935 154 1097 182 INDEX.

185 293 273 330 Art.
310 302 347 341 3.
402 291 468 328 De
503 303 626 330 causa
659 290 860 329 materiali
895 290 1070 329 civitatis
1111 322 1117 329 .

248 355 276 409 ξ
314 368 348 396 1.
402 357 469 395 De
502 357 661 408 populo
712 388 718 395 .

253 421 281 475 ξ
315 434 353 462 2.
408 425 474 463 De
507 423 677 475 reliquis
711 424 925 463 elementis
957 424 1162 476 organicis
1195 424 1341 475 populi
1379 457 1384 462 .

249 487 276 542 ξ
310 502 347 541 3.
402 491 469 529 De
504 490 711 529 territorio

184 567 274 604 Art.
309 576 349 614 4.
404 566 470 603 De
504 578 628 604 causa
662 565 824 603 formali
858 564 1068 603 societatis
1103 565 1236 603 civilis
1271 563 1346 616 (de
1380 566 1627 605 auctoritate
1661 565 1786 617 civili)

183 654 378 693 Sectio
410 655 442 693 I.
497 655 562 693 De
597 653 973 706 comprehensione
1006 653 1214 693 obiectiva
1245 655 1461 706 potestatis
1494 656 1699 707 publicae.

246 734 274 787 ξ
313 747 346 775 1.
402 735 620 786 Quaedam
668 735 880 787 generalia
929 735 1039 775 circa
1086 735 1287 774 ambitum
1331 738 1548 789 potestatis
1592 736 1789 789 politicae

462 802 667 854 principia
700 809 936 841 statuuntur
976 834 982 841 .

244 866 272 921 ἓ
307 880 344 908 2.
398 869 509 909 Num
543 883 703 908 morum
736 869 933 908 honestas
966 870 1019 908 ad
1052 883 1190 909 curam
1223 871 1478 910 auctoritatis
1523 871 1655 911 civilis
1699 885 1790 924 per-

462 937 614 975 tineat?

244 1001 272 1055 ξ
307 1015 343 1055 3.
400 1005 519 1055 Quae
543 1017 639 1042 cura
663 1003 883 1056 religionis
908 1004 1143 1042 auctoritati
1168 1005 1279 1043 civili
1311 1013 1498 1057 spectato
1522 1006 1613 1045 solo
1642 1007 1789 1046 ordine

461 1071 637 1110 naturali
669 1071 882 1110 incumbat

244 1135 272 1190 ἓ·
305 1150 344 1188 4.
400 1140 466 1177 De
498 1138 703 1177 relatione
736 1139 844 1176 inter
877 1138 1108 1178 Ecclesiam
1142 1146 1182 1177 et
1216 1139 1425 1178 civitatem

432 1207 463 1245 Ι.
498 1206 564 1244 De
598 1206 861 1257 separatione
896 1205 1003 1244 inter
1034 1205 1266 1245 Ecclesiam
1300 1201 1341 1246 et
1374 1207 1579 1246 civitatem
1643 1239 1649 1246 .

411 1274 464 1312 Π.
501 1274 690 1312 Potestas
724 1272 940 1312 Ecclesiae
975 1273 1178 1312 indirecta
1243 1306 1250 1312 .

243 1337 271 1392 ξ
306 1349 343 1392 5.
399 1341 517 1390 Quae
542 1340 629 1378 iura
652 1348 692 1378 et
715 1339 853 1379 officia
875 1340 1106 1379 auctoritati
1124 1340 1233 1380 civili
1252 1349 1491 1393 competant
1510 1342 1617 1381 circa
1640 1343 1787 1382 educa-

458 1408 614 1446 tionem
649 1414 689 1446 et
722 1407 886 1446 scholas

433 1476 463 1514 Ι.
499 1475 610 1513 Num
634 1475 825 1513 educatio
850 1475 1076 1514 iuventutis
1099 1481 1290 1527 spectato
1308 1476 1456 1514 ordine
1475 1490 1587 1515 mere
1610 1477 1786 1515 naturali

495 1542 547 1579 ad
581 1542 781 1579 ambitum
816 1542 1035 1593 potestatis
1069 1542 1195 1580 civilis
1228 1543 1460 1594 pertineat?
1508 1576 1514 1583 .

412 1610 465 1648 Π.
500 1609 566 1647 De
609 1616 829 1660 parentum
873 1608 1011 1648 officio
1055 1617 1096 1648 et
1140 1609 1227 1648 iure
1261 1610 1520 1650 educationis
1562 1612 1600 1650 in
1641 1612 1784 1650 ordine

503 1675 805 1727 supernaturali

391 1744 464 1781 III.
500 1744 566 1781 De
599 1742 801 1781 relatione
835 1742 1091 1782 auctoritatis
1125 1744 1258 1782 civilis
1292 1744 1344 1781 ad
1377 1745 1543 1784 scholas

391 1811 463 1850 IV.
498 1810 564 1849 De
597 1809 796 1848 relatione
831 1808 1045 1848 Ecclesiae
1078 1811 1131 1848 ad
1164 1810 1328 1849 scholas
1374 1844 1379 1849 .

242 1875 269 1930 ξ
303 1879 342 1916 6.
396 1878 463 1917 De
495 1877 696 1917 relatione
730 1877 983 1916 auctoritatis
1016 1878 1210 1929 publicae
1244 1878 1296 1916 ad
1329 1892 1393 1918 res
1420 1880 1710 1919 oeconomicas
1743 1887 1784 1919 et

458 1945 669 1997 speciatim
705 1945 757 1983 ad
790 1945 1073 1996 quaestionem
1107 1945 1302 1984 socialem

433 2014 463 2051 I.
501 2012 616 2062 Quid
648 2013 698 2050 sit
732 2013 918 2063 quaestio
953 2012 1138 2060 socialis,
1183 2021 1222 2051 et
1256 2026 1360 2064 quae
1394 2014 1475 2052 sint
1515 2015 1603 2052 eius
1637 2029 1785 2055 causae

410 2080 464 2119 ΙΙ.
499 2080 651 2119 Variae
685 2080 903 2132 opiniones
937 2080 987 2118 de
1021 2081 1148 2120 modo
1181 2081 1371 2119 solvendi
1405 2082 1691 2133 quaestionem
1725 2097 1785 2122 so-

495 2154 641 2193 cialem
703 2187 708 2192 .

389 2223 463 2261 III.
500 2222 565 2260 De
606 2222 843 2273 praecipuis
883 2222 1028 2261 officiis
1078 2230 1116 2260 et
1159 2223 1317 2261 iuribus
1359 2224 1616 2262 auctoritatis
1657 2225 1786 2263 civilis

500 2290 540 2327 in
575 2303 618 2328 re
651 2290 924 2328 oeconomica
974 2322 980 2327 .

241 2353 268 2407 ἓ
306 2364 342 2403 7.
397 2357 459 2395 Ex
493 2356 617 2395 dictis
649 2356 833 2405 infertur,
869 2356 969 2408 quid
1003 2358 1054 2396 de
1088 2357 1342 2396 liberalismo
1377 2360 1633 2397 censendum
1666 2360 1716 2398 sit
1777 2390 1783 2397 .

177 2446 203 2484 S
220 2460 241 2486 e
258 2447 376 2485 ctio
410 2448 464 2486 II.
519 2447 586 2485 De
610 2447 745 2485 modis
770 2447 1006 2486 derivativis
1030 2447 1312 2500 acquirendae
1342 2449 1562 2500 potestatis
1592 2449 1787 2501 politicae

459 2515 594 2566 deque
629 2513 816 2553 eiusdem
850 2514 1084 2553 amissione.

241 2593 268 2647 ξ
307 2607 341 2634 1.
396 2596 462 2634 De
496 2595 616 2634 titulo
649 2595 904 2644 hereditatis,
941 2596 1172 2645 electionis,
1208 2596 1420 2646 victoriae,
1456 2599 1676 2650 emptionis

240 2660 267 2714 ξ
304 2673 340 2702 2.
395 2663 463 2701 De
498 2663 615 2701 titulo
648 2663 990 2715 praescriptionis
1024 2677 1073 2702 ex
1106 2672 1223 2716 parte
1262 2665 1516 2716 usurpatoris

240 2727 267 2781 ξ
302 2741 339 2780 3.
395 2730 461 2768 De
493 2731 712 2782 potestatis
744 2731 938 2783 politicae
971 2731 1189 2771 amissione
1240 2765 1246 2771 .

176 2818 364 2858 Sectio
395 2820 469 2858 ΠΙ.
525 2820 591 2858 De
625 2820 765 2859 formis
798 2820 992 2872 gubernii
1026 2821 1167 2860 civilis.

239 2897 267 2951 ἓ
306 2912 340 2940 1.
394 2900 548 2940 Earum
581 2902 730 2941 divisio

239 2965 267 3019 ξ
301 2978 339 3007 2.
393 2969 460 3007 De
493 2983 634 3008 earum
668 2970 844 3008 liceitate

240 3032 268 3086 ἓ
303 3045 340 3085 3.
397 3036 514 3086 Quae
548 3050 689 3076 earum
720 3038 910 3076 videatur
941 3039 1218 3089 praestantior

239 3100 268 3154 ξ
301 3114 339 3152 4.
395 3104 461 3142 De
493 3105 707 3157 regiminis
741 3106 872 3144 forma
904 3106 1257 3158 repraesentativa

175 3191 370 3231 Sectio
403 3193 475 3232 IV.
529 3193 597 3232 De
631 3194 884 3233 auctoritatis
916 3195 1112 3247 politicae
1145 3195 1438 3235 functionibus.

240 3270 267 3325 ἓ
306 3284 340 3313 1.
395 3274 548 3313 Earum
581 3274 731 3314 divisio
966 3309 973 3315 .

241 3338 268 3392 ξ
303 3352 340 3379 2.
394 3342 462 3381 De
494 3349 700 3394 potestate
733 3343 967 3395 legislativa

1903 160 1964 196 XI

1875 247 1963 287 Pag.

1881 304 1963 346 395

1882 362 1966 412 396

1882 439 1965 478 399

1881 505 1961 542 401

1883 579 1966 619 403

1881 817 1964 856 403

1881 942 1966 988 406

1881 1083 1964 1124 407

1880 1152 1964 1190 412

1880 1219 1964 1259 413

1881 1287 1966 1324 414

1879 1421 1966 1458 420

1877 1555 1963 1593 420

1877 1690 1960 1727 422

1878 1757 1961 1797 423

1878 1824 1962 1864 429

1876 1959 1963 1998 434

1877 2027 1962 2066 434

1877 2158 1962 2207 436

1879 2303 1965 2339 440

1879 2369 1963 2408 443

1877 2607 1959 2650 445

1875 2674 1959 2714 447

1876 2742 1955 2784 451

1875 2912 1960 2956 454

1875 2980 1957 3023 455

1874 3046 1956 3090 455

1873 3114 1957 3157 457

1870 3283 1956 3326 459

1870 3342 1957 3390 460
