2182 3682
510 168 596 196 LlB.
634 168 679 196 11.
727 168 827 197 CAP.
863 168 930 197 ΙΙΙ.
979 168 1040 196 DE
1075 168 1330 197 SOCIETATE
1365 170 1523 200 CIVILI.
1844 171 1950 225 359

58 307 108 356 in
160 312 345 354 natura
397 303 630 353 humana
682 303 930 353 fundatur
984 321 1053 353 ex
1104 321 1274 369 eaque
1335 306 1631 355 necessario
1691 308 1949 372 procedit.

59 386 228 452 Atqui
270 402 482 450 semper
522 393 575 434 et
616 385 815 451 ubique
856 385 1100 434 homines
1140 385 1191 434 in
1230 384 1405 451 aliqua
1443 387 1698 437 societate
1738 388 1954 454 politica

57 466 246 517 saltem
296 465 597 516 incohativa
646 467 840 516 vixisse
893 475 946 516 et
985 467 1157 516 vivere
1208 467 1478 527 videmus,
1534 477 1584 517 et
1632 470 1848 534 quidem
1889 488 1954 520 eo

60 548 398 614 perfectiore,
452 565 559 615 quo
611 549 784 597 minus
835 564 969 613 gens
1020 547 1194 614 aliqua
1236 566 1265 598 a
1306 548 1566 614 dignitate
1613 559 1827 600 naturae
1867 552 1956 601 hu-

61 646 248 680 manae
289 630 482 680 deficit.
563 629 717 694 Ergo
761 672 768 679 .
804 672 811 680 .
847 671 854 679 .

136 727 301 774 Prob.
340 741 383 774 2.
458 726 541 775 Ex
583 726 974 792 propagatione
1017 725 1346 776 familiarum.
1428 727 1702 777 Familiam
1745 746 1958 794 genera-

60 808 154 858 tim
195 809 492 858 necessario
545 826 614 858 ex
654 816 841 857 natura
882 808 1002 857 oriri
1041 825 1200 873 supra
1241 810 1309 872 (n.
1355 823 1420 872 43
1434 819 1455 872 5
1499 810 1622 875 sqq)
1673 812 1960 876 probatum

61 898 155 940 est.
235 889 406 955 Atqui
454 907 524 939 ex
574 889 768 939 familia
819 889 1006 938 morali
1056 891 1372 939 necessitate
1429 891 1592 940 oritur
1646 892 1964 958 complexus

63 969 373 1021 familiarum
403 972 471 1020 ad
502 988 787 1020 commune
815 970 1019 1020 bonum
1048 971 1147 1020 sub
1177 970 1350 1037 aliqua
1378 974 1693 1023 auctoritate
1716 991 1965 1040 suprema

62 1053 340 1104 unitarum.
423 1053 576 1118 Ergo
629 1070 698 1102 ex
739 1053 933 1102 familia
974 1054 1272 1103 necessario
1315 1055 1476 1104 oritur
1515 1056 1744 1106 societas
1784 1056 1961 1107 civilis.

137 1154 294 1204 Proh.
338 1155 465 1204 min.
527 1154 703 1204 Amor
744 1163 796 1204 et
837 1155 1107 1220 exigentia
1149 1156 1444 1221 generatim
1472 1186 1541 1190 -
1569 1156 1757 1206 saltem
1788 1175 1965 1224 quam-

64 1237 153 1287 diu
194 1237 376 1286 civitas
428 1237 667 1286 nondum
720 1237 926 1286 exsistit
965 1269 1037 1273 ——
1079 1236 1213 1286 filios
1254 1246 1307 1287 et
1347 1246 1571 1303 nepotes
1612 1239 1856 1301 inducet,
1911 1250 1968 1290 ut

64 1320 212 1369 iuxta
253 1319 477 1368 domum
528 1327 805 1384 paternam
854 1319 1094 1385 proprias
1146 1319 1367 1369 familias
1415 1320 1562 1385 quasi
1604 1321 1842 1371 eiusdem
1884 1340 1967 1372 co-

65 1401 231 1451 lonias
260 1400 497 1450 fundent.
544 1401 675 1451 Inde
706 1401 958 1467 paulatim
988 1402 1184 1450 orietur
1211 1403 1566 1453 communitas
1593 1403 1693 1453 sub
1720 1421 1969 1471 suprema

65 1483 240 1549 aliqua
291 1484 605 1533 auctoritate
658 1492 1000 1549 congregata.
1084 1482 1262 1548 Quare
1315 1483 1508 1534 familia
1558 1487 1735 1536 vocari
1791 1496 1971 1553 potest

73 1566 439 1615 «seminarium
483 1564 832 1631 reipublicae»
880 1564 1030 1629 (Cia,
1073 1565 1158 1615 De
1200 1566 1287 1616 off.
1332 1566 1362 1615 l.
1416 1581 1455 1627 Ι,
1501 1584 1544 1617 c.
1597 1569 1695 1633 17).

71 1718 218 1782 481.
301 1721 465 1768 Prob.
504 1735 548 1782 3.
624 1720 709 1769 Ex
755 1720 1046 1787 indigentia
1099 1730 1315 1771 naturae
1356 1722 1634 1773 humanae.
1716 1721 1972 1788 Spectata

68 1802 406 1853 inclinatione
447 1810 500 1851 et
540 1802 831 1867 indigentia
871 1811 1089 1852 naturae
1130 1802 1417 1864 humanae,
1469 1819 1508 1854 Ι.
1554 1806 1845 1869 generatim
1888 1823 1972 1855 ne-

68 1884 300 1934 nessario
343 1883 539 1933 multae
582 1884 808 1934 familiae
859 1885 1116 1934 stabiliter
1156 1886 1206 1934 in
1248 1887 1441 1936 eodem
1483 1887 1603 1937 loco
1647 1905 1972 1954 congregan-

64 1974 148 2017 tur
187 1967 255 2016 ad
284 1966 488 2016 bonum
517 1983 801 2016 commune
844 1969 1307 2033 prosequendum;
1356 1983 1400 2018 2.
1439 1970 1628 2019 cadem
1658 1970 1973 2020 necessitate

65 2050 117 2099 in
145 2049 245 2098 hac
287 2047 623 2098 multitudine
664 2050 810 2098 unita
839 2049 1151 2099 familiarum
1194 2051 1357 2100 oritur
1396 2052 1682 2102 auctoritas
1710 2070 1970 2118 suprema.

69 2130 239 2197 Atqui
292 2147 409 2180 cum
471 2129 551 2179 his
610 2131 824 2180 duobus
883 2131 1159 2182 elementis
1218 2132 1448 2182 habetur
1506 2134 1734 2184 societas
1794 2134 1971 2185 civilis

69 2213 223 2278 Ergo
265 2213 397 2263 haec
439 2214 733 2278 generatim
762 2215 1060 2265 necessario
1103 2232 1171 2264 ex
1212 2215 1551 2266 inclinatione
1592 2226 1643 2266 et
1683 2217 1976 2283 indigentia

71 2303 289 2345 naturae
331 2295 596 2345 humanae
638 2296 816 2345 oritur.

143 2406 301 2457 Proh.
334 2407 462 2457 mai.
493 2407 562 2457 ad
600 2422 640 2456 Ι.
686 2407 1010 2458 Λιτεεὸἰῖνίθ
1040 2409 1239 2459 mulsae
1265 2411 1536 2474 familiae
1564 2420 1972 2477 comgrreganlar.

146 2504 196 2567 a)
248 2503 309 2553 Id
350 2511 499 2570 patet
539 2504 643 2553 iam
696 2521 765 2553 ex
817 2513 1004 2554 mutuo
1057 2523 1273 2566 amore,
1327 2525 1435 2573 quo
1479 2507 1723 2557 homines
1763 2525 1819 2558 se
1860 2526 1976 2575 pro-

71 2594 376 2651 sequuntur.
458 2584 608 2636 Sicut
659 2587 797 2635 enim
854 2588 1148 2651 generatim
1200 2588 1370 2638 simile
1422 2589 1573 2639 simili
1626 2590 1852 2655 gaudet,
1907 2591 1978 2640 ita

73 2667 232 2717 etiam
283 2667 528 2717 homines
578 2668 835 2718 societate
876 2668 1150 2719 hominum
1204 2670 1550 2722 delectantur.
1631 2672 1761 2722 Inde
1802 2690 1977 2722 neces-

71 2750 208 2799 sario
264 2758 582 2799 enascuntur
635 2751 809 2800 variae
866 2750 1148 2801 relationes
1204 2754 1425 2802 eosdem
1486 2763 1668 2803 mutuo
1723 2754 1980 2804 stabiliter

73 2832 475 2897 coniungentes.
531 2831 680 2881 Idem
712 2833 1044 2883 demonstrat
1069 2835 1320 2899 fen-ultas
1360 2835 1628 2901 loquendi,
1670 2853 1804 2902 quae
1833 2845 1977 2886 natu-

75 2912 236 2963 ralem
264 2912 493 2963 hominis
526 2914 593 2963 ad
623 2915 937 2965 societatem
966 2916 1377 2967 destinationem
1407 2918 1721 2969 manifestat.
1776 2919 1979 2968 Natura

77 2996 216 3045 enim
256 2994 381 3045 nihil
424 2995 612 3046 frustra
653 3006 914 3062 operatur.

149 3084 205 3148 b)
262 3084 524 3135 Homines
579 3088 872 3151 generatim
931 3087 1172 3154 indigent
1215 3089 1546 3154 profectione
1601 3097 1785 3139 contra
1839 3089 1980 3139 varia

75 3165 308 3232 pericula
348 3168 457 3217 sive
486 3185 554 3217 ex
582 3177 732 3234 parte
773 3169 1162 3220 elementorum
1204 3171 1313 3221 sive
1352 3189 1419 3220 ex
1448 3170 1646 3221 malitia
1685 3171 1976 3233 hominum,

75 3249 385 3314 praesertim
425 3258 819 3312 extraneorum,
862 3252 1203 3303 imminentia.
1273 3252 1412 3303 Nam
1455 3260 1640 3303 contra
1679 3252 1812 3303 haec
1839 3255 1980 3305 varia

76 3338 129 3380 et
185 3329 292 3380 fere
343 3332 591 3381 continua
650 3332 884 3399 pericula
941 3333 1144 3384 stabilis
1203 3334 1467 3400 protectio
1528 3336 1823 3385 necessaria
1882 3345 1976 3398 est,
