2182 3682
230 197 338 246 412
631 193 746 221 PARS
781 193 830 222 11.
880 192 1196 221 PHILOSOPHIA
1229 192 1433 222 MORALIS
1469 192 1719 222 SPECIALIS.

231 330 586 381 necessarium
639 330 1047 380 fundamentum
1089 331 1288 381 ordinis
1327 331 1562 392 socialiS,
1615 350 1663 382 v.
1708 348 1758 397 g.
1802 331 2141 381 exsistentiae

231 414 359 474 Dei,
414 413 825 463 immortalitatis
876 414 1113 475 animae,
1171 414 1530 464 retributionis
1569 415 1621 464 in
1660 414 1769 464 vita
1819 414 1992 463 futura
2037 421 2138 463 etc.

231 496 442 546 Deinde
484 495 627 546 nulla
667 497 919 546 adessent
959 505 1294 546 sacramenta
1333 495 1417 546 vel
1457 495 1558 546 alia
1598 496 1775 546 media
1813 497 2014 561 gratiae
2054 495 2141 545 ad-

229 578 589 629 ministranda.
673 578 952 628 Praeterea
1004 578 1120 628 finis
1171 579 1510 628 immediatus
1560 578 1696 628 illius
1747 578 2029 645 potestatis
2068 595 2179 627 re·-

227 660 447 727 ligiosae
500 669 639 710 esset
692 660 868 710 solum
925 661 1131 711 bonum
1188 678 1475 711 commune
1527 660 1822 727 temporale
1871 661 2142 711 societatis

230 743 406 794 civilis.
491 741 565 807 (S.
619 742 803 793 sltem.
852 757 898 804 2,
944 757 991 805 2,
1037 761 1086 810 q.
1132 757 1219 809 99,
1264 760 1310 794 a.
1356 744 1427 807 3.)

347 918 374 973 ξ
408 933 446 970 4.
497 921 577 960 DE
612 922 951 961 RELATIONE
985 922 1166 961 INTER
1199 923 1531 962 ECCLESlAM
1565 923 1639 961 ET
1673 922 2009 962 CIVITATEM.

228 1037 492 1089 (Bellarmz'n,
527 1041 594 1078 De
628 1041 820 1080 Romano
855 1041 1004 1079 Pontis.
1041 1041 1066 1080 1.
1104 1050 1141 1092 5,
1179 1055 1213 1080 c.
1250 1049 1287 1090 7.
1334 1043 1504 1090 Suarez,
1538 1042 1634 1081 Def.
1671 1041 1768 1080 fidei
1802 1040 1827 1079 1.
1865 1052 1902 1092 3.
1957 1041 2140 1092 Hergen-

227 1108 386 1155 rather,
431 1107 712 1147 Katholische
744 1108 906 1147 Kirche
952 1109 1038 1146 und
1084 1108 1321 1148 cristlicher
1355 1109 1471 1148 Staat
1506 1119 1589 1160 373
1615 1123 1703 1161 sqq.
1769 1110 2030 1156 Liberalem,
2078 1108 2140 1146 La

228 1175 379 1214 Chiesa
413 1188 435 1214 e
468 1176 509 1214 lo
545 1175 675 1214 Stato.
740 1176 785 1215 de
818 1178 1148 1223 Hammerstein,
1196 1178 1262 1215 De
1297 1177 1486 1216 Ecclesia
1521 1185 1561 1216 et
1595 1176 1714 1215 Statu
1747 1176 1917 1214 iuridice
1952 1175 2140 1215 conside-

224 1243 323 1281 ratis
362 1253 439 1293 117
468 1256 558 1295 sqq.
622 1244 793 1290 lisam,
843 1244 912 1282 Ius
958 1244 1157 1283 decretal.
1204 1252 1230 1282 t.
1277 1245 1307 1283 Ι.
1373 1245 1588 1291 Jlonlart,
1637 1233 1836 1296 L’Eglise
1881 1251 1922 1282 et
1965 1231 2137 1282 l’Etatss.

892 1311 1135 1362 Moralphil.
1171 1312 1211 1350 Π
1249 1321 1329 1363 553
1355 1309 1467 1363 sqq.)

230 1436 376 1491 554.
457 1426 822 1494 Supponimus
863 1428 967 1479 hoc
1009 1428 1154 1490 loco,
1200 1430 1348 1495 quod
1390 1431 1440 1479 in
1481 1429 1758 1496 theologia
1797 1428 2140 1495 probandum

226 1517 330 1570 est,
388 1509 654 1560 Christum
697 1511 992 1560 Dominum
1032 1512 1317 1561 instituisse
1358 1512 1681 1573 Ecclesiam,
1734 1528 1958 1578 regnum
1997 1511 2140 1577 spiri-

225 1591 381 1653 tuale,
426 1593 510 1643 cui
539 1611 608 1642 ex
637 1593 740 1643 Dei
780 1593 1054 1643 voluntate
1084 1611 1271 1644 omnes
1309 1594 1552 1644 homines
1592 1612 1688 1661 per
1728 1594 2056 1660 baptismum
2082 1610 2140 1642 se

226 1676 518 1742 adiungere
561 1676 775 1736 debent,
827 1685 880 1725 et
921 1677 1068 1726 cuius
1111 1677 1227 1726 finis
1268 1684 1348 1726 est
1388 1677 1720 1726 sanctificare
1761 1676 2005 1726 homines
2045 1692 2142 1741 per

228 1756 420 1808 Christi
463 1759 761 1808 doctrinam
803 1766 855 1808 et
897 1760 1123 1824 gratiam
1174 1777 1377 1826 eosque
1424 1761 1717 1825 perducere
1757 1760 1825 1808 ad
1867 1766 2139 1808 aeternam

225 1841 611 1890 beatitudinem
664 1841 1139 1907 supernaturalem.
1223 1840 1590 1908 Supponimus
1642 1842 1801 1892 etiarn
1841 1839 2140 1891 Ecclesiam

226 1941 341 1973 esse
382 1940 563 1973 veram
610 1924 924 1973 societatem
964 1923 1253 1985 visibilem,
1309 1925 1623 1974 societatem
1672 1941 1899 1990 «genere
1940 1930 1994 1973 et
2032 1923 2141 1972 iure

213 2007 536 2072 peffeclcml,
569 2024 689 2056 cum
717 2006 1027 2056 adiumenta
1048 2007 1116 2056 ad
1146 2006 1566 2057 incolumitatem
1595 2008 1969 2072 actionemque
1991 2022 2140 2055 suam

225 2090 534 2150 necessaria,
577 2088 854 2138 voluntate
895 2089 1268 2155 beneficioque
1311 2090 1602 2139 conditoris
1636 2090 1728 2150 sui,
1773 2088 1951 2138 omnia
1990 2089 2041 2137 in
2081 2105 2139 2137 se

225 2180 277 2221 et
330 2189 425 2238 per
464 2189 521 2221 se
573 2172 687 2238 ipsa
744 2171 1050 2237 possideat»
1115 2171 1243 2235 (Leo
1295 2171 1477 2232 Xlll,
1534 2171 1737 2238 encycl.
1800 2169 2138 2220 «Immortale

224 2255 411 2319 Deizi),
466 2255 782 2304 societatem
829 2254 987 2320 plane
1028 2253 1276 2315 liberam,
1333 2271 1471 2319 quae
1512 2254 1713 2320 polleat
1763 2254 1872 2304 suis
1912 2253 2138 2320 propriis

224 2346 278 2387 et
330 2337 701 2387 constantibus
756 2337 954 2386 iuribus
1005 2336 1103 2385 sibi
1145 2353 1174 2385 a
1216 2337 1396 2386 divino
1437 2354 1535 2386 suo
1589 2337 1871 2386 fundatore
1913 2335 2134 2386 collatis.

223 2420 283 2469 In
323 2419 423 2469 hac
464 2419 702 2469 Ecclesia
745 2419 893 2468 Deus
945 2428 1188 2484 pastores
1229 2427 1282 2468 et
1323 2419 1575 2469 doctores
1627 2436 1743 2469 esse
1793 2417 1988 2479 voluit,
2041 2417 2134 2468 scl.

224 2501 501 2568 apostolos
553 2519 847 2568 eorumque
899 2518 1238 2551 successores
1289 2519 1460 2568 usque
1508 2502 1575 2551 ad
1618 2501 2137 2552 consummationem

223 2583 434 2634 saeculi.
517 2584 593 2634 Ut
632 2601 758 2634 vero
813 2584 1156 2650 episcopatus
1197 2601 1329 2633 unus
1371 2592 1511 2634 esset
1551 2592 1604 2633 et
1644 2584 1925 2644 indivisus,
1979 2582 2135 2632 Petro

224 2668 445 2733 eiusque
492 2667 889 2716 successoribus
939 2667 1204 2716 commisit
1256 2667 1542 2732 primatum
1595 2683 1704 2716 non
1757 2666 1975 2715 honoris
2027 2672 2135 2714 tan-

224 2758 364 2810 tum,
419 2749 513 2799 sed
554 2766 710 2798 verae
762 2749 1118 2815 propriaeque
1171 2757 1223 2798 et
1274 2749 1618 2798 immediatae
1669 2748 2043 2798 iurisdictionis
2082 2748 2135 2796 in

226 2849 411 2882 omnes
453 2830 654 2881 fideles.

301 2921 440 2971 Cura
480 2938 609 2987 ergo
653 2920 852 2970 directa
893 2920 1188 2987 religionis,
1241 2938 1376 2986 quae
1420 2920 1555 2970 forte
1595 2921 1646 2969 in
1688 2920 1874 2970 ordine
1914 2917 2135 2969 naturali

224 3012 557 3070 competeret
585 3003 887 3053 auctoritati
921 3003 1070 3064 civili,
1102 3020 1244 3053 nunc
1273 3003 1448 3052 eidem
1481 3003 1754 3053 subtracta
1787 3009 1841 3052 et
1861 3000 2134 3051 Ecclesiae

225 3086 550 3136 demandata
591 3094 671 3135 est
711 3102 742 3134 a
784 3084 995 3135 Christo
1038 3085 1290 3136 DominO.

299 3177 409 3225 Iam
463 3175 753 3242 quaeritur:
809 3190 1071 3240 quaenam
1123 3175 1320 3224 relatio
1373 3174 1608 3224 juridica
1657 3174 1789 3223 inter
1836 3173 2132 3224 Ecclesiam
2180 3160 2182 3195 ³

225 3267 279 3309 et
319 3257 530 3309 Statum
571 3257 905 3322 (societatem
948 3256 1175 3320 civilem)
1218 3257 1440 3307 exsistat
1481 3264 1743 3324 oporteat.
