2182 3682
515 175 600 203 LIB.
636 174 684 202 11.
731 172 831 201 CAP.
866 172 933 201 111.
981 171 1043 199 DE
1077 171 1333 200 SOCIETATE
1368 170 1526 201 CIVILI.
1845 158 1945 219 461

133 310 290 360 Proh.
332 310 458 359 min.
539 309 615 359 Ut
655 309 938 358 auctoritas
988 307 1157 373 possit
1208 306 1530 356 activitatem
1583 304 1772 354 civium
1820 303 1954 353 ordi-

61 401 182 442 nate
221 393 271 441 in
314 408 654 441 communem
688 389 849 439 finem
893 389 1136 455 dirigere,
1179 388 1379 437 debent
1406 385 1623 451 singulis
1651 386 1957 451 propositae

61 491 175 524 esse
230 490 449 523 normae
503 490 600 538 pro
656 471 876 538 singulis
931 471 1141 521 casibus
1194 469 1518 519 sufficientes
1575 475 1626 516 et
1682 466 1954 528 efficaces3

59 557 206 622 atqui
257 556 518 605 eiusmodi
568 570 786 603 normae
827 570 934 603 non
974 562 1122 602 sunt:
1186 566 1227 600 Ι.
1259 557 1553 616 praecepta
1584 548 1958 613 particularia

59 655 156 705 pro
198 637 414 703 singulis
455 637 663 687 casibus
702 636 977 701 imposita;
1020 634 1262 684 societati
1302 634 1442 682 enirn
1483 631 1809 681 necessariae
1837 638 1960 679 sunt

61 737 280 770 normae
334 719 551 769 stabiles
607 727 659 768 et
710 716 1058 777 universales,
1118 716 1190 765 ita
1245 723 1303 764 ut
1354 732 1461 764 non
1518 730 1734 762 necesse
1789 712 1855 761 sit
1910 713 1961 760 in

60 801 280 868 singulis
332 801 540 851 casibus
591 808 848 859 statuere,
903 799 1031 864 quid
1090 797 1393 847 faciendum
1448 797 1516 859 (n.
1580 796 1726 858 189);
1787 811 1961 859 neque

63 898 109 934 2.
142 891 437 949 praecepta
478 883 617 947 legis
656 881 946 942 naturalis,
989 881 1113 946 quia
1140 879 1272 928 haec
1302 877 1468 927 multa
1497 878 1784 937 continent,
1826 892 1962 941 quae

61 967 370 1033 praesertim
414 981 444 1014 a
472 964 772 1014 rudioribus
813 962 1076 1012 difficilius
1117 979 1185 1011 ex
1227 978 1289 1010 ea
1330 961 1657 1020 derivantur;
1703 957 1802 1008 alia
1842 975 1962 1007 con-

62 1049 230 1098 tinent
276 1047 447 1097 solum
489 1046 893 1096 indeterminate
935 1052 988 1094 et
1028 1045 1078 1094 in
1120 1042 1426 1103 universali,
1482 1042 1554 1091 ita
1593 1051 1650 1090 ut
1690 1041 1965 1106 indigeant

62 1131 296 1196 practica
335 1128 690 1195 applicatione
732 1136 784 1177 et
825 1127 1264 1176 determinatione
1303 1125 1599 1175 secundum
1641 1123 1963 1188 exigentiam

65 1212 453 1272 adiunctorum‚
486 1210 679 1260 deinde
709 1210 950 1274 indigent
979 1208 1206 1274 positiva
1235 1209 1394 1257 etiam
1417 1205 1691 1257 sanctione
1715 1206 1784 1267 (n.
1819 1206 1961 1268 188);

63 1311 162 1343 nec
215 1308 260 1358 3.
304 1311 457 1342 mera
499 1292 724 1343 consilia
766 1309 874 1342 non
916 1291 1234 1357 obligantia‚
1279 1291 1402 1355 quia
1441 1289 1575 1338 haec
1617 1305 1723 1337 non
1765 1287 1967 1336 habent

67 1375 419 1426 sufficientem
471 1374 762 1424 efficaciam
817 1391 914 1439 pro
967 1372 1317 1422 multitudine.
1400 1372 1678 1420 Praeterea
1733 1369 1831 1418 alia
1885 1369 1968 1418 via

64 1457 308 1507 homines
367 1456 611 1506 libertate
671 1456 941 1522 praeditos
1002 1464 1125 1521 apte
1185 1464 1238 1504 et
1297 1453 1583 1503 efficaciter
1640 1452 1709 1502 ad
1770 1451 1967 1500 ordinis

66 1539 368 1590 custodiam
407 1539 744 1589 inducendos
784 1555 943 1604 quam
986 1537 1243 1602 obligatio
1286 1553 1393 1586 non
1434 1536 1675 1585 habetur.

754 1693 1021 1742 THESIS
1058 1693 1278 1740 XCVII.

70 1797 216 1861 629·
301 1807 558 1854 Potestas
595 1805 902 1866 legislativa
938 1820 1051 1853 non
1090 1811 1174 1852 est
1211 1803 1315 1850 nisi
1352 1803 1407 1850 in
1455 1817 1700 1864 persona
1742 1801 1967 1863 publica

67 1895 244 1942 eaque
281 1882 526 1927 habente
563 1894 895 1940 supremam
934 1879 1395 1934 iurisdictionem,
1434 1877 1489 1924 in
1527 1877 1646 1924 aliis
1681 1891 1816 1925 vero
1855 1891 1967 1924 non

65 1955 172 2002 nisi
198 1962 476 2017 quatenus
503 1969 534 2001 a
558 1955 850 2015 superiore
876 1961 1218 2015 potestatem
1239 1952 1721 2001 communicatam
1742 1953 1967 1999 habent.

141 2061 228 2114 St.
292 2061 367 2130 Q.
461 2065 585 2114 Duo
646 2064 951 2115 asserimus:
1030 2078 1068 2114 Ι.
1133 2064 1201 2113 ad
1261 2063 1408 2129 leges
1469 2061 1712 2112 ferendas
1778 2061 1970 2127 requiri

65 2163 350 2213 personam
402 2146 673 2213 publicam
726 2147 1016 2197 habentem
1069 2146 1485 2196 iurisdictionem
1536 2145 1586 2193 in
1627 2144 1966 2204 societatem;

68 2242 114 2278 2.
158 2228 296 2278 hanc
348 2238 673 2295 potestatem
719 2247 814 2295 per
853 2246 909 2278 se
950 2246 1057 2279 non
1099 2228 1194 2278 nisi
1234 2229 1286 2277 in
1326 2244 1576 2294 supremo
1619 2226 1968 2292 gubernante,

65 2311 118 2360 in
158 2310 270 2360 aliis
310 2310 484 2361 solum
524 2329 619 2378 per
658 2312 1119 2377 participationem
1161 2311 1347 2360 inesse.

147 2444 313 2482 PARS
344 2444 378 2483 Ι.
442 2445 520 2482 Ad
549 2445 692 2493 leges
725 2443 958 2483 fet-endas
990 2444 1243 2493 requiritur
1268 2455 1488 2493 persona
1517 2443 1728 2492 publica.

143 2540 310 2587 Prob.
384 2539 503 2589 Lex
554 2548 634 2590 est
674 2539 942 2590 vinculum
983 2538 1212 2600 morale,
1257 2539 1406 2605 quod
1447 2539 1648 2588 civibus
1688 2538 1975 2604 imponitur

68 2621 123 2671 in
164 2622 349 2671 ordine
390 2621 458 2671 ad
499 2622 701 2672 bonurn
745 2639 1045 2673 commune.
1114 2621 1285 2687 Alqm'
1318 2630 1375 2670 ut
1416 2622 1534 2687 quis
1575 2620 1679 2670 tale
1706 2619 1975 2670 vinculum

69 2703 344 2769 imponere
396 2705 592 2770 possit,
646 2705 810 2754 debet
865 2719 905 2755 Ι.
950 2705 995 2754 ei
1047 2704 1353 2754 incumbere
1406 2720 1529 2753 cura
1579 2703 1708 2752 boni
1759 2701 1972 2768 publici,

73 2798 120 2835 2.
171 2785 335 2835 debet
384 2786 483 2836 sibi
534 2786 802 2836 subiectas
854 2786 1052 2836 habere
1092 2786 1393 2836 voluntates
1445 2786 1635 2835 civium
1688 2785 1739 2833 in
1791 2785 1976 2834 ordine

72 2867 141 2916 ad
181 2867 386 2917 bonum
427 2885 738 2930 commune3
784 2885 921 2935 quae
963 2869 1101 2918 duae
1143 2868 1488 2919 condiciones
1527 2867 1849 2917 sufficienter
1890 2867 1975 2916 de-

72 2948 258 2999 finiunt
296 2957 621 3016 potestatem
661 2950 1045 3001 iurisdictionis,
1125 2951 1295 3015 Ergo,
1355 2991 1362 2999 .
1398 2990 1406 3000 .

152 3084 318 3124 PARS
350 3086 404 3124 ΙΙ.
467 3086 698 3124 Potestas
733 3088 813 3124 est
841 3086 889 3124 in
925 3097 1155 3135 supremo
1187 3086 1503 3135 gubernante.

151 3180 316 3227 Prob.
402 3179 553 3230 Haec
605 3188 846 3246 potestas
885 3197 994 3230 non
1035 3187 1217 3246 potest
1256 3197 1373 3230 esse
1413 3178 1509 3228 nisi
1549 3194 1654 3226 mm
1695 3176 1746 3225 in
1787 3175 1977 3225 eadem

75 3261 355 3323 societate;
399 3277 551 3311 secus
592 3261 845 3312 deficeret
885 3262 1180 3312 necessaria
1219 3261 1406 3311 unitas,
1492 3259 1647 3324 Ergo
1689 3256 1977 3307 dicendum

77 3349 158 3391 est
197 3359 315 3392 eam
355 3342 602 3408 primario
644 3360 759 3393 esse
799 3344 851 3393 in
890 3360 1142 3409 supremo
1184 3343 1543 3409 gubernante,
1599 3341 1652 3389 in
1703 3338 1815 3388 aliis
1849 3355 1975 3388 vero
