2182 3682
214 188 319 237 266
610 198 722 226 PARS
757 197 803 225 11.
856 196 1174 225 PHiLosoPmA
1210 195 1414 224 MORALIS
1451 194 1698 223 SPECIALIS.

287 351 333 388 2.
389 333 668 401 Exemplis
722 332 874 384 facile
915 332 1127 383 ostendi
1177 339 1359 397 potest
1399 329 1680 381 utilitatem
1727 330 1800 379 rei
1837 329 2117 379 intrinsece

211 419 535 470 constituere
589 416 826 467 valorem
882 423 935 465 et
995 414 1348 463 determinare
1405 413 1647 479 pretium.
1740 410 2118 477 Supponamus
2181 430 2182 476 3

210 521 258 552 v.
291 519 340 568 g.
372 498 664 567 agricolam
701 499 899 548 habere
929 497 1060 546 duas
1087 492 1308 557 vineas(
1327 513 1553 561 quarum
1581 511 1686 544 una
1713 493 1900 555 solum,
1943 493 2116 554 situm,

212 584 417 635 caelum
459 582 621 632 habet
663 581 881 647 optima,
926 578 1091 628 altera
1119 595 1244 627 vero
1285 577 1454 627 multo
1496 577 1703 643 peiora:
1747 575 1909 626 utrius
1935 575 2120 625 vineae
2160 612 2172 622 ι

210 668 392 717 vinum
444 664 656 714 maiore
700 662 871 728 pretio
927 660 1215 721 vendetur,
1276 660 1483 709 etiamsi
1536 659 1689 709 labor
1742 659 2014 724 impensus
2067 657 2119 706 in

212 757 495 814 utramque
534 747 745 795 vineam
787 749 1123 809 supponatur
1177 741 1445 808 aequalis?
1522 740 1679 791 Certe
1730 740 1944 807 prioris,
2000 740 2122 805 quia

211 832 393 881 vinum
433 827 601 878 multo
643 826 829 876 melius
871 834 964 875 est.
1023 824 1169 890 Ergo
1210 825 1327 890 ipsa
1367 824 1560 874 utilitas
1601 832 1681 873 est
1721 822 2122 873 constitutivum

213 913 536 963 elementum
576 907 770 959 valoris
812 906 1195 958 commutativi.
1264 906 1400 956 Item
1441 907 1483 956 si
1525 906 1794 972 quaeritur
1835 905 1902 954 de
1942 903 2122 954 valore

214 1005 267 1045 et
308 994 477 1061 pretio
520 993 748 1042 duorum
789 1007 1064 1056 agrorum,
1120 989 1412 1038 attenditur
1451 996 1575 1038 ante
1617 988 1796 1037 onmia
1835 986 1904 1037 ad
1952 985 2123 1035 fertili-

215 1086 396 1137 tatem,
440 1076 508 1126 ad
551 1073 995 1124 commoditatem
1035 1071 1166 1120 situs
1207 1081 1306 1121 etc.
1364 1071 1615 1137 Lignum,
1659 1069 1979 1119 frumentum
2019 1074 2120 1118 etc,

215 1160 416 1209 habent
455 1158 711 1207 maiorem
752 1155 1005 1215 valorem,
1049 1154 1091 1203 si
1132 1162 1255 1202 sunt
1295 1152 1514 1203 meliora
1554 1162 1654 1202 etc.

293 1247 717 1299 Concedendum
759 1252 838 1294 est
866 1243 1101 1294 valorem
1139 1260 1242 1292 72072
1270 1243 1390 1292 sola
1419 1243 1652 1292 ulz'lz'l‘ate
1693 1241 1958 1302 constitui,
2002 1241 2126 1307 quia

217 1332 375 1381 etiam
429 1330 611 1380 raritas
658 1337 711 1377 et
763 1327 915 1377 labor
954 1327 1004 1375 in
1059 1342 1112 1374 re
1163 1325 1498 1390 procreanda
1538 1334 1638 1375 etc.
1693 1325 1964 1390 impensus
2004 1340 2125 1373 con-

217 1414 433 1463 siderari
493 1411 719 1472 debent;
782 1409 878 1458 sed
939 1408 1286 1474 praecipuum
1341 1407 1666 1458 elementum
1724 1406 2125 1457 constitutivum

217 1495 408 1546 valoris
450 1495 521 1544 rei
562 1502 641 1543 est
682 1492 879 1542 utilitas
921 1490 1090 1555 (valor
1129 1490 1360 1553 usualis).

222 1651 369 1704 337.
450 1639 544 1690 Ad
588 1655 633 1691 2.
724 1640 963 1689 Yllcoria
1025 1638 1342 1688 evolationis
1400 1636 1832 1687 materialistica.
1916 1636 1974 1685 In
2026 1636 2127 1686 hac

220 1723 425 1774 theoria
466 1723 574 1772 duo
616 1722 881 1772 elementa
923 1721 1173 1787 distingui
1225 1727 1475 1787 possunt:
1531 1720 1580 1783 a)
1623 1719 1828 1769 theoria
1878 1718 2129 1769 historica

223 1804 554 1866 universalis,
605 1822 742 1871 quae
784 1805 942 1854 etiam
985 1812 1136 1853 extra
1177 1812 1349 1853 castra
1388 1801 1770 1852 socialistarum
1811 1809 1893 1851 sat
1932 1800 2130 1851 multos

222 1889 507 1954 scriptores
547 1889 682 1937 inter
720 1904 847 1937 suos
889 1885 1119 1936 asseclas
1147 1893 1402 1935 numerat.
1461 1884 1771 1935 Secundum
1813 1883 1950 1934 hanc
1983 1883 2129 1933 theo-

224 1972 368 2031 riam,
419 1987 556 2036 quae
596 1986 910 2036 processum
951 1967 1268 2018 evolutionis
1307 1985 1466 2017 sensu
1508 1966 1809 2032 Hegeliano
1851 1983 1971 2016 curn
2012 1983 2132 2016 evo-

224 2053 425 2103 lutione
475 2069 634 2102 sensu
687 2050 1149 2102 materialistarum
1202 2068 1230 2099 e
1271 2049 1456 2099 schola
1498 2049 1955 2098 Darwinianorum
2011 2065 2132 2098 con-

226 2135 399 2186 ciliare
454 2135 661 2194 studet,
724 2134 902 2184 omnia
956 2150 1013 2182 se
1069 2141 1329 2198 perpetuo
1386 2132 1453 2181 ab
1511 2149 1617 2180 uno
1671 2140 1810 2181 statu
1865 2131 1918 2180 in
1972 2130 2132 2180 alium

226 2217 506 2277 evolvunt,
561 2216 686 2266 nihil
739 2225 819 2266 est
870 2214 1060 2265 stabile
1101 2214 1289 2264 saltem
1330 2214 1380 2263 in
1423 2214 1608 2263 ordine
1648 2212 1805 2263 ideali
1846 2212 2131 2279 (religioso,

226 2300 440 2361 morali,
496 2299 742 2365 politico,
797 2297 1172 2364 philosophico
1225 2297 1375 2361 etc.);
1436 2312 1788 2362 unaquaeque
1840 2303 1986 2344 aetas
2035 2294 2134 2344 sibi

227 2399 395 2432 novas
447 2382 693 2431 efformat
731 2380 879 2430 ideas
933 2378 1230 2443 religiosas,
1292 2377 1546 2439 morales,
1602 2377 1847 2427 iuridicas
1898 2384 2027 2438 etc.‚
2083 2385 2136 2426 et

229 2465 448 2530 quidem
477 2463 780 2514 conformes
818 2480 916 2512 suo
948 2462 1117 2512 ordini
1147 2460 1515 2510 oeconomico.
1574 2458 1726 2510 Ordo
1756 2460 2137 2509 oeconomicus

231 2548 278 2612 (i.
325 2563 367 2596 e.
412 2546 629 2607 modus,
686 2562 793 2611 quo
836 2561 918 2594 res
971 2543 1342 2609 producuntur
1382 2551 1435 2592 et
1474 2542 1860 2608 permutantur)
1902 2550 1982 2591 est
2022 2540 2134 2591 ulti-

229 2630 414 2679 matim
455 2629 609 2678 unica
650 2644 809 2677 causa
850 2643 1073 2676 movens
1102 2633 1155 2675 et
1188 2625 1420 2690 dirigens
1447 2624 1499 2672 in
1539 2640 1792 2689 processu
1823 2622 2137 2673 evolutionis

231 2711 527 2761 historicae.
584 2710 862 2759 Praeterea
891 2707 1124 2758 evolutio
1154 2707 1403 2756 historica
1430 2722 1641 2772 semper
1669 2705 1726 2755 fit
1753 2706 1804 2755 vi
1840 2722 2135 2771 pugnarum

232 2795 366 2844 inter
403 2793 572 2842 varias
612 2790 794 2857 populi
840 2789 1048 2840 classes.
1105 2789 1164 2838 In
1204 2789 1318 2838 sinu
1361 2787 1639 2837 cuiuslibet
1679 2786 1863 2853 populi
1902 2787 2137 2836 oriuntur

234 2875 428 2926 classes
478 2875 612 2923 inter
651 2890 707 2923 se
750 2872 1057 2938 oppositae,
1111 2870 1410 2921 inimicitiae
1457 2887 1668 2935 semper
1719 2868 1851 2918 fiunt
1891 2868 2134 2928 maioreS,

235 2959 409 3008 donec
468 2956 696 3006 societas
753 2962 961 3004 corruat
1017 2963 1068 3002 et
1128 2970 1295 3002 novus
1352 2952 1485 3001 ordo
1545 2950 1754 3001 socialis
1809 2967 1932 3001 cum
1986 2950 2137 3000 novis

233 3040 366 3090 ideis
406 3039 615 3088 oriatur.

310 3127 419 3178 Sed
471 3127 603 3177 haec
655 3126 860 3176 theoria
915 3126 966 3188 α)
1014 3125 1268 3190 supponit
1317 3123 1400 3173 vel
1452 3122 1847 3189 pantheismum
1897 3120 1980 3171 vel
2033 3137 2136 3171 ma-

235 3210 575 3261 terialismum
615 3208 699 3258 vel
741 3207 1064 3257 doctrinam:
1110 3206 1382 3255 hominem
1423 3222 1531 3254 non
1572 3221 1688 3254 esse
1728 3203 1824 3253 nisi
1865 3219 1958 3252 ens
1994 3218 2137 3252 mere

237 3293 559 3342 sensitivum.
641 3289 697 3341 Si
737 3290 874 3339 enim
919 3288 1083 3337 homo
1125 3287 1287 3336 habet
1328 3287 1559 3337 animam
1599 3284 1951 3351 spiritualem,
2005 3283 2137 3334 haec

240 3383 381 3425 certe
410 3372 687 3438 cognoscit
717 3380 768 3421 et
796 3370 1001 3436 appetit
1028 3369 1171 3419 bona
1198 3369 1357 3419 etiam
1386 3367 1700 3434 spiritualia3
1743 3366 2059 3432 inquirendo
2086 3365 2139 3415 in
