2182 3682
226 179 332 238 284
638 186 750 214 PARS
785 186 833 216 11.
886 186 1199 215 PHILOSOPHIA
1234 186 1437 215 MORALIS
1474 186 1720 215 SPECIALIS.

221 323 367 371 nium
409 327 779 388 paupertatem
819 320 1205 371 sublevandam
1247 329 1300 371 et
1342 319 1549 371 felicem
1590 320 1922 371 reddendam
1957 328 2129 372 totam

219 405 548 455 societatem.

295 485 405 536 Sed
457 486 590 536 haec
643 484 842 536 facilius
895 485 1167 546 dicuntur,
1223 503 1384 551 quam
1431 485 1483 535 in
1524 486 1733 552 praxim
1775 485 2126 538 deducuntur.

221 569 298 620 Ut
338 569 478 618 enim
520 569 765 618 omittam
807 567 914 617 fere
957 567 1287 634 impossibile
1327 585 1444 618 esse
1483 576 1731 619 accurate
1760 568 2128 630 determinare,
2166 616 2179 625 ,ἶ

221 668 485 717 quaenam
539 651 807 717 quantitas
858 657 1218 716 proventuum
1271 668 1341 700 ex
1392 652 1534 716 agris
1586 649 1757 701 labori
1811 659 1864 700 et
1920 650 2131 717 capitali

222 741 275 784 et
334 750 597 800 quaenam
656 733 756 799 ipsi
816 741 1033 782 naturae
1092 732 1176 782 vel
1237 750 1367 799 agro
1428 734 1495 783 sit
1553 733 1924 794 attribuenda,
1991 732 2130 784 hanc

221 832 380 866 unam
422 815 793 866 difficultatem
835 831 1230 865 commemoro:
1287 824 1378 865 aut
1417 815 1505 865 illa
1545 833 1668 882 pars
1709 833 1924 876 census,
1968 832 2128 882 quam

221 899 504 948 adversarii
555 898 827 948 hodiernis
878 898 1278 964 possessoribus
1330 897 1627 965 relinquere
1666 898 1880 960 volunt,
1936 914 2132 965 magna

222 982 318 1030 erit
373 990 465 1031 aut
519 982 726 1046 exigua.
825 980 879 1031 Si
936 980 1111 1030 solum
1166 980 1399 1046 emgua:
1456 998 1560 1047 qua
1617 981 1822 1031 ratione
1877 988 2132 1047 poterunt

221 1063 465 1114 hodierni
521 1081 861 1130 possessores
917 1063 1095 1114 induci
1151 1064 1217 1112 ad
1275 1064 1646 1130 suscipiendos
1701 1064 1753 1113 in
1807 1081 1865 1114 se
1919 1062 2132 1114 labores

221 1154 273 1196 et
329 1147 570 1212 negotia,
629 1164 765 1212 quae
818 1146 886 1196 ad
938 1146 1131 1196 fundos
1179 1145 1465 1206 locandos,
1524 1146 1766 1196 aedificia
1806 1145 2133 1196 exstruenda

219 1229 302 1279 vel
356 1229 676 1295 reparanda,
735 1229 804 1279 ad
863 1227 1259 1278 meliorationes
1316 1228 1623 1278 efficiendas
1679 1236 1779 1279 etc,
1838 1229 2134 1278 necessaria

218 1311 373 1362 sunt?
437 1310 493 1362 Si
535 1318 714 1361 autem
758 1329 994 1377 magna:
1037 1311 1318 1377 quomodo
1361 1311 1558 1376 poterit
1598 1311 1781 1360 civitas
1823 1327 1944 1361 cum
1982 1319 2133 1376 parte

225 1395 435 1444 residua
476 1394 676 1443 reditus
718 1394 895 1443 omnia
936 1392 1035 1443 alia
1076 1394 1274 1443 tributa
1315 1393 1582 1459 superflua
1611 1393 1836 1443 reddere
1865 1402 1917 1442 et
1946 1410 2133 1443 omnes

219 1477 616 1543 propemodum
660 1477 894 1526 miserias
936 1494 1005 1526 ex
1045 1476 1145 1526 hac
1188 1476 1520 1526 lacrimarum
1561 1475 1698 1526 valle
1739 1474 2040 1542 expellere?

298 1559 420 1609 Hoc
473 1567 530 1608 ut
582 1558 769 1608 melius
821 1559 1195 1625 perspiciatur,
1251 1558 1530 1608 sciendum
1572 1567 1652 1608 est
1691 1559 1796 1608 iam
1835 1558 1999 1608 hodie
2038 1575 2134 1625 per

222 1642 498 1707 Europam
539 1649 860 1707 proventum
900 1658 1152 1706 agrorum
1193 1641 1578 1705 (abstrahendo
1619 1658 1649 1691 a
1690 1640 1875 1691 labore
1915 1649 1968 1691 et
1996 1641 2132 1706 capi-

222 1723 332 1789 tali)
373 1724 464 1774 vix
519 1738 546 1773 2
589 1723 672 1774 vel
730 1738 755 1788 3
812 1723 1131 1774 centesimas
1185 1726 1234 1788 (2
1278 1723 1361 1773 vel
1413 1737 1439 1787 3
1487 1741 1583 1789 pro
1627 1724 1860 1789 centum)
1903 1723 2129 1773 efficere.

224 1805 514 1872 Agricolae
538 1807 734 1872 ubique
764 1806 870 1856 fere
899 1806 1144 1856 maximis
1175 1805 1575 1856 difficultatibus
1603 1813 1928 1871 premuntur,
1973 1806 2132 1855 etiam

223 1889 281 1950 ii,
337 1890 426 1956 qui
478 1890 723 1956 proprios
776 1906 935 1955 agros
986 1888 1267 1955 possident
1315 1898 1367 1938 et
1407 1906 1515 1938 non
1557 1888 1806 1938 obstante
1848 1888 2132 1954 diligentis-

221 1973 358 2022 simo
410 1971 594 2022 labore
634 1972 723 2021 vix
777 1980 981 2022 tantum
1035 1989 1103 2021 ex
1150 1972 1256 2021 suis
1298 1971 1472 2021 fundis
1515 1971 1838 2037 percipiunt,
1892 1979 1950 2020 ut
1990 1988 2130 2020 com-

221 2055 383 2104 mode
441 2071 592 2105 suam
653 2054 901 2104 familiam
963 2054 1102 2103 alere
1163 2055 1383 2119 possint.
1482 2052 1777 2118 Quomodo
1834 2070 1964 2119 ergo
2020 2053 2132 2103 fieri

219 2138 431 2204 poterit,
475 2146 532 2187 ut
574 2138 632 2186 iis
673 2137 851 2187 adhuc
880 2136 1050 2186 multo
1080 2136 1279 2186 maiora
1308 2136 1507 2186 tributa
1534 2137 1890 2202 imponantur,
1933 2135 2132 2185 tributa

219 2229 379 2280 tanta,
424 2237 560 2286 quae
601 2219 903 2269 sufficerent
944 2219 1013 2269 ad
1055 2219 1234 2268 omnia
1274 2217 1375 2268 alia
1415 2218 1611 2268 tributa
1650 2216 1935 2280 abolenda,
1979 2226 2032 2267 et
2071 2218 2131 2268 iis

219 2302 561 2352 nihilominus
601 2320 722 2368 pars
763 2318 959 2368 magna
1001 2318 1191 2352 census
1233 2300 1587 2368 relinquatur?

959 2457 1290 2496 ARTICL‘LL‘S
1322 2457 1395 2496 IV.

224 2557 336 2602 ALI
344 2556 431 2601 ΑΕ
471 2554 739 2601 SENTEN
743 2555 811 2600 TI
816 2555 905 2599 ΑΕ
944 2554 1231 2600 ERRONE
1238 2554 1327 2599 ΑΕ
1374 2552 1535 2599 CIRC
1540 2553 1585 2597 A
1630 2553 1974 2600 PROPR1E1
1979 2553 2037 2598 Χ
2039 2553 2069 2597 Ι
2072 2552 2129 2598 IS

736 2636 1087 2683 ORIGINEM
1123 2636 1309 2682 REFU
1313 2635 1615 2682 FANTDR.

967 2760 1235 2808 THESIS
1274 2761 1390 2807 LX.

228 2858 373 2922 363-
443 2869 538 2914 Ius
563 2865 921 2927 proprietatis
948 2880 1061 2913 non
1087 2866 1354 2912 fundatur
1379 2863 1435 2910 in
1461 2863 1596 2911 solis
1621 2863 1838 2924 legibus
1863 2862 2130 2910 humanis

222 2943 313 2990 vel
349 2942 405 2989 in
442 2948 607 3003 pacto
645 2941 829 3002 aliquo
867 2940 1174 3001 primaevo,
1214 2953 1398 3000 neque
1436 2938 1601 2985 unice
1638 2937 1816 2998 repeti
1852 2944 2041 2999 potest
2066 2952 2132 2984 ex

224 3018 345 3065 iure
382 3016 630 3064 hominis
667 3017 736 3062 ad
773 3016 1020 3062 fructum
1057 3014 1263 3062 laboris
1299 3013 1404 3060 sui.

297 3111 566 3165 (Libcratore,
598 3112 735 3151 Instit.
770 3111 933 3150 ethicae
973 3120 1067 3159 174.
1135 3111 1453 3156 Costa-Rossetti,
1489 3109 1644 3147 Philos.
1679 3122 1782 3148 mor.
1818 3108 1922 3147 thes.
1963 3107 2056 3147 128.

702 3180 904 3230 Sclzz'ffini,
937 3178 1091 3217 Philos.
1127 3191 1229 3216 mor.
1263 3178 1316 3224 Π,
1352 3191 1390 3215 n.
1428 3184 1510 3227 325
1537 3172 1652 3228 sqq.)

303 3279 391 3332 St.
437 3279 513 3347 Q.
602 3297 642 3333 Ι.
686 3281 746 3331 In
796 3281 966 3347 prima
1018 3288 1168 3346 parte
1221 3279 1510 3329 refutamus
1560 3276 1878 3328 sententiam
1927 3292 2126 3336 eorum,

229 3366 320 3432 qui
360 3382 483 3415 cum
523 3364 895 3431 fisonlesquz'eu
935 3362 1133 3429 (Esprit
1182 3362 1276 3412 des
1317 3360 1415 3411 lois
1455 3360 1485 3409 l.
1531 3360 1614 3421 26,
1659 3377 1702 3410 c.
1755 3359 1856 3423 15),
1899 3356 2129 3418 Hobbes,
