2182 3682
508 157 594 186 LIB.
630 157 677 185 ΙΙ.
725 156 824 185 CAP.
860 156 925 185 111.
973 156 1036 184 DE
1071 156 1327 185 SOCIETATE
1363 156 1519 186 CIVILI.
1844 148 1949 210 389

59 303 202 358 519.
285 292 450 340 Prob.
488 306 532 339 2.
622 291 947 357 Prosperitas
998 290 1236 357 publica,
1292 308 1426 357 quae
1478 291 1637 340 finem
1683 291 1951 342 societatis

55 375 214 426 civilis
270 373 566 433 constituit,
632 373 795 422 debet
858 388 897 423 Ι.
954 389 1069 422 6556
1125 372 1343 438 aliquod
1404 373 1605 422 bonum
1663 391 1948 436 commune,

53 464 308 523 quantum
348 455 459 504 fieri
500 463 679 521 potest
707 465 759 504 et
799 454 1022 504 iustitiae
1051 454 1418 504 distributivae
1447 456 1706 520 congruit,
1751 456 1951 505 cunctis

52 537 316 588 membris.
375 536 564 587 Omnis
592 538 728 586 enim
759 537 987 586 societas
1016 537 1286 585 communi
1317 537 1709 602 conspiratione
1750 537 1950 586 bonum

50 636 330 670 commune
390 619 627 668 omnium
692 618 1052 667 membrorum
1113 619 1353 668 intendit.
1455 632 1502 667 2.
1562 618 1684 668 Hoc
1748 619 1951 668 bonum

51 718 156 752 non
198 707 377 766 potest
417 717 533 749 esse
556 700 696 766 finis
735 700 791 749 2'72
831 717 913 761 se,
967 700 1063 749 sed
1106 700 1269 749 debet
1310 699 1533 749 finaliter
1572 701 1718 750 bono
1760 701 1951 750 civium

50 783 394 833 subordinari.
476 782 599 831 Non
652 782 793 831 enim
843 781 1087 831 homines
1139 790 1260 831 sunt
1311 791 1532 847 propter
1577 791 1801 843 statum,
1855 782 1951 831 sed

49 865 332 914 viceversa.
390 877 436 927 3.
480 864 662 913 Debet
690 880 806 913 6556
846 863 1049 913 bonum
1078 872 1353 913 externum
1383 872 1434 913 et
1474 865 1770 928 {evaporale
1797 863 1954 914 lanias

54 946 211 996 vilae.
281 945 420 994 Nam
461 945 665 995 bonum
705 946 969 994 internum
1012 963 1118 1010 qua
1158 945 1263 995 tale
1304 946 1486 1011 nequit
1526 963 1641 995 esse
1683 947 1953 996 obiectum

56 1028 352 1078 communis
382 1027 785 1093 conspirationis
811 1026 1036 1087 socialis,
1077 1035 1129 1077 et
1156 1027 1426 1077 hominem
1457 1028 1523 1076 ad
1554 1028 1714 1077 finem
1741 1028 1954 1078 alterius

48 1110 186 1159 vitae
237 1109 532 1174 perducere
584 1109 813 1174 pertinet
863 1109 929 1157 ad
974 1126 1125 1169 eum,
1181 1110 1327 1159 cuius
1368 1118 1447 1159 est
1499 1109 1805 1159 felicitatem
1856 1110 1952 1175 pri-

47 1199 226 1241 vatam
278 1190 431 1240 huius
481 1192 619 1240 vitae
673 1191 872 1240 directe
926 1190 1152 1240 efficere.
1235 1206 1282 1253 4.
1330 1191 1509 1241 Debet
1561 1209 1676 1241 esse
1718 1192 1864 1241 muni
1902 1200 1954 1241 et

47 1273 156 1322 soli
191 1273 434 1322 societali
472 1273 627 1322 civili
663 1274 952 1338 proprium,
997 1274 1121 1338 quia
1147 1274 1375 1323 societas
1404 1292 1433 1323 a
1471 1273 1574 1323 fine
1602 1274 1949 1340 specificatur.

55 1364 98 1418 5.
153 1355 334 1404 Debet
386 1372 500 1404 esse
552 1355 872 1420 qnalz'z‘alive
923 1356 1263 1420 completam,
1316 1357 1344 1405 i.
1396 1374 1439 1406 e.
1496 1355 1698 1405 nullum
1750 1357 1951 1406 bonum

48 1445 354 1497 externum,
415 1437 562 1502 quod
619 1437 686 1486 ad
743 1437 1014 1486 hominem
1072 1438 1122 1486 in
1180 1437 1260 1487 his
1316 1439 1465 1487 terris
1521 1440 1655 1487 intra
1711 1439 1952 1488 ordinem

48 1518 341 1568 naturalem
393 1518 778 1584 perficiendum
831 1519 956 1568 utile
1011 1537 1125 1569 esse
1167 1522 1361 1585 possit,
1406 1529 1512 1585 per
1551 1539 1607 1569 se
1647 1520 1950 1571 excludere.

48 1600 288 1651 Societas
329 1601 468 1650 enim
510 1600 673 1650 civilis
714 1619 783 1650 ex
824 1602 1060 1650 omnium
1103 1611 1280 1651 mente
1310 1612 1389 1651 est
1429 1603 1656 1652 societas
1685 1602 1955 1668 completa

49 1692 101 1733 et
141 1683 393 1749 perfecta.
474 1684 522 1733 6.
567 1683 747 1732 Debet
787 1683 1070 1749 sphaeram
1111 1685 1392 1733 activitatis
1444 1685 1678 1750 privatae
1719 1702 1826 1734 non
1868 1686 1953 1734 de-

48 1773 276 1826 struere,
320 1765 415 1814 sed
458 1766 635 1830 potius
676 1766 743 1814 ad
786 1766 1013 1815 eandem
1054 1767 1188 1815 intra
1228 1767 1395 1816 iustos
1437 1767 1627 1816 limites
1667 1768 1952 1817 iuvandam

48 1841 299 1896 ordinari.
374 1847 498 1897 Non
551 1848 691 1897 enim
744 1857 799 1897 ut
852 1848 1151 1898 libertatem
1192 1865 1342 1898 suam
1385 1850 1655 1910 amittant,
1711 1849 1954 1900 homines

46 1930 96 1978 in
136 1930 449 1979 societatem
491 1931 828 1992 conveniunt,
872 1931 967 1980 sed
1010 1931 1188 1996 potius
1228 1940 1285 1980 ut
1326 1933 1571 1981 iuvamen
1609 1942 1660 1981 et
1701 1933 1952 1982 auxilium

48 2012 316 2061 inveniant
355 2013 407 2061 in
448 2013 508 2061 iis
549 2012 704 2061 bonis
732 2013 1084 2078 acquirendis,
1129 2015 1197 2062 ad
1228 2031 1364 2079 quae
1394 2015 1687 2064 obtinenda
1715 2015 1954 2081 singulae

49 2093 275 2143 familiae
315 2094 413 2143 sibi
454 2111 561 2143 non
603 2094 885 2145 sufficiunt.
967 2095 1173 2145 Mederi
1215 2113 1342 2160 ergo
1391 2096 1510 2146 huic
1552 2097 1953 2147 insufficientiae

48 2175 164 2225 finis
214 2176 483 2225 societatis
535 2176 697 2226 civilis
744 2186 838 2226 est.
920 2177 1167 2244 Denique
1210 2190 1256 2242 7.
1302 2179 1466 2228 debet
1505 2179 1690 2229 ulll‘mo
1716 2180 1828 2246 fim'
1866 2180 1952 2230 llo-

48 2258 210 2308 minis
249 2258 603 2308 subordinari
639 2276 733 2308 seu
774 2259 1053 2309 honestam
1098 2260 1403 2310 felicitatem
1446 2260 1600 2311 liuius
1626 2263 1765 2311 vitae
1806 2280 1952 2328 spec-

46 2347 172 2401 tare,
216 2341 286 2390 ita
328 2349 384 2390 ut
423 2340 507 2390 vel
550 2342 794 2406 proxime
834 2341 918 2391 vel
962 2352 1165 2392 remote
1208 2343 1513 2393 hominibus
1543 2344 1754 2410 copiam
1796 2345 1952 2395 faciat

47 2421 207 2471 finem
248 2422 491 2472 ultimum
532 2423 734 2472 facilius
774 2431 826 2473 et
867 2424 1223 2474 abundantius
1251 2426 1585 2492 assequendi.
1642 2427 1784 2476 Finis
1812 2428 1952 2477 enim

47 2505 315 2554 societatis
343 2506 651 2571 praesertim
680 2506 929 2556 naturalis
957 2525 1064 2556 non
1094 2516 1274 2573 potest
1296 2525 1411 2557 esse
1440 2508 1641 2557 bonum
1671 2526 1948 2576 apparens,

46 2586 141 2635 sed
169 2604 367 2637 verum.
435 2588 636 2637 Verum
667 2597 843 2638 autem
873 2589 1101 2639 hominis
1129 2590 1329 2639 bonum
1360 2592 1410 2640 in
1440 2590 1539 2641 hac
1567 2592 1674 2641 vita
1701 2609 1950 2659 supremo

48 2669 286 2718 eiusdem
326 2669 415 2719 fini
454 2670 830 2720 subordinetur
871 2689 1088 2721 necesse
1130 2680 1225 2722 est.

122 2765 291 2831 Atqui
330 2784 516 2816 omnes
556 2767 878 2831 praedictae
916 2769 1287 2833 propricl‘ales
1334 2779 1580 2820 accurate
1629 2772 1952 2821 conveniunt

50 2848 452 2898 condicionibus
504 2850 555 2898 in
607 2849 741 2899 thesi
796 2851 1100 2916 descriptis,
1157 2860 1214 2901 ut
1269 2852 1419 2902 facile
1471 2854 1677 2919 patebit
1716 2853 1950 2920 singulas

47 2931 399 2996 proprietates
450 2933 787 2997 percurrenti.
882 2933 1072 2999 Neque
1125 2934 1225 2983 alia
1278 2935 1516 2984 definitio
1569 2936 1697 2985 boni
1751 2936 1951 3002 publici

48 3029 218 3078 aeque
258 3013 487 3080 simplex
527 3021 580 3063 et
632 3022 879 3064 accurata
931 3016 1149 3065 inveniri
1201 3034 1360 3082 posse
1400 3018 1622 3067 videtur.
1704 3018 1857 3084 Ergo
1898 3020 1950 3068 in

48 3093 126 3144 his
155 3096 557 3145 condicionibus
586 3098 908 3162 prosperitas
937 3098 1148 3164 publica
1175 3116 1268 3148 seu
1298 3099 1413 3149 finis
1442 3101 1664 3150 civitatis
1693 3102 1946 3152 consistit.

51 3249 196 3303 520.
277 3243 543 3292 Confirm.
581 3260 624 3306 3.
672 3247 1013 3296 auctoritate:
1069 3248 1117 3311 a)
1160 3246 1211 3298 S.
1256 3247 1310 3298 P.
1356 3248 1552 3297 Leonis
1594 3247 1745 3308 XIII,
1802 3249 1947 3298 cuius

49 3322 290 3374 doctrina
338 3342 497 3392 supra
538 3328 606 3391 (n.
656 3329 778 3393 511)
832 3330 1078 3394 exposita
1130 3337 1224 3379 est.
1307 3329 1453 3379 Noto
1506 3330 1814 3394 praesertim
1862 3329 1947 3379 illa
