2182 3682
253 157 339 187 LIB.
376 158 401 186 I.
448 158 548 187 CAP.
584 157 649 186 III.
697 158 758 185 DE
791 156 987 185 OFFICIIS
1023 157 1251 185 HOMINUM
1289 157 1465 185 MUTUIS
1502 158 1645 186 INTER
1681 158 1744 186 SE.
1835 157 1937 210 947

1835 185 1862 195 ..a

766 307 1032 355 THESIS
1070 309 1214 355 LIV.

50 424 83 476 3
100 422 195 462 10.
278 418 538 466 Illicitum
566 425 652 466 est
676 420 745 465 ad
770 419 953 465 famae
981 424 1035 465 et
1060 418 1291 466 honoris
1316 418 1527 479 proprii
1554 419 1940 468 defensionem

48 494 218 542 aliurn
255 493 551 540 vulnerare
587 493 678 540 vel
714 492 986 540 occidere.

185 601 321 655 (Viva,
355 603 528 642 Trutina
562 601 690 642 theol.
727 602 902 641 thesium
937 602 1119 642 damnat.
1154 616 1250 654 pars
1290 614 1322 652 1,
1356 617 1527 655 propos.
1568 612 1618 653 17
1652 612 1693 644 et
1730 604 1816 656 18.)

122 717 210 770 St.
255 717 332 786 Q.
420 734 459 770 Ι.
505 718 648 785 Quid
689 719 754 769 sit
796 718 935 769 fama
975 726 1028 769 et
1067 719 1240 769 honor
1281 719 1343 769 cf.
1387 736 1547 785 supra
1587 737 1635 770 n.
1685 722 1804 784 308.

123 815 169 852 2.
220 800 550 868 Supponitur
600 801 686 867 agi
739 801 806 850 de
858 800 1165 851 defensione
1215 801 1383 851 solius
1430 800 1675 869 honoris,
1730 819 1853 852 nam
1905 803 1945 852 si

48 885 161 950 quis
214 882 384 933 vellet⁴
430 882 579 933 alteri
634 883 857 953 barbam
913 882 1106 933 vellere
1164 882 1245 932 vel
1301 882 1482 949 alapas
1537 883 1800 949 infligere,
1863 884 1946 934 hic

47 966 149 1015 iam
205 982 313 1014 non
370 965 681 1015 defenderet
735 963 909 1014 solum
961 964 1249 1025 honorem,
1304 965 1399 1014 sed
1452 965 1611 1015 etiam
1662 983 1945 1031 personam

47 1064 195 1097 suam
235 1047 465 1112 ideoque
506 1055 689 1113 posset
728 1045 986 1096 violenter
1025 1064 1082 1096 se
1123 1046 1438 1107 defendere,
1494 1063 1602 1096 non
1643 1056 1822 1097 tamen
1864 1065 1946 1097 oc-

48 1129 221 1179 cidere
272 1145 670 1194 aggressorem,
725 1128 822 1177 nisi
873 1127 958 1177 ille
1010 1145 1228 1194 quoque
1279 1129 1437 1178 armis
1488 1135 1664 1178 utatur
1715 1137 1767 1178 et
1821 1130 1946 1179 inte-

47 1210 208 1276 gritas
248 1211 609 1261 membrorum
651 1210 701 1260 in
744 1209 979 1276 periculo
1020 1219 1269 1261 versetur.

52 1364 196 1415 311.
279 1354 443 1401 Prob.
533 1352 809 1402 Detractio
862 1352 1160 1416 (calumnia)
1203 1352 1283 1402 vel
1336 1351 1680 1414 contumelia,
1737 1354 1804 1403 de
1846 1371 1950 1419 qua

47 1434 336 1485 avertenda
391 1435 586 1500 agitur,
645 1443 736 1484 aut
786 1435 891 1484 iam
942 1434 1085 1484 illata
1137 1443 1242 1495 est,
1303 1444 1393 1484 aut
1447 1434 1621 1484 solum
1677 1435 1950 1485 inferenda

49 1517 273 1566 timetur.
355 1514 410 1565 Si
438 1516 713 1580 primum,
766 1534 872 1566 non
922 1524 1100 1582 potest
1140 1534 1316 1566 sermo
1358 1534 1472 1566 esse
1515 1518 1582 1567 de
1623 1517 1946 1568 defensione.

49 1597 305 1648 Defensio
358 1598 498 1648 enim
537 1597 648 1647 vult
701 1599 1084 1648 detractionem
1139 1598 1396 1665 impedire
1448 1616 1539 1648 seu
1592 1599 1828 1659 efficere,
1885 1616 1950 1648 ne

51 1679 239 1730 eadem
291 1680 397 1730 fiat.
491 1680 545 1731 Si
584 1681 896 1741 secundnm,
962 1681 1252 1746 generatim
1307 1681 1546 1730 nondum
1594 1681 1821 1731 habetur
1870 1698 1950 1731 ac-

51 1762 200 1812 tualis
222 1763 496 1828 aggressio
519 1752 850 1830 proindeque
874 1763 1023 1813 deest
1047 1763 1393 1813 moderamen
1415 1762 1714 1830 inculpatae
1738 1762 1947 1814 tutelae

46 1844 335 1916 Praeterea
363 1845 451 1895 vix
504 1863 759 1911 umquam
812 1852 958 1895 certo
1013 1854 1257 1895 constare
1309 1852 1513 1911 potest,
1569 1862 1694 1895 num
1748 1863 1815 1895 ex
1865 1846 1950 1896 de-

48 1914 307 2000 tractione
348 1935 597 2001 sequatur
637 1944 798 1993 grave
839 1926 1236 1988 damnum,er
1277 1927 1463 1977 saltem
1506 1944 1629 1977 num
1673 1944 1779 1978 non
1814 1928 1952 1978 adsit

49 1992 148 2059 alia
198 2009 282 2059 via
333 2009 610 2059 evadendi.
702 2009 888 2075 Atque
942 2010 1012 2059 ita
1064 2010 1222 2060 etiam
1283 2010 1433 2060 deest
1485 2010 1830 2059 moderamen
1882 2011 1950 2059 in-

49 2089 294 2157 culpatae
335 2090 546 2142 tutelae.
615 2091 848 2142 Accedit
890 2093 1136 2158 denique,
1181 2092 1329 2158 quod
1371 2092 1628 2152 doctrina,
1673 2108 1834 2158 quam
1863 2093 1951 2141 im-

50 2190 377 2251 pugnamus,
428 2174 721 2223 maximum
763 2174 1056 2240 periculum
1096 2175 1358 2224 abusuum
1399 2191 1578 2223 secum
1622 2173 1733 2224 fer.t
1817 2173 1950 2223 Cum

49 2255 187 2305 enim
215 2256 305 2305 vix
345 2272 599 2322 umquam
633 2264 876 2307 constare
916 2257 1085 2322 possit
1122 2251 1189 2306 de
1219 2256 1637 2317 condicionibuS,
1681 2257 1730 2305 in
1761 2256 1953 2322 quibus

50 2336 249 2387 licitum
303 2346 443 2387 esset
494 2337 654 2387 alium
706 2339 978 2399 occidere,
1034 2345 1086 2388 et
1132 2356 1253 2388 cum
1295 2337 1554 2388 laesiones
1594 2338 1811 2388 honoris
1850 2339 1953 2388 sint

50 2419 188 2469 a'deo
230 2419 408 2469 faciles
450 2428 502 2470 et
531 2419 685 2493 valde
726 2380 1010 2470 timeantur
1050 2429 1102 2470 et
1141 2421 1449 2481 sentiantur,
1493 2421 1784 2470 maximum
1815 2427 1954 2471 esset

49 2500 340 2568 periculum
381 2501 819 2553 hallucinationis.

125 2583 269 2632 Dum
321 2601 451 2651 ergo
503 2585 707 2634 bonum
760 2602 1043 2636 commune
1093 2583 1354 2651 postulat,
1410 2593 1467 2634 ut
1507 2586 1771 2651 possimus
1811 2585 1954 2635 bona

52 2665 339 2715 materialia
381 2668 559 2733 magni
586 2666 778 2717 valoris
818 2676 1035 2717 cruente
1061 2656 1373 2728 defendere,
1418 2667 1560 2716 idem
1588 2667 1790 2717 bonum
1820 2666 1953 2717 licei-

53 2755 216 2809 tatem
269 2757 517 2798 cruentae
571 2749 893 2800 defensionis
946 2748 1115 2799 famae
1168 2758 1220 2799 et
1272 2749 1490 2798 honoris
1540 2748 1804 2815 prohibet.
1885 2749 1954 2798 Et

53 2830 184 2887 ratio
225 2812 458 2896 petenda
499 2839 580 2881 est
634 2849 703 2881 ex
750 2832 970 2881 dacusa
1014 2840 1212 2881 malma
1254 2832 1445 2880 horum
1498 2831 1778 2902 bonorum.
1860 2830 1953 2902 Ad

53 2911 195 2962 bona
247 2913 388 2962 enim
441 2893 729 2964 materialia
780 2913 1120 2964 defendenda
1160 2913 1409 2964 violentia
1461 2900 1645 2963 natura
1695 2930 1791 2962 sua
1830 2898 1955 2978 apta

54 3001 148 3054 est,
191 2994 285 3044 sed
328 2995 393 3044 ad
436 2995 696 3063 honorem
738 2995 1138 3045 defendendum
1167 3014 1261 3061 per
1288 3013 1345 3045 se
1374 3005 1425 3045 et
1454 2994 1746 3061 generatim
1775 2995 1955 3059 inepta

55 3083 159 3137 est,
214 3086 267 3126 et
318 3078 560 3143 quamvis
610 3077 898 3144 aliquando
948 3078 1143 3128 occisio
1186 3085 1371 3143 posset
1411 3077 1698 3126 laesionem
1739 3075 1954 3125 honoris

55 3174 396 3223 praecavere,
451 3168 629 3209 tamen
681 3159 732 3209 in
783 3168 1037 3210 concreto
1092 3159 1228 3209 adeo
1272 3158 1484 3208 difficile
1525 3166 1664 3208 esset
1704 3158 1950 3218 iudicare,

55 3256 182 3290 num
232 3241 574 3292 condiciones
614 3242 683 3291 ad
723 3242 1047 3292 occisionem
1089 3242 1371 3307 requisitae
1412 3240 1687 3299 adessent,
1741 3247 1798 3288 ut
1837 3256 1950 3305 gra-

55 3320 249 3372 vissimi
289 3322 485 3374 abusus
535 3323 706 3374 forent
747 3322 1014 3374 moraliter
1053 3321 1380 3373 inevitabiles
1422 3321 1660 3387 (Propos
1687 3332 1746 3384 17
1789 3329 1840 3371 et
1890 3322 1949 3371 18
