2182 3682
206 164 312 215 330
602 160 715 189 PARS
750 160 798 190 ΙΙ.
849 160 1174 190 PHILOSOPHIA
1207 160 1410 190 MORALIS
1445 161 1697 192 SPECIALIS.

201 298 267 348 sit
308 298 620 359 auctoritas,
674 298 780 348 iam
804 305 1003 365 ⁴potest
1041 296 1270 347 societas
1321 297 1621 347 secundum
1668 297 1948 348 essentiam
1992 308 2115 349 con-

203 381 305 447 cipi
344 379 596 446 perfecta.
677 380 832 446 Ergo
873 379 1161 429 auctoritas
1201 396 1310 429 non
1351 387 1431 429 est
1471 379 1641 429 forma
1681 380 1965 431 societatis.

275 491 434 542 Proh.
479 492 606 542 min.
688 492 739 556 a)
782 490 837 542 Si
878 490 1026 557 fingo
1068 499 1324 557 quattuor
1364 491 1609 542 homines
1649 509 1706 542 se
1744 492 1944 558 scripto
1986 491 2113 543 obli-

201 592 328 642 gare
369 574 437 624 ad
478 574 640 624 finem
679 573 910 640 aliquem
954 574 1331 624 communibus
1358 574 1554 624 viribus
1589 574 2002 641 assequendum,
2046 592 2112 624 eo

200 658 318 724 ipso
369 657 599 707 societas
650 657 754 706 iam
793 656 1091 705 secundum
1146 657 1429 706 essentiam
1470 657 1710 723 perfecta
1749 665 1855 718 est,
1906 657 2005 707 etsi
2045 657 2113 714 de
2173 696 2176 697 γ

200 740 517 790 auctoritate
568 738 693 788 nihil
747 739 1115 804 cogitaverint.
1204 738 1360 804 Ergo
1413 740 1703 789 auctoritas
1754 756 1862 789 non
1914 747 1995 789 est
2045 740 2113 789 de

199 822 428 872 essentia
467 821 751 882 societatis,
795 820 1028 887 ideoque
1068 838 1243 887 neque
1286 821 1456 871 forma
1497 822 1751 872 eiusdem.
1823 822 2115 888 Repugnat

200 906 337 954 enim
393 904 603 970 concipi
643 921 755 954 rem
794 904 907 953 sine
949 903 1133 954 forma.
1215 904 1272 967 b)
1315 903 1369 955 Si
1411 921 1637 970 quaem,
1693 921 1786 954 cur
1825 905 2114 955 auctoritas

198 988 267 1038 sit
305 988 627 1048 necessaria,
675 987 1114 1052 respondendum
1157 994 1262 1037 est:
1320 988 1443 1053 quia
1482 988 1594 1037 sine
1636 1004 1698 1036 ea
1736 987 1965 1037 societas
2004 1004 2113 1037 non

199 1077 385 1137 posset
426 1070 683 1136 consequi
723 1069 885 1119 finem
914 1087 1083 1119 suum.
1147 1070 1302 1135 Ergo
1344 1071 1573 1120 essentia
1606 1070 1873 1120 societatis
1903 1069 2114 1120 ratione

188 1153 357 1219 prior
395 1160 476 1202 est
516 1153 832 1202 auctoritate
874 1160 926 1202 et
967 1153 1099 1201 ratio
1141 1152 1395 1202 eiusdem.
1471 1151 1580 1202 Sed
1623 1153 1852 1202 essentia
1892 1153 1964 1202 rei
2003 1169 2110 1202 non

199 1243 380 1302 potest
421 1251 537 1285 esse
578 1236 782 1285 ratione
823 1236 965 1302 prior
1003 1252 1099 1284 sua
1142 1234 1326 1284 forma.
1398 1235 1447 1299 c)
1489 1234 1551 1283 Id
1591 1235 1659 1284 ad
1703 1235 1989 1285 essentiam
2029 1251 2111 1285 so-

199 1318 403 1368 cietatis
443 1335 551 1368 non
591 1318 847 1384 pertinet,
904 1317 1051 1383 quod
1093 1334 1189 1383 per
1228 1318 1398 1383 ipsam
1440 1317 1578 1367 hanc
1618 1317 1900 1367 essentiam
1943 1317 2112 1367 deter-

199 1401 443 1451 minatur.
519 1400 690 1466 Alqm'
727 1401 1016 1450 auctoritas
1057 1400 1441 1450 determinatur
1480 1417 1575 1465 per
1614 1401 1785 1466 ipsam
1826 1401 2110 1450 essentiam

198 1483 481 1534 societatis.
564 1483 704 1533 Nam
746 1483 1034 1533 auctoritas
1086 1500 1194 1532 non
1236 1483 1619 1532 determinatur
1669 1482 1977 1532 immediate
2017 1500 2112 1549 per

199 1565 359 1616 finem
402 1566 697 1627 societatis,
753 1566 848 1615 sed
903 1582 997 1631 per
1045 1574 1286 1615 naturam
1339 1565 1636 1628 societatis;
1692 1574 1771 1615 est
1812 1566 1953 1615 enim
1993 1564 2112 1616 talis

198 1666 259 1698 ac
302 1657 463 1709 tanta,
509 1648 721 1714 qualem
764 1657 817 1698 et
858 1657 1113 1714 quantam
1156 1649 1325 1714 exigit
1364 1656 1563 1698 natura
1605 1648 1889 1698 societatis.
1953 1648 2008 1714 d)
2049 1648 2109 1698 In

199 1749 303 1781 una
343 1731 530 1781 saltem
573 1732 830 1781 societate
870 1731 1160 1781 auctoritas
1200 1748 1307 1781 non
1348 1740 1429 1780 est
1471 1730 1640 1780 forma
1679 1730 1927 1797 physica3
1978 1748 2109 1797 ergo

199 1831 375 1880 neque
434 1815 485 1863 in
545 1812 670 1864 aliis.
758 1813 917 1863 Proh.
982 1821 1146 1863 amec.
1236 1813 1635 1863 Matrimonium
1693 1814 1745 1863 in
1798 1813 1939 1863 facto
1994 1830 2110 1863 esse

199 1905 280 1946 est
329 1914 454 1946 vera
505 1897 735 1946 societas
786 1913 880 1945 seu
930 1895 1132 1945 stabilis
1184 1896 1308 1946 unio
1363 1896 1588 1945 duarum
1640 1913 1985 1962 personarum
2036 1913 2108 1946 re-

198 1988 388 2046 spectu
440 1980 679 2029 eiusdem
722 1979 864 2040 finis;
920 1979 970 2028 in
1013 1978 1114 2028 hac
1155 1996 1315 2045 porro
1368 1980 1625 2028 societate
1672 1979 1963 2029 auctoritas
2002 1996 2111 2029 non

198 2071 278 2112 est
330 2061 514 2112 forma.
608 2061 747 2111 Nam
800 2060 934 2111 haec
988 2062 1217 2111 societas
1273 2062 1569 2111 secundum
1622 2079 1774 2111 suam
1826 2062 2111 2111 essentiam

196 2144 504 2194 immediate
557 2144 894 2194 constituitur
945 2161 1040 2210 per
1092 2150 1453 2204 contractum,
1514 2143 1603 2209 qui
1645 2161 1714 2193 ex
1753 2160 1810 2193 se
1850 2143 2108 2210 aequalia

198 2226 375 2277 officia
403 2235 456 2277 et
483 2227 594 2276 iura
626 2226 854 2276 iustitiae
883 2227 1298 2276 commutativae
1339 2227 1548 2292 utrique
1577 2225 1911 2276 contrahenti
1939 2225 2104 2277 affert.

196 2308 509 2360 Auctoritas
565 2310 687 2359 dein
743 2309 915 2359 mariti
970 2327 1039 2359 ex
1094 2316 1282 2359 natura
1336 2308 1491 2358 huius
1542 2309 1810 2359 societatis
1863 2309 2109 2370 resultat,

198 2392 323 2457 quia
361 2392 473 2441 sine
501 2390 591 2442 tali
631 2392 948 2442 auctoritate
989 2392 1219 2441 societas
1260 2390 1555 2457 coniugalis
1587 2408 1694 2441 non
1734 2399 1919 2458 posset
1946 2391 2106 2442 finem

198 2475 469 2541 consequi.

942 2610 1272 2650 ARTICCLUS
1304 2611 1357 2649 Π.

711 2731 803 2776 DE
842 2730 1267 2776 ACTIVITATE
1307 2730 1593 2777 SOCIALI.

200 2873 349 2926 430.
433 2861 624 2923 Actus,
669 2864 758 2928 qui
787 2881 816 2913 a
843 2865 1101 2913 societate
1143 2862 1318 2929 aliqua
1358 2870 1634 2928 tamquam
1663 2881 1693 2912 a
1733 2879 1962 2929 persona
2002 2880 2110 2913 mo—

197 2944 288 2994 rali
339 2945 666 3011 procedunt,
722 2947 935 3012 proprie
983 2945 1214 2996 sociales
1263 2954 1535 2995 vocantur.
1619 2945 1691 2994 Hi
1740 2945 1898 3011 igitur
1945 2946 2108 2996 socie-

196 3034 359 3077 tatem
402 3027 459 3077 2'72
498 3044 591 3077 suo
631 3044 744 3077 esse
784 3028 947 3092 plene
993 3028 1329 3078 mustisulam
1380 3036 1718 3093 supponunt,
1773 3044 1893 3077 cum
1945 3043 2106 3093 agere

195 3118 468 3175 supponat
495 3126 625 3159 esse.
689 3109 876 3159 Latius
916 3118 1096 3159 tamen
1136 3118 1302 3171 actUS,
1348 3110 1438 3175 qui
1477 3126 1586 3159 non
1614 3109 1832 3176 quidem
1872 3126 1904 3159 a
1942 3109 2106 3159 socie-

195 3199 303 3241 tate
344 3192 661 3258 procedunt,
705 3191 800 3241 sed
843 3191 980 3242 circa
1021 3208 1139 3241 eam
1172 3200 1448 3242 versantur
1488 3208 1716 3257 eamque
1757 3192 2102 3252 constituunt,

194 3272 419 3323 sociales
460 3274 565 3323 dici
603 3282 842 3339 possunt.
922 3273 1131 3323 Horum
1175 3282 1353 3324 autem
1395 3274 1712 3340 principium
1754 3290 1862 3323 non
1905 3281 1985 3323 est
2023 3289 2104 3322 so-

198 3356 376 3417 cietaS,
419 3356 516 3406 sed
543 3355 790 3406 voluntas
831 3373 1032 3418 eorum,
1077 3357 1167 3422 qui
1193 3356 1507 3406 societatem
1541 3355 1886 3406 constituunt.
1942 3354 2103 3406 Unde
