2182 3682
194 174 304 235 480
600 184 713 213 PARS
747 184 796 214 11.
846 184 1161 214 PH1Losoi³H1A
1195 185 1399 214 MORALIS
1436 185 1684 216 SPECIALIS.

195 335 389 369 munus
444 336 538 370 seu
596 338 854 387 persona,
915 339 1075 388 quam
1133 331 1562 389 repraesentant,
1621 324 1802 390 exigit.
1884 322 2102 373 Nullum

192 410 372 452 autem
415 402 493 453 ius
535 402 763 465 habent,
820 405 1107 470 perniciem
1158 406 1358 470 gentiS,
1414 405 1560 472 apud
1611 422 1774 471 quam
1813 414 2101 468 versantur,

192 484 390 535 nefarie
430 485 686 535 moliendi
738 495 829 536 aut
871 487 983 536 eius
1023 488 1133 537 iura
1168 487 1429 549 violandi,
1485 488 1532 537 ei
1571 488 1759 538 iniuste
1809 488 2105 538 inimicitias

193 567 489 629 conflandi,
549 568 866 618 rebelliones
919 569 1189 619 excitandi
1241 579 1339 621 ete.
1422 571 1552 620 Ideo
1600 588 1696 636 per
1733 588 1792 621 se
1842 589 1873 621 a
1924 579 2102 636 gente,

192 650 335 716 apud
379 667 539 716 quam
579 650 703 701 talia
743 650 1048 713 moliuntur,
1094 670 1122 702 e
1164 652 1357 703 finibus
1399 653 1514 703 eiici
1555 662 1794 719 possunt,
1837 653 1880 703 si
1920 670 2104 704 eorum

191 732 440 799 princeps
496 751 589 783 eos
648 734 761 800 ipse
821 751 1096 784 removere
1153 744 1207 784 et
1262 736 1449 801 punire
1512 746 1734 786 recuset.
1826 736 1924 786 Per
1982 753 2104 786 con-

191 815 528 866 suetudinem
584 824 765 867 tamen
825 826 917 867 aut
973 835 1069 883 per
1125 818 1343 868 foedera
1398 819 1543 868 varia
1596 819 1709 868 iura
1762 819 1991 885 positiva
2045 819 2106 868 iis

191 898 584 960 conceduntur,
645 916 870 966 quorum
929 901 1177 951 tractatio
1230 901 1297 950 ad
1355 901 1651 951 institutum
1703 910 1943 952 nostrum
1997 918 2103 952 non

189 990 435 1047 pertlnet.

932 1094 1263 1134 ARTICULUS
1296 1095 1368 1134 IV.

582 1206 675 1252 DE
716 1206 1065 1254 PRINCIPIO
1104 1206 1711 1255 NATIONALITATIS.

264 1337 700 1403 Expendendum
741 1339 846 1389 hoc
888 1338 1009 1389 loco
1052 1340 1280 1389 occurrit
1320 1338 1540 1406 aliquod
1581 1340 1901 1406 principium
1948 1357 1979 1389 a
2031 1357 2104 1390 re-

192 1420 429 1470 centiore
471 1419 793 1470 liberalismo
836 1422 1111 1472 inventum
1153 1422 1221 1471 ad
1264 1423 1680 1489 pervertendum
1715 1422 1958 1473 ordinem
1988 1423 2104 1472 civi-

191 1511 361 1552 tatum
405 1503 767 1554 exsistentem.

924 1640 1193 1688 THESIS
1234 1640 1374 1688 CIII.

197 1747 341 1813 552-
427 1757 776 1819 Principium
831 1759 1228 1807 nationalitatis
1281 1760 1431 1820 quod
1480 1765 1711 1815 vocant,
1764 1758 1883 1805 sive
1930 1772 2104 1806 sensu

194 1832 471 1880 illimitato
511 1840 565 1881 et
601 1834 860 1882 absoluto
898 1834 1016 1882 sive
1055 1848 1227 1882 sensu
1255 1834 1440 1895 aliquo
1467 1833 1723 1881 restricto
1749 1833 2101 1895 intellegitur,

194 1908 399 1955 falsum
439 1914 494 1955 et
529 1907 916 1969 perniciosum
956 1915 1056 1956 est.

898 2017 1162 2072 (Moralphil.
1198 2020 1238 2057 II
1275 2017 1394 2070 709.)

271 2126 358 2180 S‘c.
405 2127 608 2196 Q.1.
653 2131 888 2196 Populus
943 2140 996 2180 et
1047 2130 1196 2180 natio
1240 2129 1449 2194 (saltem
1489 2131 1532 2179 si
1572 2147 1726 2179 usum
1779 2129 1990 2196 linguae
2041 2129 2108 2179 la-

193 2213 333 2262 tinae
373 2214 605 2278 spectas)
659 2231 766 2263 non
808 2214 951 2263 idem
1004 2213 1321 2279 significant.
1403 2212 1640 2278 Populus
1677 2221 1899 2263 vocatur
1939 2212 2105 2262 multi-

192 2295 323 2345 tudo
366 2294 677 2345 familiarum
707 2296 931 2361 politice
971 2295 1138 2345 nnita.
1195 2294 1365 2345 Natio
1394 2312 1520 2345 vero
1562 2295 1613 2359 (a
1640 2295 1912 2345 nascendo
1943 2294 2104 2358 dicta)

192 2395 390 2427 nomen
430 2377 594 2428 habet
635 2379 701 2428 ab
744 2379 940 2427 unione
970 2377 1368 2443 physiologica,
1411 2378 1757 2443 proveniente
1798 2394 1868 2427 eX
1907 2377 2106 2426 unitate

193 2460 409 2526 originis
449 2460 516 2510 ab
559 2460 734 2527 aliqua
775 2461 935 2526 stirpe
979 2461 1249 2510 communi
1290 2459 1371 2509 vel
1411 2459 1601 2509 saltem
1629 2477 1697 2509 ex
1727 2460 2105 2510 communione

192 2543 462 2608 sanguinis
503 2551 555 2592 et
595 2542 802 2593 indolis.
880 2542 1062 2592 Genus
1104 2543 1243 2592 enim
1287 2542 1595 2603 humanum,
1640 2541 1763 2592 licet
1801 2541 1869 2591 ab
1911 2541 2106 2591 eodem

192 2625 306 2691 pari
360 2626 728 2691 progenitum,
788 2643 919 2674 mox
973 2626 1024 2674 in
1080 2624 1229 2690 plura
1278 2642 1486 2689 genera
1545 2623 1745 2691 fraces)
1800 2641 1858 2673 se
1914 2623 2101 2673 divisit.

194 2707 345 2757 Haec
387 2725 609 2773 genera,
654 2725 882 2773 quorum
924 2725 953 2756 a
994 2706 1171 2756 multis
1217 2717 1267 2770 5:
1313 2707 1674 2768 caucasicum,
1719 2705 2102 2772 mongolicum,

194 2789 505 2849 malaicum,
561 2789 921 2855 aethiopicum
976 2790 1373 2855 (Nigritarum)‚
1432 2790 1788 2839 americanum
1842 2788 2104 2852 (Indiano-

194 2872 357 2936 rum),
416 2872 484 2922 ab
537 2871 649 2922 aliis
701 2871 872 2921 multo
927 2870 1080 2937 plura
1133 2879 1500 2932 numerantur,
1558 2872 1749 2921 iterum
1802 2870 2106 2920 dividuntur

193 2955 245 3004 in
284 2955 453 3004 varias
505 2955 672 3004 tribus
723 2971 817 3003 seu
857 2954 1129 3015 72al2‘072e5,
1184 2970 1321 3019 quae
1369 2962 1588 3020 propter
1628 2969 1970 3003 communem
2010 2952 2106 3002 ori-

195 3037 373 3102 ginem
416 3035 497 3086 vel
537 3035 726 3086 saltem
768 3044 988 3102 propter
1029 3036 1463 3085 communionem
1504 3035 1801 3101 sanguinis,
1844 3035 1888 3084 si
1926 3033 2104 3100 plures

195 3119 387 3180 tribus,
443 3118 566 3169 licet
617 3119 856 3168 diversae
908 3118 1150 3183 originis,
1207 3116 1460 3183 paulatim
1511 3118 1646 3167 inter
1690 3134 1747 3167 se
1799 3117 2100 3177 miscentur,

194 3200 480 3267 specialem
523 3210 575 3250 et
614 3201 715 3250 sibi
754 3200 1029 3266 proprium
1071 3200 1309 3265 corporis
1348 3209 1538 3265 typum
1576 3207 1629 3248 et
1668 3199 1828 3248 animi
1865 3196 2101 3247 indolem

195 3283 411 3334 habent.
468 3282 739 3349 Speciales
781 3282 1128 3343 characteres,
1172 3282 1262 3347 qui
1302 3280 1723 3331 nationalitatem
1757 3279 2100 3339 constituunt,

195 3372 317 3415 sunt
357 3365 489 3416 fere:
533 3365 714 3430 lingua
753 3364 1047 3425 nationalis,
1091 3363 1335 3430 specialis
1377 3363 1616 3429 corporis
1656 3371 1818 3429 typus
1850 3370 1903 3411 et
1942 3362 2103 3411 animi
