2182 3682
191 199 293 249 342
588 196 700 225 PARS
735 197 781 226 II.
834 197 1148 226 PHILOSOPHIA
1182 197 1390 227 MORALIS
1427 198 1676 229 SPECIALIS.

264 345 310 382 2.
365 331 491 380 Non
543 329 806 398 loquimur
858 332 926 382 de
968 333 1195 383 divortio
1238 332 1549 398 imperfecto
1592 336 1773 401 quoad
1826 344 2000 387 torum
2041 346 2094 388 et

188 413 668 476 cohabitationem,
726 414 821 464 sed
876 414 943 464 de
997 415 1224 465 divortio
1264 416 1513 480 perfecto
1563 433 1656 467 seu
1709 418 1778 468 de
1828 418 2094 470 solutione

185 495 392 546 vinculi
452 496 802 558 matrimonii,
872 513 1009 563 quae
1072 498 1391 564 coniugibus
1457 516 1624 549 novas
1690 502 1903 567 nuptias
1964 503 2094 553 inire

185 578 472 644 permittat.

261 681 307 731 3.
354 666 629 718 Contraria
668 670 930 719 sententia
958 670 1166 719 videtur
1206 669 1492 736 reprobata
1531 670 1584 720 in
1612 670 1742 737 Syll.
1773 671 1846 722 th.
1879 673 1965 737 67.
2034 674 2094 723 In

185 750 387 816 encycl.
441 749 639 816 «Quod
658 750 994 817 Apostolici»
1021 750 1072 802 S.
1096 752 1148 802 P.
1170 751 1279 802 Leo
1298 752 1460 801 XII]
1470 752 1654 804 docet:
1685 763 1918 804 «rectam
1939 754 2094 805 huius

185 833 555 897 (domesticae)
615 834 884 884 societatis
945 835 1204 885 rationem
1263 835 1562 885 secundum
1621 836 1762 886 iuris
1819 838 2095 888 naturalis

184 915 546 965 7zecessz'ta2‘em
602 916 654 965 in
706 916 1074 967 indissolubili
1111 917 1230 967 viri
1277 935 1341 967 ac
1388 918 1638 968 mulieris
1691 920 1882 969 unione
1921 921 2093 986 primo

182 998 378 1048 inniti.»
471 997 569 1063 (Cf.
627 999 787 1048 etiam
839 999 1043 1065 encycl.
1106 999 1413 1050 «Arcanum
1466 1001 1674 1051 divinae
1725 1001 2092 1068 sapientiae»)

184 1136 332 1202 448.
416 1141 580 1188 Prob.
660 1140 762 1190 Iuri
815 1149 1033 1191 naturae
1075 1142 1386 1208 (praecepto
1438 1142 1777 1207 secundario)
1830 1152 2094 1209 repugnat

180 1221 475 1272 solubilitas
516 1223 835 1273 matrimonii
875 1224 983 1274 sive
1025 1225 1325 1274 extrinseca
1352 1225 1462 1274 sive
1491 1225 1789 1287 intrinseca,
1831 1226 1875 1275 si
1902 1226 2092 1276 eadem

183 1304 344 1354 finem
384 1306 691 1371 primarium
733 1306 1086 1356 difficiliorem
1127 1307 1303 1356 reddit
1344 1315 1396 1357 et
1437 1306 1568 1357 fines
1595 1308 1942 1359 secundarios
1981 1307 2092 1375 plu·
2166 1341 2170 1344 ·

183 1387 371 1436 rimum
413 1388 637 1454 impedit
676 1388 759 1439 vel
801 1389 952 1439 tollit.
1034 1389 1206 1455 Alqui
1241 1390 1313 1439 ita
1356 1398 1451 1440 est.
1532 1390 1687 1456 Ergo
1721 1433 1728 1440 .
1763 1433 1769 1440 .
1807 1433 1814 1441 .

256 1485 413 1535 Proh.
459 1485 583 1536 min.
661 1501 701 1536 Ι.
745 1486 907 1537 Finis
935 1487 1249 1552 primarius
1288 1487 1609 1538 matrimonii
1649 1495 1730 1538 est
1771 1488 2094 1538 conveniens

183 1568 432 1618 educatio
474 1568 718 1635 prolium,
764 1570 832 1619 ad
874 1586 1036 1636 quam
1077 1570 1355 1636 requiritur
1396 1570 1658 1620 certitudo
1700 1572 1862 1637 patris
1889 1579 1942 1621 et
1971 1588 2091 1621 con-

183 1652 362 1701 iuncta
402 1653 712 1717 cooperatio
755 1652 1025 1719 utriusque
1067 1654 1321 1718 coniugis.
1403 1654 1573 1720 Atqui
1608 1652 1695 1703 illa
1736 1654 1998 1704 certitudo
2041 1662 2093 1704 et

184 1734 495 1799 cooperatio
552 1733 731 1800 aliquo
788 1735 955 1785 modo
1011 1735 1385 1802 impediretur,
1448 1736 1491 1786 si
1546 1736 1943 1786 matrimonium
1998 1753 2093 1802 per

184 1816 428 1866 homines
468 1817 693 1867 solubile
735 1825 889 1868 esset.
947 1818 1087 1868 Nam
1129 1828 1351 1884 possent
1380 1819 1636 1885 coniuges
1675 1820 1811 1869 inter
1849 1836 1906 1868 se
1946 1836 2093 1886 sepa-

185 1899 282 1948 rari
323 1906 376 1948 et
416 1917 554 1950 uxor
593 1918 714 1950 cum
757 1900 859 1950 alio
888 1901 999 1951 viro
1029 1902 1283 1968 coniungi
1313 1901 1385 1966 (S.
1428 1901 1633 1964 ΗΜΛ,
1679 1901 1736 1952 C.
1769 1909 1912 1968 gent.
1945 1901 1975 1952 l.
2008 1902 2091 1967 c.)

185 1981 300 2032 Nec
342 1982 487 2032 dicas
528 1982 666 2033 hanc
707 1983 1076 2034 difficultatem
1118 1985 1293 2046 vitari,
1347 1986 1389 2034 si
1430 1984 1602 2034 solum
1645 1985 1716 2034 ob
1759 1985 2095 2050 gravissimas

185 2065 431 2126 rationes,
476 2083 522 2116 v.
562 2083 612 2132 g.
659 2066 730 2116 ob
771 2065 1088 2117 adulterium
1128 2066 1212 2117 vel
1253 2067 1598 2128 sterilitatem,
1645 2067 1934 2117 divortium
1975 2084 2096 2117 con-

185 2147 420 2197 cedatur.
476 2148 616 2198 Nam
656 2150 699 2199 si
739 2149 1027 2216 aliquando
1068 2168 1163 2217 per
1203 2151 1452 2201 accidens
1481 2168 1550 2200 ex
1591 2151 1901 2216 gravissima
1937 2166 2096 2200 causa

184 2230 380 2280 solutio
422 2230 660 2296 legitima
701 2232 1094 2294 admitteretur,
1139 2240 1381 2300 spectata
1422 2233 1701 2283 hominum
1740 2233 2096 2283 inconstantia

184 2320 238 2363 et
278 2313 569 2379 cupiditate
610 2322 663 2364 et
714 2314 968 2365 molestiis
1021 2317 1340 2382 gravissimis
1380 2333 1541 2382 saepe
1583 2333 1704 2366 cum
1758 2315 2094 2365 matrimonio

184 2396 420 2457 conexis,
472 2396 720 2463 frequens
760 2398 972 2448 adesset
1012 2398 1306 2465 periculum
1346 2398 1623 2449 solutionis
1663 2399 1775 2448 sine
1814 2397 2096 2448 sufficienti

185 2486 238 2527 et
266 2477 469 2529 efficaci
504 2481 741 2529 remedio
772 2481 1010 2543 naturali,
1054 2483 1191 2532 adeo
1222 2491 1279 2532 ut
1309 2481 1551 2532 defectus
1578 2483 1629 2532 in
1658 2482 1830 2548 ipsum
1871 2480 2094 2531 latorem

185 2560 318 2626 legis
369 2570 587 2612 naturae
628 2563 966 2615 redundaret.
1050 2564 1149 2629 (Cf.
1196 2582 1332 2632 quae
1373 2582 1533 2631 supra
1573 2565 1805 2614 diximus
1845 2564 1913 2614 de
1954 2580 2094 2614 men-

186 2644 340 2693 dacio
381 2661 430 2694 n.
476 2648 580 2708 298
623 2654 676 2695 et
719 2660 838 2710 302,
883 2647 1000 2697 inst.
1046 2648 1116 2713 2.)

259 2726 375 2776 Nec
415 2726 610 2778 sufficit
651 2745 917 2779 recurrere
945 2730 1013 2779 ad
1042 2730 1417 2780 auctoritatem
1459 2730 1764 2791 humanam,
1809 2745 1944 2795 quae
1972 2728 2093 2779 huic

187 2809 328 2860 malo
369 2811 665 2859 remedium
707 2811 892 2861 afferre
935 2812 1145 2862 debeat.
1203 2812 1341 2861 Nam
1383 2812 1433 2876 a)
1472 2812 1863 2861 matrimonium
1905 2819 2095 2877 utpote

187 2892 589 2943 fundamentum
618 2893 844 2944 familiae
871 2895 976 2944 iam
1004 2895 1157 2944 adest
1185 2903 1307 2944 ante
1335 2895 1649 2945 societatem
1678 2893 1899 2954 civilem,
1931 2894 2095 2944 debet

186 2993 316 3042 ergo
357 2993 452 3042 per
490 2976 661 3042 ipsam
701 2984 944 3026 naturam
985 2977 1182 3027 habere
1224 2994 1312 3027 eas
1352 2978 1721 3044 proprietates,
1765 2993 1903 3043 quae
1943 2977 1990 3025 ei
2022 2976 2091 3026 ad

188 3058 319 3108 fines
358 3075 487 3108 suos
526 3060 894 3125 assequendos
921 3069 1042 3110 sunt
1074 3061 1417 3111 necessariae.
1474 3060 1753 3110 Praeterea
1792 3059 1848 3123 b)
1877 3058 2096 3108 humani

187 3141 387 3191 iudices
428 3142 496 3191 de
536 3159 591 3191 re
630 3141 820 3191 saltem
860 3143 1115 3193 indirecte
1157 3144 1315 3193 etiam
1356 3143 1425 3192 ad
1465 3159 1522 3192 se
1548 3149 1829 3208 spectante
1860 3141 2094 3191 iudicare

189 3224 449 3273 deberent
488 3232 541 3273 et
581 3224 703 3275 ideo
745 3234 921 3274 essent
961 3225 1029 3274 ad
1070 3225 1455 3291 indulgentiam
1495 3224 1784 3291 proclives;
1834 3240 1932 3273 nec
1973 3240 2094 3273 con-

188 3307 399 3372 iugibus
439 3307 759 3356 matrimonii
798 3308 1071 3373 pertaesis.
1093 3307 1307 3357 difficile
1335 3315 1475 3358 esset
1513 3315 1824 3374 praetextus
1863 3305 2095 3355 invenire

192 3389 260 3438 ad
288 3387 611 3439 solutionem
637 3390 1044 3457 impetrandam.
1101 3390 1446 3456 Experientia
1473 3397 1609 3440 teste
1641 3389 1744 3439 hac
1771 3386 2093 3439 solubilitate
