2182 3682
567 177 721 206 CAPUT
756 177 853 205 VIII.
905 176 967 204 DE
1000 176 1113 204 IURE
1146 176 1196 204 IN
1232 176 1431 204 GENERE.
1839 179 1939 230 203

58 329 175 363 cum
229 311 414 360 ordine
464 311 684 360 iuridico
725 311 966 360 nondum
1007 309 1328 360 concludere
1368 310 1490 359 licet
1529 312 1598 360 ad
1640 313 1748 362 eius
1790 313 1951 362 omni-

57 392 271 444 modam
311 392 674 453 honestatem,
725 393 848 457 quia
888 391 1021 440 ordo
1062 391 1312 440 iuridicus
1353 400 1432 440 est
1472 392 1644 441 solum
1686 411 1806 458 pars
1845 397 1951 444 uni-

56 474 190 526 versi
244 474 440 523 ordinis
495 473 721 523 moralis.
803 473 890 521 Ex
940 490 1004 522 eo
1056 491 1102 522 v.
1147 490 1228 538 g,
1287 473 1434 538 quod
1486 473 1714 523 hominis
1763 485 1953 540 pectus

55 555 138 607 vel
197 562 358 621 caput
414 555 480 604 sit
536 571 752 615 sanum,
821 571 927 603 non
986 555 1225 620 sequitur
1283 571 1403 603 eum
1470 571 1585 603 esse
1649 556 1954 621 simpliciter

56 654 258 688 sanum.
339 636 384 685 E
425 637 688 686 contrario
730 653 799 684 ex
840 653 928 696 eo,
979 636 1127 701 quod
1179 636 1343 685 homo
1395 636 1555 685 scitur
1607 653 1721 686 esse
1763 638 1954 704 simpli-

58 720 185 770 citer
235 735 417 779 sanus,
477 727 618 767 recte
670 716 1004 767 concluditur
1055 718 1214 767 etiam
1268 724 1455 783 pectus
1504 717 1587 767 vel
1640 728 1801 784 caput
1841 737 1956 769 6556

57 818 259 851 531111111.

135 894 334 946 Coroll.
381 911 426 946 2.
495 896 641 961 Ergo
684 895 948 945 reicienda
989 904 1069 944 est
1110 895 1297 945 divisio
1333 895 1707 962 Philosophiae
1748 896 1959 947 moralis

57 979 106 1028 in
148 978 394 1028 Ethicam
450 985 504 1028 et
551 979 637 1027 Ius
692 986 924 1027 naturae.
1008 977 1094 1026 Ius
1150 984 1367 1027 naturae
1422 978 1588 1039 enim,
1642 979 1684 1027 si
1738 979 1961 1029 sumitur

58 1077 154 1127 pro
198 1061 442 1110 doctrina
482 1060 549 1109 de
590 1059 776 1110 ordine
817 1059 1036 1108 iuridico
1078 1058 1317 1120 naturali,
1363 1068 1442 1109 est
1483 1077 1604 1125 pars
1644 1060 1882 1111 Ethicae.

137 1186 238 1227 Obi.
272 1199 306 1226 1.
360 1180 438 1225 Ius
474 1178 720 1225 interdum
757 1193 807 1225 se
846 1178 1064 1224 extendit
1090 1178 1151 1224 ad
1178 1177 1425 1224 actionem
1450 1178 1775 1225 inhonestam.
1824 1178 1962 1237 Ergo

55 1269 158 1300 non
204 1253 418 1315 pertinet
465 1253 528 1299 ad
566 1252 792 1300 ordinem
830 1253 1084 1299 moralem.
1156 1253 1296 1299 Proh.
1336 1258 1477 1298 antec.
1517 1254 1752 1314 exemplo:
1798 1255 1963 1300 Potest

57 1328 163 1389 quis
199 1328 382 1374 habere
419 1327 490 1374 ius
529 1327 808 1388 expellendi
849 1342 874 1373 e
913 1328 1064 1374 domo
1101 1343 1186 1374 5113
1221 1336 1445 1388 tempore
1482 1327 1655 1374 hiemis
1691 1342 1962 1389 pauperem

57 1402 253 1450 viduam
290 1418 401 1449 cum
438 1402 718 1459 infantibus,
758 1417 885 1463 quae
922 1401 1134 1463 pretium
1158 1401 1417 1449 locationis
1443 1404 1631 1449 solvere
1658 1418 1760 1449 non
1786 1410 1961 1464 potest,

55 1476 372 1524 nihilominus
407 1478 502 1523 hac
539 1477 733 1524 actione
771 1485 959 1538 peccat.

133 1575 284 1624 Resp.
356 1567 486 1613 Dz'st.
525 1572 701 1613 antea:
748 1567 826 1612 Ius
874 1565 1119 1612 interdum
1168 1581 1218 1612 se
1257 1565 1475 1612 extendit
1512 1566 1573 1612 ad
1611 1564 1858 1611 actionem
1895 1565 1962 1610 in-

54 1642 313 1688 honestam
350 1641 620 1688 formaliter
656 1649 951 1702 spectatam,
1002 1655 1087 1686 seu
1125 1649 1363 1700 quatenus
1401 1649 1472 1687 est
1509 1641 1661 1697 mala,
1700 1655 1828 1698 nege,
1866 1656 1963 1686 nia-

57 1715 289 1763 terialiter
325 1724 612 1777 spectatam,
650 1716 700 1761 in
738 1723 974 1776 quantum
1012 1724 1084 1761 est
1121 1714 1404 1761 exercitium
1442 1714 1677 1761 libertatis
1703 1715 1833 1760 circa
1859 1730 1963 1760 rem

58 1807 219 1849 suam,
256 1792 476 1837 subdist.:
522 1791 586 1838 ad
623 1806 732 1837 eam
768 1789 929 1836 valide
966 1790 1279 1851 ponendam,
1319 1804 1403 1835 seu
1439 1790 1504 1835 ita
1538 1798 1588 1835 ut
1624 1789 1813 1835 ratione
1850 1788 1964 1835 iuris

56 1865 220 1912 valida
255 1866 327 1923 sit,
367 1881 500 1922 certa,
539 1866 602 1912 ad
641 1881 750 1912 eam
787 1865 919 1911 licite
955 1864 1257 1926 ponendam,
1296 1880 1423 1923 nege.

133 1947 267 1994 Finis
313 1948 605 1993 immediatus
647 1946 762 1993 iuris
800 1956 871 1993 est
907 1947 1104 1993 libertas
1142 1946 1376 2005 cuiusque
1414 1946 1464 1991 in
1501 1946 1645 1992 rebus
1683 1944 1802 2001 suis,
1853 1960 1966 2005 qua-

55 2030 281 2084 propter,
336 2037 462 2082 quae
511 2023 572 2068 de
621 2021 844 2068 libertate
890 2021 1180 2078 universim,
1231 2021 1406 2067 eadem
1444 2020 1591 2066 etiam
1629 2020 1691 2066 de
1727 2019 1830 2066 iure
1868 2019 1966 2065 dici

57 2105 273 2158 possunt.
336 2096 572 2156 Quamvis
611 2096 742 2143 enim
779 2096 887 2142 finis
924 2098 1157 2153 νεωρίων,
1197 2096 1261 2141 ob
1303 2110 1449 2155 quem
1477 2096 1611 2141 Deus
1636 2094 1826 2140 homini
1862 2094 1966 2140 iura

59 2171 265 2230 confert,
304 2171 363 2218 sit
399 2171 527 2218 actio
553 2172 774 2229 honesta,
815 2170 929 2232 quia
965 2179 1131 2217 tamen
1158 2171 1269 2227 vult,
1309 2178 1359 2216 ut
1396 2170 1519 2217 haec
1558 2169 1685 2216 actio
1715 2168 1773 2216 sit
1798 2168 1965 2222 libera,

59 2246 207 2294 debet
243 2246 406 2293 eidem
443 2246 721 2307 relinquere
759 2254 1053 2307 potestatem
1092 2247 1281 2292 abusus.

139 2350 241 2390 Obi.
276 2362 319 2390 2.
397 2343 476 2389 Ius
525 2350 597 2389 est
643 2342 955 2389 obiectivum.
1028 2342 1181 2403 Atqui
1224 2341 1472 2388 moralitas
1521 2349 1592 2387 est
1639 2340 1825 2401 aliquid
1865 2340 1972 2387 sub-

61 2417 306 2464 iectivum.
380 2417 518 2477 Ergo
554 2417 626 2463 ius
661 2432 765 2464 non
802 2425 873 2464 est
909 2417 1112 2463 morale.

140 2524 290 2572 Resp.
359 2515 490 2561 Dz’st.
531 2515 672 2560 mai:
718 2516 797 2560 Ius
835 2521 907 2560 est
943 2512 1256 2569 obiectivum,
1301 2511 1339 2558 si
1375 2511 1446 2558 ius
1483 2512 1685 2558 sumitur
1721 2526 1812 2573 pro
1850 2511 1974 2558 iusto

63 2598 111 2636 et
146 2605 236 2650 pro
273 2590 408 2650 lege,
449 2604 594 2644 celza,
637 2588 675 2635 si
712 2588 912 2635 sumitur
948 2604 1039 2649 pro
1078 2588 1306 2633 facultate
1344 2586 1545 2643 morali,
1594 2587 1782 2632 szcbdist.
1805 2604 1817 2632 .·
1863 2586 1892 2632 1.
1931 2601 1974 2632 6.

62 2664 212 2711 habet
258 2664 632 2710 fundamentum
679 2663 976 2710 obiectivum
1013 2662 1063 2708 in
1100 2663 1237 2723 lege,
1288 2677 1433 2717 corea,
1483 2676 1585 2707 non
1622 2661 1748 2707 inest
1784 2661 1832 2706 in
1871 2661 1976 2707 sub-

61 2738 216 2796 iecto,
267 2754 393 2797 nego.
465 2739 596 2785 Dz'st.
636 2739 779 2785 mm..-
826 2737 1080 2784 Moralitas
1129 2746 1201 2783 est
1241 2736 1427 2797 aliquid
1464 2751 1598 2783 mere
1637 2735 1973 2792 subiectivum,

62 2828 201 2873 nego,
251 2812 437 2874 aliquid
473 2812 820 2869 subiectivum,
866 2813 1000 2872 quod
1038 2811 1332 2859 obiectivam
1370 2811 1520 2857 habet
1556 2825 1807 2868 normam,
1858 2825 1972 2857 canc.

143 2894 374 2941 Ceterum
418 2895 545 2941 inter
581 2893 652 2940 ius
691 2889 1008 2955 (facultatem)
1048 2901 1095 2940 et
1131 2892 1459 2939 moralitatem
1496 2892 1696 2954 proprie
1732 2907 1835 2937 non
1872 2890 1977 2937 fieri

66 2976 227 3029 potest
261 2968 592 3030 comparatio,
633 2969 772 3029 quia,
812 2968 1034 3029 quamvis
1070 2976 1331 3027 utrumque
1368 2966 1613 3028 pertineat
1648 2966 1711 3012 ad
1748 2965 1974 3012 ordinem

67 3044 329 3100 moralem,
377 3052 543 3090 tamen
591 3052 701 3090 sunt
746 3042 874 3089 inter
921 3058 972 3089 se
1021 3042 1284 3103 disparata.
1356 3043 1435 3088 Ius
1484 3040 1615 3088 enim
1664 3049 1736 3087 est
1772 3040 1975 3086 facultas

68 3118 338 3178 quaedam,
375 3118 625 3164 moralitas
661 3132 779 3164 vero
818 3116 1019 3178 quidam
1056 3116 1256 3174 modus,
1297 3131 1396 3176 quo
1434 3124 1568 3161 actus
1606 3132 1634 3162 a
1669 3113 1858 3160 ratione
1895 3114 1976 3160 de-

65 3190 269 3239 liberata
303 3191 544 3253 procedit.
607 3192 656 3238 Si
693 3200 856 3238 autem
893 3191 1142 3237 moralitas
1179 3190 1380 3237 sumitur
1416 3189 1686 3250 improprie
1723 3204 1814 3249 pro
1839 3189 1976 3235 boni-

61 3272 160 3311 tate
196 3265 371 3312 morali
407 3274 567 3324 361115,
607 3274 723 3313 tunc
759 3265 984 3327 praecise
1021 3266 1215 3312 bonitas
1251 3264 1458 3310 iustitiae
1496 3272 1567 3310 est
1602 3278 1699 3309 una
1736 3278 1796 3310 ex
1829 3262 1973 3310 variis

62 3339 319 3400 speciebus
353 3340 587 3387 bonitatis
622 3340 825 3387 moralis
862 3349 910 3388 et
945 3339 1017 3387 ius
1055 3339 1303 3386 obiectum
1341 3337 1575 3385 eiusdem.
