2182 3682
564 198 651 226 LIB.
687 197 715 226 Ι.
761 196 861 225 CAP.
896 197 938 225 V.
986 196 1048 224 DE
1082 195 1452 224 CONTRACTIBUS.
1853 193 1952 247 315

138 336 189 399 α)
243 335 456 394 Error,
513 334 603 399 qui
656 340 895 381 versatur
950 331 1088 380 circa
1140 329 1491 378 substantiam
1552 330 1623 378 rei
1682 338 1770 379 aut
1825 330 1962 380 circa

16 457 18 459 .
63 417 284 484 speciem
326 422 650 474 contraclztS,
703 420 925 462 vocatur
963 410 1361 469 substantialis,
1413 418 1465 459 et
1505 410 1588 459 hic
1630 419 1960 461 contractum

63 514 275 564 semper
313 495 600 547 invalidum
642 494 842 554 reddit,
893 493 1016 559 quia
1057 493 1207 542 deest
1249 508 1539 541 consensus
1579 492 1629 540 in
1670 492 1827 542 idem.
1909 492 1963 542 si

64 580 291 646 emptori
343 596 441 645 pro
493 579 614 628 vino
666 576 911 627 venditur
962 583 1199 635 acetum,
1253 573 1336 623 vel
1388 573 1429 623 si
1469 590 1603 622 unus
1643 572 1807 623 voluit
1854 591 1960 623 rem

64 679 239 713 emere
279 669 332 711 et
372 660 503 710 alter
541 659 717 709 solum
758 656 1120 717 commodare,
1166 663 1471 706 contractus
1511 672 1618 704 non
1658 654 1812 705 valet.

135 743 310 804 Error,
356 743 443 808 qui
470 750 708 792 versatur
735 741 873 790 circa
903 739 974 788 rei
1003 737 1284 803 qualitates
1312 746 1364 787 et
1392 737 1702 797 accidentia,
1745 744 1965 786 vocatur

63 824 425 876 accidensall'S.
501 824 661 873 Error
701 820 1040 871 accidentalis
1082 820 1214 869 dans
1256 836 1469 869 causam
1511 820 1804 869 contractui
1845 836 1965 869 con-

63 915 261 957 tractus
306 906 582 971 gratuitos
628 903 801 953 reddit
853 901 1138 963 invalidos,
1195 910 1499 951 contractus
1539 918 1665 950 vero
1718 918 1966 950 onerosos

66 987 427 1040 rescindibiles
467 988 535 1037 ad
579 995 762 1036 nutum
805 984 1032 1050 decepti,
1075 984 1118 1033 si
1158 983 1242 1033 hic
1284 983 1603 1049 deceptione
1644 982 1856 1032 alterius
1896 984 1964 1033 ad

62 1071 486 1122 contrahendum
512 1070 761 1119 inductus
791 1067 899 1117 fuit.
957 1066 1115 1115 Ratio
1158 1066 1344 1132 prioris
1372 1074 1467 1126 est,
1512 1065 1633 1131 quia
1662 1073 1966 1115 contractus

62 1154 321 1219 gratuitus
361 1170 431 1202 ex
472 1160 658 1201 natura
697 1166 791 1199 sua
841 1148 1054 1214 plenam
1107 1147 1406 1198 libertatem
1448 1148 1686 1213 requirit,
1738 1164 1874 1213 quae
1913 1148 1965 1196 in

62 1251 184 1285 casu
236 1234 519 1300 supposito
573 1233 738 1282 deest.
820 1230 979 1280 Ratio
1031 1247 1156 1279 vero
1211 1230 1518 1295 posterioris
1558 1237 1665 1288 est,
1719 1229 1868 1295 quia,
1923 1230 1965 1278 si

62 1316 178 1367 talis
229 1333 372 1366 error
418 1313 760 1365 accidentalis
802 1321 1106 1362 contractus
1147 1329 1405 1361 onerosos
1446 1313 1663 1361 omnino
1705 1311 1965 1361 invalidos

61 1399 322 1457 redderet,
367 1397 577 1463 plurimi
606 1402 912 1446 contractus
952 1394 1166 1443 invalidi
1208 1394 1391 1444 fierent
1419 1395 1469 1443 in
1511 1395 1639 1444 boni
1667 1394 1965 1443 communis

63 1481 453 1530 detrimentum.
511 1480 846 1544 Deceptores
882 1477 949 1526 ad
992 1476 1117 1526 nihil
1160 1484 1476 1537 tenerentur,
1521 1477 1647 1525 dum
1690 1494 1718 1525 e
1759 1484 1959 1536 contra,

61 1563 101 1612 si
145 1565 450 1612 cOntractus
490 1571 611 1611 sunt
652 1558 1014 1609 rescindibiles
1054 1558 1122 1608 ad
1175 1567 1362 1607 nutum
1404 1559 1641 1624 decepti,
1696 1559 1958 1608 interdum

63 1645 380 1710 deceptores
408 1643 508 1694 hac
538 1644 738 1692 ratione
766 1659 861 1691 sua
888 1641 1078 1691 astutia
1108 1640 1225 1706 capi
1255 1649 1495 1706 possunt,
1533 1640 1679 1706 quod
1708 1649 1787 1690 est
1816 1641 1960 1689 bono

64 1726 335 1775 communi
375 1726 682 1791 expediens.
765 1723 947 1772 Potest
987 1723 1125 1772 enim
1175 1722 1434 1787 deceptus
1475 1723 1764 1772 contractui
1807 1731 1960 1783 stare,

63 1809 105 1858 si
145 1809 191 1857 ei
232 1808 302 1857 ob
344 1816 574 1857 mutatas
616 1806 1036 1857 circumstantias
1078 1804 1246 1854 factus
1287 1813 1366 1854 est
1408 1804 1559 1855 utilis.

130 1898 189 1965 β)
233 1896 499 1948 Violem‘z'a
548 1904 794 1956 externa,
850 1912 955 1961 qua
1008 1896 1125 1960 quis
1177 1895 1385 1959 cogitur
1424 1912 1470 1944 v.
1514 1911 1564 1959 g.
1620 1894 1688 1943 ad
1741 1894 1963 1944 subscri-

58 1980 297 2030 bendum
338 1978 771 2045 chirographum,
815 1986 1147 2027 contractum
1188 1977 1386 2026 irritum
1429 1977 1618 2027 reddit.

137 2069 182 2135 γ)
222 2066 404 2117 Metus
444 2068 769 2128 intrinsecus,
815 2066 1067 2132 quamdiu
1110 2065 1408 2115 libertatem
1451 2082 1556 2115 non
1591 2064 1741 2125 tollit,
1784 2082 1962 2132 perse

0 2144 4 2152 ’
61 2149 387 2200 validitatem
429 2158 733 2200 contractus
774 2167 879 2198 non
920 2148 1157 2214 impedit.

137 2240 315 2290 Metus
367 2240 697 2289 extrinsecus
750 2238 949 2304 gravis,
1005 2255 1034 2286 a
1076 2253 1236 2287 causa
1288 2236 1450 2286 libera
1490 2237 1682 2286 iniuste
1727 2237 1966 2286 incussus

63 2329 116 2372 et
169 2323 301 2371 dans
354 2338 568 2372 causam
621 2321 942 2381 contractui,
998 2320 1196 2369 irritum
1250 2320 1425 2368 reddit
1477 2328 1808 2369 contractum
1856 2336 1967 2385 gra-

63 2405 277 2466 tuitum,
334 2412 666 2454 contractum
720 2420 846 2452 vero
900 2419 1186 2452 onerosum
1240 2401 1631 2451 rescindibilem
1671 2401 1739 2451 ad
1781 2410 1968 2451 nutum

64 2487 190 2548 eius,
235 2488 324 2553 qui
365 2495 569 2536 metum
609 2502 797 2552 passus
838 2491 933 2546 est,
977 2484 1165 2533 saltem
1195 2484 1237 2533 si
1278 2491 1451 2534 metus
1493 2483 1645 2533 fuerit
1673 2483 1861 2533 iniuste
1901 2483 1969 2533 in-

66 2586 250 2619 cussus
289 2569 357 2619 ab
399 2568 565 2618 altero
608 2566 958 2618 contrahente
999 2568 1049 2616 in
1092 2566 1278 2615 ordine
1319 2566 1387 2615 ad
1429 2575 1777 2616 contractum.

66 2718 213 2771 409.
294 2707 381 2758 III.
427 2708 553 2757 Vim
583 2707 877 2772 obligandi,
918 2724 1055 2773 quae
1085 2706 1333 2756 omnibus
1362 2706 1648 2755 fatentibus
1678 2705 1969 2754 contractui

63 2790 215 2850 inest,
258 2807 287 2839 a
328 2789 448 2855 lege
477 2790 697 2840 naturali
726 2790 947 2839 derivari
975 2807 1043 2839 ex
1084 2789 1363 2854 hucusque
1393 2788 1546 2837 dictis
1586 2805 1679 2853 per
1707 2804 1763 2836 se
1804 2794 1965 2852 patet.

67 2871 206 2921 Hinc
246 2871 330 2921 vel
371 2873 404 2921 ii
442 2872 569 2938 ipsi,
620 2873 710 2938 qui
751 2873 928 2921 omnia
968 2872 1080 2920 iura
1121 2871 1189 2920 ab
1231 2871 1545 2920 auctoritate
1587 2869 1800 2935 publica
1840 2869 1968 2918 deri-

65 2962 217 3015 vant,
268 2954 335 3003 ad
387 2953 603 3020 aliquod
655 2962 874 3019 pactum
927 2953 1263 3018 originarium
1315 2953 1478 3018 gratis
1519 2951 1805 3002 confictum
1848 2967 1968 2999 con·

68 3035 301 3101 fugiunt,
357 3036 506 3102 quod
546 3036 787 3086 societati
841 3035 1048 3085 dederit
1101 3036 1387 3100 originem,
1442 3035 1671 3099 ideoque
1723 3031 1966 3098 profecto

65 3134 216 3167 suam
255 3119 362 3167 vim
391 3117 665 3183 obligandi
693 3117 760 3167 ab
790 3118 1105 3167 auctoritate
1146 3116 1358 3183 publica
1398 3116 1602 3166 haurire
1630 3131 1738 3164 non
1778 3114 1964 3179 potuit.

67 3281 229 3331 fertur
268 3289 326 3331 ut
366 3281 638 3332 conclusio
679 3290 837 3347 pacta
866 3299 981 3331 esse
1009 3282 1283 3331 servanda.
1339 3281 1616 3329 Praeterea
1655 3277 1722 3327 ad
1764 3284 1965 3326 rectum

49 3364 309 3431 *ordinem
348 3362 598 3414 socialem
641 3381 858 3414 necesse
899 3371 1005 3425 est,
1047 3374 1103 3413 ut
1144 3363 1308 3413 homo
1350 3362 1545 3411 habeat
1585 3361 1663 3409 ius
1704 3359 1771 3408 de
1812 3359 1966 3409 bonis
