2182 3682
2130 98 2135 102 .
2110 0 2136 58 'vm

229 205 336 256 300
636 201 749 230 PARS
784 201 831 230 11.
883 200 1198 230 PHILOSOPHIA
1232 199 1435 229 MORALIS
1470 199 1718 229 SPECIALIS.

307 348 458 396 Resp.
532 339 666 386 Canc.
716 339 825 386 mai.
876 343 920 384 et
952 353 1067 397 nega
1102 338 1212 383 min.
1285 336 1413 383 Illud
1460 337 1531 384 ius
1582 336 1778 396 utendi,
1832 354 1892 385 ex
1928 352 2028 398 quo
2063 336 2136 386 ius
2155 382 2165 394 „

229 412 547 475 proprietatis
584 412 866 470 deducitur,
906 419 978 459 est
1013 410 1451 458 indeterminatum
1491 419 1539 458 et
1573 412 1758 459 nullam
1794 427 1900 459 rem
1935 411 1986 457 in
2022 426 2138 458 con-

228 495 366 535 creto
403 487 615 550 respicit,
655 487 693 535 si
730 486 947 548 excipias
974 502 1141 534 casum
1168 494 1417 534 extremae
1443 485 1761 534 necessitatis.
1811 485 1946 533 Huic
1970 494 2133 534 autem
2163 508 2165 512 ·

228 564 319 610 iuri
356 564 525 611 utendi
561 578 665 610 non
701 561 997 609 contradicit
1033 561 1105 608 ius
1140 560 1472 622 proprietatis.

311 667 412 708 Obi.
446 680 489 718 4.
556 661 668 706 Iure
719 666 924 706 naturae
978 658 1145 705 onmia
1206 666 1317 705 sunt
1368 657 1667 705 communia.
1755 658 1894 718 Ergo
1945 666 2133 706 tantum

229 736 392 792 abest,
445 743 496 781 ut
545 733 617 781 ius
668 733 984 795 proprietatis
1023 750 1050 780 a
1087 732 1190 780 iure
1227 741 1432 780 naturae
1471 732 1745 792 derivetur,
1798 740 1850 780 ut
1887 732 1934 780 ei
1969 732 2133 794 potius

233 817 491 871 repugnet.

307 916 459 964 Resp.
491 907 623 953 Dist.
663 911 806 953 antec.
827 924 841 952 .·
876 907 986 953 Iure
1023 913 1227 952 naturae
1268 905 1435 952 onmia
1471 912 1581 951 sunt
1616 904 1900 951 communia
1925 905 2138 965 negative

233 978 296 1042 (n.
337 977 467 1042 326),
507 996 652 1037 canc„
703 980 938 1042 positive,
989 996 1104 1041 nega
1153 987 1198 1026 et
1241 996 1356 1040 nega
1403 996 1520 1027 cans.
1594 981 1673 1027 Ius
1721 988 1926 1027 naturae
1974 980 2134 1041 ipsum

228 1072 332 1104 non
369 1055 613 1103 distribuit
659 1056 808 1103 bonav
840 1055 980 1102 huius
1028 1055 1201 1102 mundi
1250 1055 1451 1116 singulis
1488 1054 1795 1113 hominibus,
1846 1055 1934 1103 sed
1969 1070 2136 1116 neque

231 1131 476 1194 prohibet,
517 1131 780 1192 quominus
828 1130 1057 1177 homines
1109 1130 1201 1177 sibi
1238 1145 1297 1177 ex
1333 1130 1478 1176 bonis
1516 1129 1746 1177 omnibus
1784 1130 1960 1177 oblatis
1996 1145 2139 1177 occu-

232 1215 385 1269 pent3
422 1207 574 1253 immo
627 1206 676 1252 in
724 1205 973 1268 praesenti
1021 1205 1325 1253 condicione
1362 1214 1567 1252 naturae
1615 1206 1861 1253 humanae
1903 1207 2140 1268 praecipit

230 1283 361 1329 hanc
398 1281 693 1328 divisionem
730 1282 976 1327 bonorum
1014 1288 1183 1342 utpote
1219 1280 1568 1328 necessariam.

315 1388 417 1428 Obi.
454 1398 495 1439 5.
567 1379 750 1427 Contra
785 1382 1138 1442 occupationem.
1190 1381 1277 1426 Ille
1315 1379 1477 1426 titulus
1514 1395 1617 1426 non
1642 1386 1807 1441 potest
1844 1393 1950 1425 esse
1986 1377 2139 1439 legiti-

233 1472 340 1502 mus
378 1464 425 1503 et
471 1456 625 1502 multo
674 1455 833 1502 minus
882 1454 1229 1516 primigenius,
1284 1455 1368 1516 qui
1421 1454 1708 1501 arbitrariae
1756 1452 2140 1501 accumulationi

232 1532 479 1578 bonorum
516 1530 661 1578 favet.
735 1530 890 1590 Atqui
922 1531 1030 1577 talis
1068 1538 1140 1577 est
1176 1531 1338 1577 titulus
1377 1529 1732 1591 occupationis.
1803 1530 1942 1589 Erga
1969 1566 1977 1574 .
2009 1566 2016 1574 .
2047 1566 2055 1574 .

311 1636 461 1685 Resp.
537 1628 710 1674 Trans.
748 1628 856 1674 mai.
912 1633 957 1672 et
1004 1643 1118 1687 nega
1169 1628 1278 1674 min.
1352 1625 1518 1673 Nimia
1569 1626 1817 1673 bonorum
1871 1624 2134 1686 congeries

233 1702 283 1748 in
321 1702 547 1749 manibus
595 1717 891 1764 paucorum,
943 1701 1005 1748 de
1056 1718 1151 1762 qua
1199 1701 1474 1748 socialistae
1513 1708 1905 1761 conquerentur,
1957 1714 2140 1761 nequa-

236 1793 382 1838 quam
436 1786 541 1824 orta
594 1785 665 1824 est
718 1793 776 1823 ex
828 1776 987 1838 prima
1040 1777 1394 1838 occupatione,
1455 1776 1544 1823 sed
1595 1775 1757 1837 potius
1816 1790 1906 1837 per
1964 1775 2142 1822 modos

234 1852 529 1900 derivativos
579 1848 639 1911 (v.
690 1868 735 1913 g.
785 1846 1155 1913 hereditatem),
1218 1860 1265 1898 et
1323 1866 1411 1913 per
1471 1850 1676 1898 eosdem
1728 1849 1876 1898 etiarn
1927 1851 2062 1896 bona
2112 1866 2140 1897 a

233 1927 403 1989 primis
440 1927 803 1989 possessoribus
841 1927 985 1974 facile
1023 1927 1073 1973 in
1110 1926 1231 1973 alios
1268 1935 1534 1973 transeunt.
1605 1925 1862 1986 Numquid
1912 1925 2001 1983 illi,
2057 1924 2140 1986 qui

233 2003 383 2050 hodie
455 2001 679 2049 ditissimi
736 2002 1097 2059 existimantur,
1171 2001 1503 2063 occupatione
1562 2017 1726 2048 rerum
1784 2000 1962 2047 nullius
2020 2002 2142 2048 tales

235 2078 398 2125 effecti
435 2077 576 2125 sunt?

302 2160 501 2207 Deinde
539 2161 803 2221 occupatio
856 2159 1074 2220 legitima
1129 2159 1456 2206 condiciones
1504 2158 1732 2219 requirit,
1789 2173 1917 2220 quae
1970 2157 2013 2204 ei
2051 2157 2145 2204 suf-

232 2235 403 2282 ficiens
441 2235 765 2282 moderamen
803 2236 1027 2281 afferunt.
1079 2234 1326 2296 imprimis
1364 2234 1627 2295 requiritur
1663 2232 1873 2295 signatio
1911 2240 2143 2280 constans

234 2310 306 2358 rei
342 2320 630 2372 occupatae.
691 2310 788 2357 Vix
814 2310 917 2357 fieri
956 2318 1133 2371 potest,
1173 2318 1223 2356 ut
1248 2311 1400 2356 homo
1438 2308 1655 2371 privatus
1682 2307 2011 2370 occupatione
2036 2308 2142 2355 sola

234 2386 318 2433 diu
354 2394 525 2433 tenere
562 2385 715 2447 possit
750 2387 998 2432 bonorum
1036 2386 1366 2446 complexum,
1407 2384 1490 2445 qui
1521 2384 1777 2431 utilitatem
1815 2382 2004 2445 proprii
2029 2398 2141 2429 usus

234 2461 362 2508 adeo
398 2462 602 2507 multum
639 2461 859 2508 excedat.
923 2460 1155 2507 Ceterum
1194 2459 1456 2521 occupatio
1484 2458 1669 2506 tamdiu
1702 2459 1859 2506 solum
1886 2466 1958 2505 est
1981 2457 2143 2504 titulus

233 2535 570 2597 acquisitionis
607 2535 919 2596 principalis,
970 2535 1206 2596 quamdiu
1243 2543 1373 2582 terra
1411 2534 1573 2595 aliqua
1608 2534 1835 2581 nondum
1881 2531 2142 2593 habitatur,

234 2627 293 2657 ac
328 2610 540 2670 proinde
578 2610 838 2671 occupatio
875 2618 1041 2657 vastae
1090 2609 1307 2670 regionis
1355 2624 1520 2669 neque
1569 2606 1834 2669 occupanti
1887 2606 2142 2654 utilitatem

234 2700 396 2746 neque
433 2685 539 2732 aliis
574 2693 930 2732 nocumentum
966 2685 1143 2732 afferre
1181 2692 1357 2746 potest.
1517 2683 1519 2685 ’

315 2796 415 2836 Obi.
453 2798 491 2836 6.
547 2788 834 2834 Absurdum
871 2797 943 2836 est
979 2803 1199 2835 asserere
1226 2787 1608 2849 occupationem
1634 2787 1866 2834 conferre
1891 2785 1963 2832 ius
1989 2793 2141 2832 aeter-

232 2879 350 2910 num
386 2863 435 2909 in
474 2863 689 2924 aliquem
726 2879 897 2924 agrum
940 2864 1031 2919 (H.
1076 2862 1297 2923 Gearge).
1368 2863 1522 2923 Atqui
1553 2863 1650 2910 hoc
1687 2860 2006 2909 asserendum
2055 2867 2143 2917 est,

233 2937 271 2984 si
308 2938 571 2999 occupatio
607 2947 658 2984 ut
694 2938 1015 2999 primigenius
1051 2937 1213 2984 titulus
1251 2937 1565 2999 proprietatis
1603 2935 1886 2983 admittitur.

312 3052 462 3101 Resp.
537 3044 708 3089 Trans.
748 3044 856 3089 mai.
896 3048 941 3088 et
974 3057 1088 3102 aega
1123 3043 1232 3089 min.
1307 3040 1586 3103 Occupatio
1624 3042 1783 3087 solum
1832 3039 2025 3086 confert
2071 3038 2145 3085 ius

233 3117 546 3178 proprietatis
583 3132 674 3178 pro
711 3131 770 3163 eo
808 3126 1058 3178 tempore,
1111 3132 1210 3177 quo
1249 3131 1500 3177 occupans
1535 3115 1652 3162 vivit
1689 3123 1737 3162 et
1772 3129 1877 3161 rem
1913 3121 1965 3160 ut
2007 3127 2145 3160 suam

233 3191 447 3238 retinere
497 3193 611 3238 vult.
684 3191 872 3238 Posteri
926 3205 1031 3238 rem
1091 3190 1346 3252 possident
1405 3189 1542 3237 titulo
1590 3187 1875 3237 hereditatis
1922 3188 2000 3235 vel
2048 3186 2144 3234 alio

238 3265 379 3313 titulo
418 3265 705 3313 derivativo.
