2182 3682
353 170 438 198 Lm.
475 169 500 196 1.
548 168 646 196 CAP.
683 167 709 196 Ι.
756 167 817 194 DE
849 165 1047 195 OFFICHS
1082 165 1280 193 HOMINIS
1316 166 1439 194 ERGA
1474 167 1619 196 DEUM.
1830 170 1934 220 219

755 324 1022 372 THESIS
1060 323 1230 370 XLV.

50 435 194 499 269.
263 445 456 491 Homo
503 443 625 503 lege
675 440 911 489 naturali
959 442 1028 487 ad
1079 439 1184 487 Dei
1232 439 1448 487 cultum
1486 445 1609 485 tum
1654 440 1938 487 internum

45 526 169 567 tum
207 524 501 565 externum
539 516 828 578 obligatur.

127 633 190 688 (S.
232 635 371 675 Thom.
408 645 445 682 2,
481 645 519 683 2,
555 649 593 685 q.
630 634 697 681 81,
733 647 769 672 a.
811 644 844 682 1,
881 642 901 670 2
940 640 980 671 et
1017 640 1063 680 7;
1101 631 1148 671 C.
1183 638 1297 684 gent.
1333 631 1358 669 1.
1396 640 1432 680 3,
1470 642 1504 668 e.
1546 640 1623 678 119
1658 637 1699 667 et
1736 628 1852 680 120.)

121 749 208 802 St.
254 749 327 817 Q.
403 766 442 801 Ι.
488 751 719 800 Nomine
759 749 925 799 cultus
964 747 1283 813 intellegitur
1318 747 1492 796 honor
1533 754 1584 795 et
1625 745 1945 812 obsequium

46 834 198 885 alicui
249 833 562 882 exhibitum.
645 831 831 882 Cultus
878 830 997 880 Deo
1051 829 1262 880 debitus
1314 829 1515 878 ratione
1570 844 1808 877 summae
1859 846 1945 877 ex-

46 915 320 967 cellentiae
377 931 530 976 suae,
593 914 643 963 in
700 921 957 979 quantum
1016 912 1106 962 scl.
1168 921 1248 960 est
1313 910 1571 976 «primum
1631 910 1947 976 principium

47 997 325 1049 creationis
375 1004 428 1046 et
479 995 878 1062 gubernationis
931 1011 1134 1043 rerum»
1183 992 1256 1057 (S.
1312 992 1497 1042 Tlmm.
1553 1005 1607 1052 2,
1654 1005 1709 1052 2,
1764 1009 1813 1057 q.
1861 994 1943 1052 81,

47 1098 90 1130 a.
138 1080 204 1143 3),
247 1085 468 1129 vocatur
508 1077 681 1128 latria
722 1094 813 1126 seu
855 1077 1013 1126 etiam
1056 1075 1269 1140 relegio.

122 1181 168 1217 2.
212 1166 428 1231 Religio
469 1165 763 1231 generatim
814 1165 1067 1230 importat
1107 1163 1350 1212 ordinem
1390 1161 1620 1211 hominis
1660 1161 1727 1210 ad
1768 1160 1947 1210 Deum

47 1257 100 1300 et
139 1249 235 1298 tria
274 1248 559 1314 praecipue
599 1247 895 1313 significare
937 1252 1141 1312 potest:
1193 1246 1242 1308 a)
1285 1243 1539 1294 latissimo
1579 1260 1762 1293 sensu:
1807 1260 1946 1293 com-

47 1331 266 1398 plexum
305 1331 613 1391 veritatum,
668 1347 805 1395 quae
845 1328 1074 1378 hominis
1114 1328 1182 1376 ad
1224 1327 1400 1376 Deum
1442 1325 1751 1375 relationem
1791 1343 1948 1375 enun-

47 1414 194 1471 tiant,
237 1421 290 1462 et
330 1411 628 1462 officiorum
661 1412 784 1460 inde
817 1410 1158 1460 manantium.
1228 1409 1350 1459 Hoc
1390 1425 1546 1458 sensu
1580 1408 1738 1457 etiam
1772 1407 1948 1457 officia

46 1496 161 1562 spei
215 1503 267 1544 et
322 1495 516 1543 amoris
571 1510 698 1559 erga
749 1493 924 1543 Deum
980 1492 1245 1558 pertinent
1300 1491 1367 1540 ad
1425 1489 1598 1540 officia
1654 1489 1945 1555 religionis3

47 1578 103 1643 b)
151 1577 403 1637 strictius,
463 1583 521 1625 ut
576 1575 740 1625 modo
798 1575 1000 1624 dictum
1056 1582 1161 1634 est,
1221 1572 1418 1623 cultum
1474 1572 1592 1621 Deo
1649 1571 1947 1621 exhibitum

49 1660 252 1710 ratione
307 1657 584 1724 singularis
639 1657 987 1707 excellentiae
1043 1672 1196 1717 suae3
1261 1656 1308 1719 c)
1360 1655 1607 1703 virtutem
1664 1653 1945 1719 religionis,

50 1758 184 1808 quae
235 1740 450 1791 inclinat
489 1740 820 1790 voluntatem
861 1739 929 1788 ad
972 1738 1170 1788 cultum
1212 1737 1363 1786 huno
1395 1737 1515 1785 Deo
1564 1735 1946 1787 exhibendum.

122 1830 333 1896 Religio
383 1830 630 1879 dividitur
679 1830 730 1879 in
783 1846 970 1878 veram
1024 1836 1075 1877 et
1110 1827 1351 1892 falsam.
1434 1826 1659 1891 Sumpta
1709 1825 1947 1875 secundo

48 1930 205 1963 sensu
247 1915 365 1979 (pro
407 1912 563 1976 cultu)
605 1911 789 1977 religio
831 1918 912 1960 est
954 1909 1096 1968 falsa,
1141 1910 1183 1959 si
1224 1908 1395 1959 cultus
1434 1907 1533 1957 soli
1576 1907 1694 1957 Deo
1737 1907 1949 1957 debitus

49 2004 318 2045 creaturae
374 1995 617 2044 tribuitur
671 2002 760 2043 aut
815 1994 936 2043 Deo
993 1992 1237 2058 quidem,
1299 1992 1395 2041 sed
1451 2007 1558 2039 non
1615 1990 1950 2039 convenienti

50 2078 231 2128 modo.
312 2076 540 2142 Sumpta
594 2077 764 2142 primo
820 2093 977 2125 sensu
1034 2074 1215 2139 religio
1273 2082 1352 2123 est
1405 2072 1559 2133 salsa,
1618 2073 1659 2121 si
1715 2073 1950 2121 continet

51 2159 206 2209 falsas
247 2160 524 2226 opiniones
576 2159 713 2208 circa
754 2158 930 2208 Deum
972 2166 1024 2207 et
1064 2156 1292 2206 hominis
1332 2156 1400 2206 ad
1442 2155 1619 2204 Deum
1672 2153 1953 2204 relationes

52 2250 104 2292 et
144 2241 334 2292 officia.
369 2272 438 2276 ——
468 2240 823 2306 Distinguitur
849 2248 1122 2306 praeterea
1164 2238 1347 2304 religio
1387 2235 1660 2287 naturalis
1693 2243 1746 2286 et
1776 2245 1952 2301 supcr-

52 2324 350 2385 naturalis,
402 2332 562 2389 prout
614 2323 666 2372 in
720 2323 833 2372 sola
884 2329 1070 2371 natura
1110 2321 1340 2370 hominis
1387 2330 1440 2370 et
1480 2320 1682 2369 ratione
1734 2318 1953 2369 naturali

53 2414 144 2457 aut
183 2405 347 2456 libera
387 2406 491 2455 Dei
530 2404 851 2455 revelatione
892 2404 1156 2453 fundatur.

133 2510 178 2559 3.
234 2495 529 2561 Loquimur
581 2495 647 2544 de
705 2493 849 2544 cultu
902 2493 1004 2542 Dei
1045 2492 1318 2558 formali,
1377 2493 1463 2558 qui
1518 2492 1716 2541 directe
1768 2508 1836 2541 ex
1888 2490 1955 2539 in-

55 2579 290 2628 tentione
329 2577 628 2628 honorandi
664 2577 844 2626 Deum
885 2576 1179 2625 assumitur.
1242 2575 1381 2624 Nam
1423 2574 1677 2623 indirecte
1718 2572 1960 2639 quolibet

55 2668 177 2710 actu
216 2659 445 2710 honesto
489 2660 608 2709 Deo
650 2659 823 2709 honor
864 2658 1161 2708 exhibetur,

61 2823 205 2877 270.
287 2825 452 2864 PARS
484 2826 516 2864 I.
582 2825 753 2874 Quoad
785 2825 960 2863 cultum
994 2823 1246 2862 internum.

134 2928 298 2975 Prob.
378 2927 562 2977 Homo
603 2926 722 2993 lege
774 2924 994 2976 naturali
1034 2932 1244 2976 tenetur
1296 2932 1497 2974 rectum
1549 2931 1767 2972 naturae
1808 2921 1957 2970 ratio-

59 3007 189 3058 nalis
247 3010 490 3059 ordinem
549 3010 728 3076 (prout
787 3008 1076 3075 opponitur
1134 3025 1236 3057 72072
1298 3006 1456 3069 recto)
1518 3005 1694 3055 liberis
1752 3002 1959 3053 actibus

59 3090 354 3142 intellectus
406 3100 458 3142 et
497 3092 784 3142 voluntatis
823 3093 875 3141 in
916 3108 973 3141 se
1013 3091 1131 3156 ipso
1173 3090 1486 3156 exprimere.
1567 3086 1735 3152 Alquz'
1784 3092 1958 3134 rectus

62 3182 277 3223 naturae
325 3174 459 3224 ordo
501 3175 692 3240 exigit,
747 3182 805 3223 ut
846 3175 965 3223 Deo
1007 3173 1267 3222 honorem
1308 3179 1361 3221 et
1401 3170 1719 3235 obsequium
1769 3165 1958 3216 saltem

61 3255 289 3306 mentale
340 3265 587 3322 praestet.
669 3257 821 3322 Ergo
874 3273 943 3304 ex
984 3254 1103 3321 lege
1155 3252 1379 3304 naturali
1419 3251 1583 3301 homo
1635 3249 1702 3299 ad
1755 3247 1956 3297 cultum

38 3335 244 3407 ,saltem
284 3338 549 3388 internum
588 3338 709 3388 Deo
751 3337 1116 3387 exhibendum
1157 3335 1435 3401 obligatur.
