2182 3682
497 177 583 206 LIB.
618 177 665 205 II.
712 175 798 204 CAP
832 175 898 203 111.
949 174 1010 202 DE
1045 172 1302 202 SOCIETATE
1337 172 1495 200 CIVILI.
1832 160 1932 222 387

44 312 349 380 exemplum
379 311 763 362 Macchiavellii
790 311 942 377 ponit
970 309 1276 359 hominibus
1304 307 1530 373 politicis
1560 307 1740 372 quoad
1768 308 1935 356 vitam

33 396 306 464 publicam
358 396 410 444 in
465 394 650 444 ordine
706 393 772 442 ad
830 393 1031 442 bonum
1088 390 1358 456 publicum
1416 388 1572 438 licere
1628 405 1938 437 communes

44 478 346 546 probitatiS‚
409 477 663 536 iustitiae,
723 474 1020 524 veracitatis
1080 472 1228 538 leges
1287 470 1588 536 neglegere.
1685 468 1740 519 Si
1800 471 1938 518 enim

45 561 226 611 civitas
277 576 383 608 non
424 558 697 607 ordinatur
736 557 787 606 in
827 556 1002 605 Deum
1045 563 1101 604 ut
1141 554 1326 613 finem,
1383 553 1572 602 eadem
1613 558 1694 601 est
1734 551 1849 600 finis
1889 552 1936 600 in

44 661 116 703 se,
159 650 211 691 et
246 641 389 690 bona
415 640 808 689 individuorum
836 647 887 687 et
916 636 1226 686 familiarum
1255 637 1301 685 ei
1329 634 1484 701 plene
1512 633 1938 683 subordinantur.

46 724 205 775 Unde
245 723 410 788 liquet
451 739 663 771 omnem
706 720 969 769 eiusmodi
1009 719 1307 768 doctrinam
1335 726 1393 766 ut
1423 715 1607 766 falsam
1636 724 1688 765 et
1716 714 1944 764 libertati

45 815 98 856 et
157 805 398 870 dignitati
458 804 722 852 humanae
781 802 1060 851 adversam
1121 818 1236 850 esse
1292 799 1701 865 reprobandam.
1793 796 1943 846 Idem

47 887 331 937 dicendum
388 886 455 935 de
514 886 659 935 omni
714 885 985 945 doctrina,
1046 900 1182 949 quae
1238 881 1500 931 affirmare
1551 880 1713 930 audet
1767 879 1945 929 omnia

46 969 202 1020 licere
256 968 554 1018 auctoritati
608 967 882 1032 politicae,
945 982 1081 1032 quae
1138 964 1649 1030 quomodocumque
1704 961 1771 1011 ad
1828 978 1944 1026 pro-

47 1068 288 1118 gressum
329 1049 561 1099 culturae
603 1048 893 1099 conferant.

453 1226 480 1280 ξ»
515 1240 552 1267 2.
601 1228 759 1266 VERA
793 1226 1123 1265 SENTENTIA
1160 1225 1539 1264 EXPLICATUR.

690 1359 740 1406 Τ
745 1359 959 1407 HESIS
997 1358 1302 1405 LXXXIII.

53 1479 86 1534 5
105 1469 198 1522 16.
282 1478 435 1525 Finis
474 1478 709 1526 civitatis
747 1484 832 1525 est
857 1477 1203 1538 prosperitas
1228 1475 1454 1536 publica
1479 1474 1596 1522 sive
1622 1474 1950 1534 complexus

51 1552 448 1601 condicionum
486 1553 900 1614 requisstarum,
940 1559 1001 1599 ut
1038 1551 1244 1607 omnia,
1285 1556 1559 1611 quantum
1597 1548 1717 1595 fieri
1749 1554 1950 1609 potest,

53 1629 313 1675 membra
359 1627 619 1689 organica
665 1627 948 1674 societatis
996 1626 1389 1674 omnimodam
1438 1624 1760 1671 felicitatem
1810 1630 1951 1669 tem-

52 1703 307 1763 poralem
346 1709 400 1749 et
434 1702 531 1749 fini
579 1702 779 1749 ultimo
828 1701 1254 1749 subordinatam
1306 1699 1514 1746 directe
1561 1712 1663 1759 per
1710 1712 1771 1744 se
1825 1711 1953 1744 con-

52 1776 211 1838 sequi
245 1777 483 1824 valeant.

130 1860 283 1906 Inter
318 1860 421 1905 has
457 1866 648 1906 autem
688 1858 1047 1906 condiciones
1091 1856 1426 1917 primarium
1475 1856 1667 1902 locum
1718 1860 1957 1914 occupat

52 1933 236 1981 fruitio
274 1933 487 1981 ordinis
523 1933 755 1989 iuridici,
795 1933 1021 1994 qualem
1060 1931 1327 1979 naturalis
1363 1929 1645 1978 societatis
1678 1934 1958 1975 structura

52 2008 325 2069 postulat;
374 2034 436 2039 -—
486 2007 887 2055 secundarium
936 2021 1071 2054 vero
1121 2005 1406 2053 sufficiens
1455 2003 1616 2064 copia
1675 2005 1956 2050 bonorum

53 2081 226 2129 animi
274 2089 329 2129 et
377 2082 655 2143 corporis,
706 2082 909 2143 quibus
958 2082 1028 2128 ad
1075 2080 1423 2141 praedictam
1473 2078 1794 2125 felicitatem
1845 2077 1957 2124 effi-

55 2156 312 2204 ciendam
363 2171 508 2217 opus
556 2163 666 2213 est,
718 2171 975 2218 quaeque
1025 2155 1305 2203 activitate
1353 2153 1569 2215 privata
1617 2152 1960 2199 sufficienter

55 2231 246 2292 attingi
283 2245 396 2278 non
433 2238 688 2292 possunt.

324 2317 499 2372 (lVleycr,
532 2320 713 2360 Institut.
750 2320 848 2358 iuris
882 2328 965 2358 nat.
1000 2320 1039 2358 II
1074 2328 1171 2370 317.
1227 2318 1464 2369 Moralphil.
1500 2318 1540 2355 II
1576 2314 1693 2368 515.)

133 2427 220 2480 St.
277 2428 353 2496 Q.
442 2445 482 2479 Ι.
527 2430 745 2491 Thesis,
801 2447 961 2496 quae,
1016 2430 1058 2479 si
1110 2447 1218 2479 non
1271 2438 1381 2478 tam
1420 2428 1584 2477 verba
1635 2444 1794 2492 quam
1851 2444 1960 2476 rem

55 2520 282 2578 spectaS‚
327 2529 667 2562 communem
710 2513 844 2562 inter
872 2512 1164 2563 catholicos
1194 2511 1493 2561 doctrinam
1522 2510 1794 2559 enuntiare
1823 2510 1961 2558 vide-

57 2602 164 2654 tur,
214 2595 265 2643 in
305 2602 413 2644 tres
451 2603 630 2660 partes
671 2595 932 2644 dividitur.
1014 2594 1074 2644 In
1115 2595 1285 2660 prima
1323 2593 1602 2642 statuimus
1643 2591 1801 2640 finem
1845 2592 1961 2640 civi-

57 2676 178 2726 tatis
229 2693 345 2726 esse
396 2677 804 2742 prosperitatem
833 2676 1142 2741 publicam,
1194 2684 1356 2741 prout
1397 2674 1735 2739 distinguitur
1775 2691 1805 2723 a
1844 2691 1960 2739 pro-

56 2758 307 2824 speritate
354 2758 601 2823 privata.
702 2759 760 2808 In
819 2759 1057 2808 secunda
1121 2757 1354 2824 generali
1413 2756 1579 2805 modo
1643 2755 1780 2805 hanc
1845 2773 1962 2821 pro-

57 2841 365 2906 speritatem
404 2840 674 2906 publicam
717 2841 1026 2901 definimus,
1080 2839 1367 2890 asserendo
1416 2856 1534 2888 eam
1585 2838 1871 2887 consistere
1912 2838 1962 2887 in

59 2922 332 2987 complexu
373 2923 748 2983 condicionum,
791 2940 929 2988 quae
970 2923 1037 2972 ad
1080 2923 1318 2972 omnium
1360 2921 1768 2987 prosperitatem
1798 2921 1962 2986 requi-

59 3011 253 3054 runtur.
313 3004 371 3053 In
423 3005 576 3054 tertia
628 3005 858 3070 denique
910 3004 1006 3054 has
1058 3004 1402 3054 condiciones
1455 3003 1623 3068 magis
1678 3003 1729 3051 in
1785 3002 1962 3068 specie

61 3085 472 3135 determinamus
527 3095 580 3136 et
635 3086 941 3152 primarium
997 3086 1177 3136 locum
1228 3086 1459 3135 fruitioni
1511 3083 1708 3134 ordinis
1764 3085 1963 3134 iuridici

61 3167 311 3233 descripti
350 3167 694 3234 assignamus

137 3270 183 3306 2.
239 3257 533 3323 Loquimur
586 3258 653 3307 de
706 3258 809 3308 fine
849 3257 1145 3319 societatiS,
1201 3274 1307 3306 non
1358 3257 1425 3305 de
1478 3255 1582 3304 fine
1623 3255 1964 3304 auctoritatis

62 3337 238 3388 civilis

1606 3433 1657 3476 25
1679 3424 1702 3448 *ἶ
