2182 3682
220 125 325 175 304
623 121 735 150 PARS
771 121 818 150 11.
869 120 1181 150 PH1LOSOPHIA
1217 121 1419 150 MORALIS
1455 121 1704 151 SPECIALIS.

299 273 338 309 1.
384 256 629 307 decessio
668 274 823 307 sensu
861 257 1134 308 strictiore
1162 265 1242 307 est
1270 257 1499 323 quodvis
1531 257 1931 319 incrementum,
1975 257 2122 324 quod

215 340 439 406 acquirit
498 357 579 389 res
638 348 818 390 nostra
878 348 1153 406 tamquam
1213 340 1294 389 sui
1352 339 1724 390 accessorium.
1813 338 2124 390 Secundum

215 423 430 472 axioma
471 423 610 472 enim
652 430 927 488 receptum
970 422 1323 472 accessorium
1365 421 1606 487 sequitur
1645 421 1950 489 principale.
2018 421 2124 472 Ac-

216 505 407 554 cedere
459 512 637 554 autem
679 512 858 570 potest
905 504 955 568 a)
998 521 1079 553 res
1119 503 1407 554 immobilis
1447 503 1517 554 ad
1557 503 1915 566 immobilem,
1969 512 2028 554 ut
2067 503 2125 554 fit

216 588 267 637 in
314 586 604 647 alluvione,
660 603 764 653 qua
814 586 1068 652 paulatim
1124 585 1319 636 fundus
1370 594 1620 652 augetur3
1674 586 1730 650 b)
1780 603 1862 636 res
1914 585 2126 637 mobilis
2165 618 2170 619 ν

217 669 285 719 ad
325 668 669 719 immobilem.
749 667 805 719 Si
846 669 962 734 quis
1002 669 1053 717 in
1095 667 1266 718 alieno
1308 667 1425 719 solo
1466 669 1746 718 seminavit
1784 667 1868 719 vel
1909 669 2127 719 arbores

216 751 474 818 plantavit
512 750 596 801 vel
639 751 862 800 domum
910 751 1236 812 aedificavit,
1292 751 1543 801 dominus
1583 750 1730 800 fundi
1781 751 1840 802 fit
1880 751 2127 801 dominus

216 835 465 884 arborum
522 842 650 896 etc,
714 835 756 884 si
811 834 914 883 iarn
970 834 1177 900 seiungi
1233 851 1264 884 a
1318 833 1435 884 solo
1493 851 1601 883 non
1657 834 1893 900 possint;
1962 833 2126 884 debet

217 925 396 966 tamen
437 934 576 975 eum,
620 917 710 982 qui
750 917 1030 966 seminavit
1057 915 1139 966 vel
1181 916 1495 978 aedificavit,
1541 916 1848 966 indemnem
1885 917 2124 978 reddere,

215 998 404 1049 saltem
444 999 487 1048 si
527 998 612 1048 hic
654 999 797 1048 bona
827 998 931 1049 fide
973 1000 1098 1065 egit,
1143 1016 1209 1049 ne
1250 1000 1475 1049 ditescat
1516 1016 1585 1048 ex
1626 1016 1680 1048 re
1721 998 1915 1060 aliena3
1961 999 2009 1064 c)
2047 1016 2128 1049 res

216 1081 428 1132 mobilis
483 1082 550 1131 ad
607 1081 878 1131 mobilem.
961 1080 1015 1132 Si
1071 1083 1187 1148 quis
1242 1083 1293 1131 in
1349 1081 1519 1131 aliena
1575 1080 1758 1131 charta
1809 1081 1892 1131 vel
1947 1097 2127 1148 panno

216 1164 504 1229 imaginem
546 1164 815 1230 depinxit,
873 1181 954 1213 res
996 1181 1117 1213 cum
1159 1164 1366 1231 pictura
1405 1165 1509 1213 iam
1550 1163 1619 1213 ad
1660 1181 1826 1213 unum
1867 1164 2129 1230 pertinere

218 1246 382 1296 debet
433 1254 486 1296 et
526 1245 657 1296 alter
707 1246 970 1296 indemnis
1020 1246 1143 1296 fieri.
1225 1246 1334 1296 Res
1382 1244 1685 1312 principalis
1736 1263 1919 1296 secum
1970 1245 2130 1296 trahit

220 1346 330 1378 rem
372 1329 739 1379 accessoriam.
819 1327 957 1394 Quia
996 1345 1157 1394 saepe
1198 1329 1249 1378 in
1292 1335 1545 1378 concreto
1588 1327 1801 1378 difficile
1841 1338 1923 1379 est
1963 1329 2130 1378 deter-

220 1412 441 1472 minare,
485 1420 600 1460 utra
639 1412 705 1461 sit
747 1428 827 1460 res
868 1410 1185 1477 principalis,
1230 1411 1363 1461 haec
1405 1411 1777 1461 determinatio
1819 1427 1913 1477 per
1953 1409 2127 1477 legem

220 1492 426 1543 civilem
468 1493 578 1543 fieri
620 1494 797 1544 debet.

296 1597 342 1633 2.
399 1581 654 1648 Consmio
695 1591 747 1633 ct
784 1582 1090 1633 commissio
1142 1591 1222 1632 est
1271 1583 1495 1633 duarum
1548 1600 1721 1632 rerum
1772 1599 1943 1649 aeque
1993 1583 2129 1649 prin-

219 1665 465 1732 cipalium
507 1664 624 1715 talis
675 1666 824 1727 unio,
882 1675 939 1715 ut
991 1666 1094 1715 iam
1146 1665 1415 1715 moraliter
1454 1664 1729 1732 loquendo
1781 1665 1849 1715 ab
1902 1665 2128 1715 invicem

218 1749 449 1814 separari
500 1765 607 1797 non
649 1748 879 1814 possint,
934 1766 980 1798 v.
1026 1766 1077 1814 g.
1123 1747 1362 1798 confusio
1405 1748 1633 1797 duorum
1682 1747 2005 1814 liquidorum
2043 1745 2129 1797 vel

221 1831 534 1880 commixtio
592 1830 978 1880 frumentorum
1035 1830 1273 1880 diversae
1329 1831 1540 1896 speciei.
1634 1829 1720 1879 Ex
1760 1830 1869 1879 iure
1909 1836 2129 1879 naturae

218 1921 438 1979 uterque
468 1913 718 1964 dominus
759 1913 1162 1963 condominium
1203 1913 1253 1962 in
1288 1930 1399 1962 rem
1436 1920 1604 1962 totam
1646 1912 1840 1979 accipit
1880 1929 1976 1978 pro
2018 1920 2131 1962 rata

218 2013 290 2045 rei
329 2013 470 2046 suae.

220 2155 365 2220 389.
427 2171 471 2221 3.
519 2156 918 2224 Specificalione
951 2157 1237 2223 acquiritur
1265 2156 1577 2217 dominium,
1621 2156 1662 2206 si
1696 2155 1971 2206 materiam
2011 2154 2129 2205 alie-

216 2257 339 2289 nam
395 2239 578 2289 labore
633 2246 815 2289 nostro
872 2240 924 2289 in
976 2240 1181 2289 bonum
1238 2238 1434 2289 altioris
1487 2238 1693 2305 generis
1750 2238 2126 2298 convertimuS‚

216 2340 262 2372 v.
307 2339 357 2388 g.
410 2340 480 2372 ex
531 2321 676 2388 ligno
729 2321 901 2372 alieno
956 2321 1201 2372 faciendo
1253 2329 1512 2382 statuam,
1567 2339 1637 2371 ex
1688 2321 1861 2371 tritico
1915 2337 2125 2386 panem.

217 2404 357 2471 Quia
411 2405 463 2454 in
518 2403 916 2471 specificatione
970 2404 1139 2468 forma
1195 2412 1439 2454 censetur
1492 2402 1807 2470 principale,
1866 2402 1977 2465 ille,
2038 2401 2129 2469 qui

217 2487 367 2537 dedit
423 2486 673 2548 formam,
733 2486 792 2536 fit
844 2487 1092 2536 dominus
1148 2487 1246 2548 rei,
1305 2487 1401 2537 sed
1458 2493 1668 2537 tenetur
1722 2484 1870 2535 alteri
1923 2484 2129 2535 solvere

215 2570 443 2635 pretium
484 2569 747 2620 materiae.

220 2734 365 2786 390.
446 2737 494 2786 4.
541 2723 928 2790 Frucz‘ificalz'o.
970 2723 1221 2783 Fructus,
1274 2722 1361 2788 qui
1402 2739 1473 2771 ex
1512 2721 1688 2787 aliqua
1728 2738 1781 2771 re
1822 2727 2125 2780 nascuntur,

218 2824 262 2856 v,
297 2823 346 2872 g.
388 2806 563 2856 foetus
603 2805 924 2865 animalium,
970 2804 1168 2855 fructus
1209 2804 1476 2863 arborum,
1521 2803 1652 2853 fiunt
1692 2804 1809 2869 ipso
1850 2802 1960 2852 iure
2001 2801 2126 2862 eius,

218 2888 287 2938 ad
328 2905 489 2954 quern
542 2887 870 2937 ususfructus
911 2887 982 2936 rei
1022 2887 1278 2953 pertinet,
1332 2884 1522 2935 saltem
1563 2886 1606 2935 si
1645 2885 1758 2951 ipse
1799 2891 1880 2934 est
1917 2884 1969 2933 in
2009 2899 2128 2949 pos-

219 2971 454 3020 sessione
511 2970 597 3020 rei.
678 2968 734 3019 Si
786 2977 966 3018 autem
1021 2968 1153 3018 alius
1204 2968 1348 3018 bona
1402 2967 1509 3017 fide
1565 2966 1955 3016 usumfructum
2009 2980 2129 3031 pos-

219 3053 440 3113 sideret,
508 3052 593 3102 hic
658 3058 868 3101 tenetur
934 3051 1152 3116 quidem
1218 3067 1393 3099 errore
1458 3050 1674 3099 detecto
1735 3065 1845 3098 rem
1904 3046 2129 3097 alienam

221 3135 519 3195 restituere,
577 3134 672 3183 sed
727 3132 926 3182 fructus
980 3133 1084 3181 iam
1141 3139 1493 3197 consumptos
1548 3131 1820 3180 restituere
1875 3146 1982 3179 non
2039 3127 2130 3177 ob-

222 3216 438 3282 ligatur,
493 3216 652 3265 etiam
704 3214 1065 3265 abstrahendo
1119 3230 1151 3263 a
1202 3213 1355 3263 titulo
1397 3212 1851 3279 praescriptionis,
1910 3211 1979 3260 de
2020 3225 2129 3275 quo

221 3298 414 3348 statim.
