2182 3682
250 167 336 197 LIB.
371 167 399 196 Ι.
445 167 545 197 CAP.
579 167 646 197 ΙΙΙ.
694 168 756 197 DE
788 168 984 197 OFFICIIS
1020 169 1252 199 HOMINUM
1288 172 1462 201 MUTUIS
1498 174 1641 202 INTER
1676 175 1740 204 SE.
1831 175 1927 228 251

41 303 92 352 in
144 301 321 351 duello
371 301 641 368 interficit,
702 303 1045 352 homicidium
1100 305 1410 365 committit,
1470 308 1590 371 quia
1640 310 1750 359 sine
1805 311 1940 359 iusta

31 376 201 434 *causa
239 372 302 432 se
336 371 584 448 exposuit
611 383 846 449 periculo
881 401 1002 433 eum
1034 384 1330 435 occidendi.
1394 386 1554 437 Porro
1584 388 1715 440 haec
1743 391 1934 451 valent,

41 465 138 515 etsi
192 463 487 514 duellantes
542 464 686 514 nullo
743 465 908 514 modo
965 474 1194 516 mortem
1250 467 1516 533 propriam
1574 470 1656 519 vel
1713 471 1938 521 alienam

41 547 239 598 directe
278 547 328 596 in
369 563 427 596 se
466 547 798 597 intenderint.

43 703 186 769 316.
248 703 424 755 Sclzol.
471 721 517 754 I.
574 703 725 770 Quae
755 705 821 754 de
851 703 1029 754 duello
1059 706 1263 771 privato
1293 708 1585 773 generatim
1615 709 1756 757 dicta
1796 717 1934 769 sunt,

38 786 214 837 valent
254 788 409 837 etiam
454 788 502 849 a)
545 787 612 836 de
647 786 841 852 duello,
887 787 1034 852 quod
1076 787 1391 837 auctorisale
1418 789 1638 854 pubb‘m
1675 790 1736 856 in
1777 808 1938 840 causa

26 869 258 935 privata
298 864 594 935 suscipitur.
654 869 793 918 Nam
833 869 1120 919 auctoritas
1161 886 1267 937 non
1301 871 1589 936 potestrad
1630 871 1836 921 libitum
1873 873 1939 922 de

36 952 142 1013 vita
192 958 245 1001 et
291 951 593 1017 integritate
645 941 1332 1018 subditorumdisponere,
1387 953 1509 1012 sed,
1566 969 1724 1003 causa
1765 954 1831 1002 ad
1883 971 1940 1003 se

37 1032 239 1093 delata,
284 1033 447 1083 debet
486 1034 537 1082 in
579 1050 721 1082 reum
765 1032 1025 1097 inquirere
1066 1050 1296 1099 eumque
1338 1035 1549 1099 punire,
1600 1036 1938 1085 innocentem

35 1132 161 1165 vero
189 1114 425 1164 liberare.
488 1112 697 1179 Quodsi
737 1114 1072 1180 inquisitione
1102 1114 1241 1164 facta
1270 1115 1336 1164 de
1378 1116 1535 1181 culpa
1568 1134 1675 1166 non
1710 1124 1936 1177 constat,

35 1197 199 1247 debet
247 1206 526 1248 accusatus
578 1195 797 1246 absolvi.
879 1195 1126 1246 Profecto
1181 1196 1257 1246 fas
1308 1215 1414 1247 non
1467 1207 1547 1248 est
1598 1199 1935 1249 innocentem

36 1280 210 1330 eidem
251 1278 488 1345 periculo
537 1295 808 1346 exponere
837 1287 1012 1347 atque
1047 1296 1235 1340 rreum,
1291 1288 1343 1329 et
1383 1282 1670 1331 auctoritas
1711 1282 1937 1347 publica,

36 1378 172 1428 quae
213 1361 449 1411 duellum
499 1379 607 1411 non
647 1378 745 1427 pro
786 1361 982 1410 viribus
1030 1361 1279 1426 impedit,
1334 1363 1375 1411 si
1424 1362 1614 1412 alicubi
1656 1371 1936 1429 grassatur,

35 1445 199 1494 immo
251 1443 398 1510 quod
439 1445 591 1509 peius
642 1442 770 1493 illud
814 1442 983 1503 fovet,
1039 1444 1348 1508 gravissime
1400 1444 1577 1494 officio
1629 1463 1727 1495 suo
1770 1446 1935 1496 deest.

36 1525 179 1577 Olim
235 1525 469 1575 duellum
526 1526 595 1575 ad
651 1525 1042 1591 explorandum
1098 1526 1201 1574 Dei
1255 1526 1507 1576 iudicium
1567 1527 1934 1589 adhibebatur,

33 1609 128 1659 sed
170 1625 465 1675 perperam.
538 1608 677 1657 Nam
720 1624 895 1673 neque
937 1625 1006 1656 ex
1047 1607 1367 1658 revelatione
1409 1625 1583 1674 neque
1626 1627 1694 1658 ex
1735 1611 1935 1660 ratione

35 1690 257 1741 naturali
289 1690 453 1740 ullum
492 1697 867 1756 argumentum
901 1689 1072 1738 afferri
1099 1698 1293 1755 potest,
1338 1708 1445 1756 quo
1475 1691 1731 1756 probetur
1759 1692 1935 1741 Deum

30 1790 241 1839 semper
281 1782 334 1823 et
366 1773 564 1838 ubique
591 1771 807 1838 speciali
835 1770 1028 1821 auxilio
1070 1772 1338 1822 innocenti
1378 1790 1684 1823 succurrere
1719 1774 1930 1824 debere.

32 1855 87 1919 b)
116 1853 313 1905 Valent
353 1855 512 1919 etiam
553 1855 620 1904 de
661 1853 857 1904 duellis
895 1854 1212 1903 studentium
1255 1856 1411 1920 (quae
1453 1872 1728 1905 mensurae
1756 1858 1933 1907 vocari

30 1936 250 2001 solent),
305 1938 356 1987 in
397 1937 590 2003 quibus
628 1935 836 2002 aliquae
878 1937 1283 2001 praecautiones
1336 1937 1655 1987 adhibentur
1695 1939 1763 1988 ad
1804 1940 1933 2004 peri-

31 2018 211 2069 culum
240 2020 413 2085 gravis
446 2018 691 2069 laesionis
732 2018 1037 2068 arcendum.
1101 2018 1240 2068 Nam
1284 2019 1336 2084 α)
1371 2019 1629 2070 laesiones
1658 2020 1936 2086 possibiles

33 2110 272 2164 manent;
317 2102 434 2167 quis
474 2110 652 2151 autem
685 2109 865 2167 potest
899 2095 1250 2151 determinare
1292 2092 1537 2151 accurate
1574 2102 1763 2152 limites
1804 2103 1937 2153 inter

26 2170 289 2233 Taesiones
318 2200 508 2249 graves
549 2191 602 2233 et
643 2182 816 2233 leves?
869 2183 1015 2248 Ergo
1058 2183 1217 2232 etiam
1258 2185 1307 2233 in
1350 2183 1541 2234 talibus
1584 2184 1766 2234 duellis
1806 2186 1935 2251 peri-

31 2265 208 2330 culum
247 2265 464 2332 aliquod
507 2265 681 2335 gravis
721 2259 967 2335 laesionis
1006 2265 1118 2315 sine
1158 2266 1294 2315 iusta
1335 2284 1495 2316 causa
1536 2267 1734 2329 aditur,
1790 2268 1934 2333 quod

32 2348 325 2397 evidentius
385 2348 468 2408 fit,
536 2347 579 2397 si
637 2347 983 2396 attenduntur
1034 2337 1274 2398 *rationes
1333 2347 1492 2414 plane
1553 2347 1794 2409 frivolae,
1864 2350 1934 2399 ob

33 2446 165 2496 quas
205 2429 328 2480 talia
368 2429 544 2480 duella
588 2429 956 2495 suscipiuntur.
1037 2430 1209 2479 Immo
1262 2447 1291 2480 a
1342 2430 1608 2497 plerisque
1660 2448 1936 2481 mensurae

32 2520 314 2578 propterea
369 2511 751 2573 defenduntur,
811 2513 932 2578 quia
986 2512 1090 2562 sint
1147 2522 1332 2578 aptum
1387 2513 1621 2563 medium
1669 2515 1736 2563 ad
1790 2531 1934 2564 exer-

32 2594 257 2644 cendam
327 2603 380 2644 et
454 2594 757 2660 augendam
827 2595 985 2644 animi
1056 2593 1433 2644 fortitudinem.
1531 2595 1677 2661 Ergo
1750 2613 1933 2646 conce-

33 2676 190 2738 dunt,
251 2676 397 2743 quod
453 2676 580 2726 alias
635 2694 831 2743 negare
887 2676 1085 2737 solent,
1145 2694 1358 2727 manere
1415 2677 1707 2743 periculum
1762 2679 1935 2744 gravis

33 2757 290 2810 laesionis.
383 2758 679 2825 Quomodo
746 2760 887 2808 enim
954 2759 1318 2809 fortitudinem
1386 2760 1504 2825 quis
1570 2761 1934 2810 demonstrare

34 2848 210 2906 potest
268 2842 503 2901 actione,
567 2858 704 2907 quae
764 2842 909 2890 omni
966 2840 1203 2907 periculo
1265 2840 1437 2891 caret?
1529 2842 1699 2891 Immo
1775 2843 1934 2891 etiam

34 2923 338 2973 concedunt
376 2924 549 2990 ipsum
590 2922 880 2989 periculum
935 2941 1042 2973 non
1095 2925 1353 2989 permitti,
1409 2924 1505 2973 sed
1558 2941 1627 2972 ex
1682 2924 1935 2973 industria

33 3005 220 3075 <Nae-sl
260 3006 332 3075 ad
385 3005 1163 3073 &XerssendamstttitudinCm-
1245 3006 1521 3055 Praeterea
1557 3005 1617 3073 β)
1659 3022 1933 3055 mensurae

33 3094 217 3137 natura
254 3104 350 3137 sua
389 3087 529 3138 viam
567 3095 808 3151 sternunt
848 3087 1037 3137 duellis
1087 3089 1300 3154 proprie
1353 3088 1520 3137 dictis.
1603 3087 1934 3137 Contrahunt

34 3167 197 3218 enini'
235 3169 513 3219 studentes
578 3170 1021 3219 consuetudinem
1089 3171 1246 3220 armis
1311 3170 1520 3219 iniurias
1589 3170 1686 3219 sibi
1765 3162 1934 3220 illatas

33 3250 348 3302 vindicandi.
443 3252 573 3301 Ideo
643 3252 750 3301 iure
810 3253 998 3302 merito
1060 3251 1422 3318 Congregatio
1482 3251 1533 3302 S.
1599 3250 1819 3301 Concilii
1878 3252 1929 3303 d.

35 3345 82 3397 9.
141 3331 286 3399 Aug.
352 3335 489 3399 1890
545 3333 630 3398 (cf.
688 3333 832 3383 Acta
891 3333 942 3384 S,
1003 3332 1157 3384 Sedis
1216 3332 1397 3383 XXIII
1459 3334 1584 3396 242>
1645 3333 1933 3384 declaravit
