2182 3682
217 179 319 241 348
612 187 726 217 PARS
761 188 808 217 11.
859 186 1177 215 PHILOSOPHIA
1213 185 1416 214 MORALIS
1452 185 1703 215 SPECIALIS.

216 333 363 388 457.
449 323 649 374 Coroll.
711 322 845 373 Cum
875 331 1123 389 parentes
1150 322 1385 371 habeant
1414 321 1649 371 officium
1671 322 1910 372 naturale
1931 323 2120 373 educa-

215 407 387 468 tioniS,
430 406 491 457 iis
530 407 610 456 ius
651 423 868 472 quoque
910 404 1014 455 hoc
1055 403 1291 454 officium
1319 404 1607 454 exercendi
1635 405 1908 471 competit.
1978 405 2120 456 Num

216 498 394 541 autem
446 489 551 540 hoc
602 489 683 539 ius
735 487 1004 538 exclusive
1046 487 1114 536 ad
1157 493 1405 552 parentes
1445 486 1732 553 pertineat,
1786 487 1920 538 infra
1958 488 2121 555 inqui-

216 573 441 624 rendum
483 572 592 622 erit.

947 667 1274 706 ARTICULUS
1308 668 1383 706 ΠΙ.

766 774 857 819 DE
896 771 1281 819 SOCIETATE
1318 772 1574 818 HERILI.

220 893 366 959 458.
448 893 679 943 Nomine
716 892 984 942 societatis
1013 889 1187 939 herilis
1215 888 1536 955 intellegitur
1564 888 1853 939 coniunctio
1881 888 2125 949 duorum,

216 994 439 1046 quorum
480 994 612 1026 muts
641 974 913 1041 propriae
940 973 1195 1023 m‘l'lz'lalis
1214 972 1409 1038 gralia
1439 971 1519 1021 ad
1539 971 1770 1021 alterius
1797 971 2125 1021 commodum

218 1070 437 1127 operam
490 1076 644 1129 suam
700 1057 931 1107 ordinat.
1023 1053 1366 1120 Quaerimus,
1425 1054 1705 1121 quomodo
1759 1053 1950 1104 eadem
2003 1070 2127 1104 cum

218 1142 414 1194 familia
454 1141 754 1192 cohaereat.

921 1243 1191 1291 THESIS
1228 1243 1423 1289 LXXI.

298 1360 549 1410 Societas
586 1357 777 1406 herilis
814 1355 1124 1417 generatim
1173 1355 1375 1402 saltem
1423 1361 1719 1415 tamquam
1765 1353 2129 1402 connaturale

221 1436 714 1498 complementum
752 1430 995 1479 familiae
1033 1445 1064 1477 a
1102 1436 1301 1477 natura
1337 1429 1551 1476 intenta
1588 1428 1694 1477 dici
1730 1435 1933 1490 potest.

698 1536 876 1589 (ilseyer,
910 1536 1090 1574 Institut.
1125 1535 1224 1573 iuris
1257 1542 1340 1573 nat.
1376 1535 1405 1582 I,
1442 1547 1482 1573 n.
1518 1530 1640 1584 410.)

298 1653 463 1700 Prob.
513 1666 552 1698 1.
644 1649 730 1698 Ex
783 1645 1113 1698 connaturali
1165 1644 1436 1711 exigentia
1488 1644 1640 1693 huius
1690 1643 1962 1694 societatis
2017 1651 2167 1692 tum-

221 1753 319 1803 pro
360 1732 689 1801 perfectione
732 1729 957 1780 familiae
999 1739 1112 1778 tum
1154 1745 1251 1794 pro
1294 1728 1440 1777 bono
1471 1725 1758 1776 multorum
1786 1725 2127 1792 privatorum.

305 1833 344 1868 Ι.
388 1816 502 1866 Pro
544 1813 799 1880 familia.
898 1811 992 1861 Ad
1054 1810 1349 1877 perfectum
1410 1818 1606 1859 statum
1667 1826 1822 1858 suum
1883 1816 1935 1858 et
1987 1823 2131 1874 prae-

223 1901 403 1951 sertim
453 1899 520 1949 ad
578 1898 739 1947 finem
792 1895 1063 1946 societatis
1103 1892 1388 1960 parentalis
1430 1893 1525 1942 rite
1565 1890 1898 1957 implendum
1939 1889 2135 1941 familia

224 1983 431 2048 indiget
495 1980 809 2048 plerumque
870 1976 1252 2043 cooperatione
1309 1976 1497 2025 virium
1563 1983 1903 2024 externarum
1962 1989 2133 2039 eaque

224 2065 401 2116 stabili
441 2073 493 2114 et
534 2063 792 2113 ordinata.

303 2162 348 2199 2.
392 2147 503 2197 Pro
560 2147 658 2207 iis,
716 2145 810 2211 qui
861 2144 940 2193 ad
975 2141 1368 2208 fimmlcma'mll
1411 2140 1683 2206 fcmlz'liae
1738 2146 2129 2206 aggregantur.

226 2232 389 2282 Teste
431 2229 760 2296 experientia
801 2233 1060 2294 perpetua
1101 2224 1251 2275 multi
1280 2225 1431 2274 variis
1474 2224 1542 2273 de
1577 2223 1747 2273 causis
1785 2221 2136 2289 prohibentur

225 2315 493 2382 propriam
552 2311 803 2362 familiam
860 2310 1106 2369 fundare,
1165 2325 1341 2374 neque
1396 2306 1494 2356 sibi
1550 2305 1729 2355 omnia
1778 2305 1918 2355 vitae
1959 2319 2134 2354 neces-

224 2398 373 2459 saria,
425 2396 734 2463 praesertim
774 2411 872 2460 pro
914 2400 1159 2458 tempore
1200 2390 1374 2440 morbi
1414 2398 1466 2439 et
1506 2388 1808 2448 senectutis,
1851 2403 2135 2453 procurare

224 2479 417 2530 valent.
500 2479 571 2528 Hi
625 2477 918 2544 generatim
971 2484 1158 2524 natura
1209 2473 1555 2532 inducuntur,
1611 2478 1669 2521 ut
1720 2469 1869 2520 alteri
1907 2468 2135 2519 familiae

224 2562 378 2613 titulo
439 2560 723 2611 famulatus
782 2577 838 2609 se
897 2558 1204 2623 adiungant.
1287 2555 1565 2605 Praeterea
1623 2553 1678 2603 hi
1738 2569 1925 2603 omnes
1985 2560 2135 2601 extra

225 2644 474 2696 familiam
514 2643 803 2693 moralibus
844 2658 1061 2707 quoque
1101 2639 1364 2699 subsidiis,
1408 2637 1602 2703 quibus
1630 2636 1721 2685 vix
1760 2636 1857 2685 nisi
1896 2634 2136 2684 viventes

224 2729 275 2778 in
327 2728 445 2777 sinu
498 2724 724 2776 familiae
777 2724 874 2774 frui
922 2729 1175 2789 possunt,
1234 2721 1444 2787 penitus
1498 2719 1605 2769 fere
1655 2735 1833 2769 carere
1874 2716 2134 2766 deberent

224 2819 385 2877 atque
425 2811 496 2860 ita
537 2825 697 2874 saepe
738 2809 789 2857 in
831 2807 1111 2873 physicam
1144 2814 1196 2854 et
1230 2803 1487 2853 moralem
1516 2802 1794 2869 penuriam
1821 2799 2129 2850 inciderent.

225 2893 363 2943 Fieri
414 2893 574 2958 igitur
601 2886 703 2940 ‘vix
754 2896 960 2956 potest,
1016 2889 1140 2954 quin
1193 2887 1293 2936 hac
1345 2884 1644 2951 exigentia,
1700 2900 1838 2950 quae
1887 2887 2132 2948 respectu

227 2976 388 3026 totius
441 2974 650 3041 generis
690 2972 909 3022 humani
951 2970 1135 3020 morali
1176 2969 1493 3019 necessitate
1535 2967 1736 3027 evenit,
1791 2964 2003 3031 plurimi
2042 2963 2134 3012 ho-

226 3059 395 3108 mines
435 3057 779 3116 inducantur,
822 3064 879 3104 ut
920 3054 1071 3104 alicui
1112 3052 1337 3102 familiae
1377 3068 1435 3101 se
1474 3051 1694 3115 iungant
1735 3049 1954 3113 eiusque
1991 3046 2135 3096 bona

226 3140 404 3207 aliquo
445 3139 611 3189 modo
653 3137 986 3204 participent.

302 3223 468 3271 Prob.
507 3236 550 3270 2.
622 3221 711 3270 Ex
749 3218 1056 3270 testimonio
1096 3218 1360 3277 historiae,
1405 3232 1544 3281 quae
1571 3214 1887 3264 societatem
1913 3209 2134 3261 herilem

227 3305 410 3372 quoad
451 3304 805 3354 substantiam
844 3318 1058 3368 semper
1098 3317 1204 3350 uno
1253 3298 1489 3349 alterove
1529 3296 1697 3347 modo
1738 3294 2003 3344 exstitisse
2044 3292 2131 3342 de-

228 3395 503 3437 monstrat.
