2182 3682
213 160 319 223 336
608 169 722 199 PARS
757 169 806 199 II.
858 169 1175 199 PHILOSOPHIA
1210 170 1413 200 MORALIS
1450 170 1704 200 SPECIALIS.

283 305 440 356 Prob.
486 314 650 356 antec.
730 305 822 355 Ad
874 306 1325 372 propagationem
1379 305 1520 354 enim
1561 306 1769 370 generis
1819 305 1947 357 nihil
1985 307 2122 374 prin-

210 387 429 455 cipalius
468 396 678 455 spectat
718 405 787 438 ex
827 394 1048 438 naturae
1090 388 1330 438 instituto
1372 404 1535 453 quam
1564 388 1756 438 diversi
1795 406 1958 440 sexus
1997 407 2119 440 con-

208 471 435 532 iunctio,
493 470 727 537 nihilque
782 471 958 537 aptius
1014 470 1310 535 excogitari
1362 477 1572 536 potest,
1631 487 1738 536 quo
1793 472 1950 522 simul
2004 481 2119 522 tum

209 552 451 604 rationali
490 554 768 604 decentiae
796 570 857 603 ac
887 553 1071 602 debito
1113 552 1464 602 moderamini
1504 562 1615 602 tum
1645 552 1810 619 prolis
1849 571 2118 621 congruae

209 636 515 687 educationi
555 636 915 702 provideatur,
959 651 1119 701 quam
1160 636 1450 701 coniugum
1490 635 1693 685 stabilis
1733 623 1978 689 societas,

211 774 358 840 438.
440 775 616 826 Sclzol.
667 776 826 825 Fines
866 775 1181 825 secundarii
1205 775 1273 824 ad
1303 775 1403 825 hos
1433 776 1569 826 duos
1597 779 1833 828 revocari
1861 787 2114 844 possunt:

291 874 333 909 Ι.
376 859 624 909 spsutmmz
665 860 800 909 inter
841 859 1096 924 coniuges
1138 858 1440 924 obsequs'mzz
1478 867 1532 909 et
1570 859 1885 921 subsidium,
1926 869 1983 910 ut
2023 860 2114 911 scl.

209 941 341 992 alter
381 942 528 992 alteri
568 943 619 991 in
659 943 797 992 vitae
827 941 1215 992 consuetudine
1243 941 1439 992 auxilio
1469 943 1534 992 sit
1575 951 1627 992 et
1664 943 1928 1009 praesidio
1957 951 2119 1010 atque

209 1026 261 1075 in
300 1026 361 1075 iis
402 1025 590 1076 officiis
629 1031 915 1085 succurrat,
961 1040 1099 1090 quae
1140 1033 1425 1090 utrumque
1453 1042 1643 1074 sexum
1673 1026 1881 1076 decent.
1939 1023 2120 1091 Quare

209 1109 358 1158 Deus
397 1108 664 1175 sapienter
703 1108 950 1174 providit,
995 1115 1050 1157 ut
1077 1123 1227 1156 suam
1269 1108 1495 1173 quisque
1537 1125 1698 1157 sexus
1740 1109 2009 1175 propriam
2051 1109 2120 1158 in-

209 1190 417 1253 dolem,
463 1191 904 1258 propensionem,
948 1189 1333 1255 perfectionem
1374 1189 1623 1251 haberet,
1679 1191 1823 1241 unde
1863 1192 2121 1257 coniuges

208 1275 259 1323 in
313 1280 495 1323 mutua
547 1274 921 1324 coniunctione
974 1272 1383 1338 quodammodo
1425 1289 1483 1321 se
1530 1272 1863 1339 complerent
1915 1281 1968 1324 et
2006 1291 2119 1340 per-

210 1357 444 1418 ficerent,
488 1365 600 1406 tum
641 1357 691 1405 in
734 1356 919 1405 ordine
961 1355 1187 1421 physico
1229 1363 1341 1404 tum
1381 1355 1432 1404 in
1475 1355 1660 1405 ordine
1702 1355 1905 1406 morali.

287 1453 334 1490 2.
378 1439 684 1488 Honestum
713 1437 1158 1503 conctfflisccnll'ac
1192 1437 1504 1499 remedimn,
1547 1455 1655 1504 quo
1684 1437 1888 1488 libidini
1916 1438 2118 1489 frenum

210 1521 541 1572 adhibeatur.

284 1605 403 1654 Hos
444 1604 575 1654 fines
609 1621 715 1653 non
745 1621 860 1653 esse
900 1603 1178 1669 primarios
1219 1610 1272 1652 et
1312 1602 1631 1668 principales
1671 1612 1820 1670 patet
1860 1621 1930 1654 ex
1967 1621 2117 1671 argu-

210 1688 416 1738 mentis,
497 1686 608 1736 Eos
659 1694 839 1736 autem
881 1702 996 1735 esse
1038 1684 1169 1734 fines
1217 1686 1641 1735 concomitantes
1681 1693 1735 1735 et
1774 1685 2119 1736 secundarios

212 1788 280 1820 ex
320 1770 435 1836 ipsa
474 1768 697 1819 naturali
738 1768 1034 1834 aptitudine
1076 1768 1396 1818 matrimonii
1435 1768 1504 1817 ad
1546 1768 1646 1817 hos
1686 1768 1818 1818 fines
1859 1769 2117 1835 attingen-

212 1853 313 1902 dos
353 1853 548 1903 eruitur
589 1851 662 1917 (S.
717 1851 904 1901 Tllom.
948 1851 978 1900 l.
1024 1851 1107 1914 c).

658 2020 685 2075 g
719 2035 759 2075 3.
808 2023 886 2061 DE
920 2022 1262 2062 PRAECEPTO
1297 2022 1672 2062 MATRIMONH.

437 2126 501 2180 (S.
545 2130 701 2177 Tlmm„
735 2128 953 2181 Supplem.
989 2143 1028 2181 q.
1063 2139 1131 2177 41,
1168 2142 1203 2166 a.
1241 2139 1288 2174 2;
1326 2128 1374 2167 C.
1409 2133 1526 2179 gent.
1559 2128 1586 2167 l.
1623 2139 1660 2179 3,
1698 2141 1732 2166 c.
1773 2124 1892 2178 136.)

213 2250 361 2303 439.
443 2239 842 2289 Matrimonium
883 2239 1118 2288 humano
1161 2238 1341 2304 generi
1389 2238 1458 2287 ad
1500 2236 1661 2286 finem
1702 2237 2121 2286 conservationis

211 2329 265 2372 et
299 2323 704 2389 propagationis
739 2322 1094 2371 necessarium
1128 2321 1359 2386 ideoque
1395 2319 1571 2369 eidem
1607 2319 1992 2385 praescriptum
2021 2327 2116 2368 est.

212 2405 488 2470 Negamus
529 2411 707 2454 autem
747 2403 986 2470 singulos
1026 2404 1270 2453 homines
1311 2402 1410 2452 hac
1453 2401 1572 2467 lege
1612 2401 1794 2452 teneri.

885 2576 1154 2625 THESIS
1192 2576 1445 2622 LXVIII.

291 2681 608 2729 Caelibatus
643 2696 746 2742 per
781 2695 842 2729 se
880 2681 1033 2728 nulla
1068 2681 1190 2741 lege
1239 2678 1476 2727 naturali
1524 2677 1884 2739 prohibetur,
1937 2675 2118 2723 immo

212 2756 511 2816 perfectior
548 2763 633 2804 est
667 2763 816 2803 statu
855 2755 1146 2817 coniugali.

287 2863 376 2916 St.
423 2862 498 2931 Q.
561 2865 867 2916 Caelibatus
907 2864 1062 2915 latius
1103 2874 1156 2915 et
1196 2865 1425 2914 strictius
1466 2863 1603 2914 sumi
1643 2869 1837 2929 potest.
1901 2860 2118 2910 Latiore

212 2965 370 2998 sensu
421 2947 686 3014 significat
738 2948 1109 2998 condicionem
1159 2964 1368 3007 eorum,
1424 2947 1514 3012 qui
1553 2962 1583 2995 a
1623 2943 1963 2994 matrimonio
2004 2942 2118 2992 abs-

211 3031 395 3092 tinent,
440 3047 784 3097 quocumque
817 3030 1021 3080 motivo
1049 3047 1157 3080 non
1196 3029 1482 3078 inhonesto
1525 3028 1816 3087 ducuntur;
1858 3025 2119 3075 strictiore

212 3129 369 3162 sensu
410 3112 674 3178 significat
714 3121 908 3162 statum
952 3130 1162 3173 eorum,
1219 3113 1307 3177 qui
1348 3110 1686 3160 matrimonio
1727 3108 2016 3168 abstinent,
2060 3115 2117 3155 ut

213 3211 270 3244 se
309 3194 431 3245 Deo
473 3204 526 3245 et
566 3195 679 3245 eius
719 3196 980 3261 obsequio
1023 3195 1342 3260 mancipent.
1412 3192 1471 3242 In
1512 3193 1681 3259 prima
1723 3198 1872 3257 parte
1912 3189 2118 3255 agimus

216 3278 283 3327 de
335 3276 598 3327 caelibatu
653 3294 812 3328 sensu
869 3276 1079 3340 latiore;
1137 3277 1187 3326 in
1240 3276 1477 3325 secunda
1529 3275 1597 3324 de
1650 3272 1910 3323 caelibatu
1961 3287 2118 3321 sensu

215 3368 489 3409 strictiore.
