2182 3682
207 174 318 227 474
619 174 733 204 PARS
767 175 815 203 11.
863 175 1178 205 PHILOSOPHIA
1210 177 1412 206 MORALIS
1448 177 1700 209 SPECIALIS.

634 310 662 365 ἓ
696 324 735 353 2.
784 313 911 354 EIUS
947 314 1334 354 EXSISTENTIA
1365 316 1693 357 PROBATUR.

974 431 1243 480 THESIS
1282 433 1339 480 C.

208 530 354 595 644.
438 541 669 588 Exsistit
719 542 808 589 ius
861 542 1293 592 internationale
1345 547 1599 594 naturale
1650 553 1775 594 tum
1828 547 2112 609 privatum

203 621 328 662 turn
365 615 674 676 publicum.

858 681 1123 737 (Moralphil.
1159 687 1199 724 Π
1233 687 1317 737 696
1342 685 1457 739 sqq.)

282 795 449 835 PARS
481 796 513 834 I.
582 796 755 846 Quoad
785 798 863 836 ius
894 798 1149 847 privatum.

276 880 442 927 Prob.
507 879 605 929 Est
644 889 995 947 praeceptum
1035 880 1272 932 naturale
1313 883 1533 933 evidens
1574 892 1626 933 et
1668 901 1856 934 omnes
1893 884 2112 933 omnino

201 962 444 1012 homines
486 962 758 1029 obligans:
803 981 957 1013 suum
991 964 1179 1030 cuique
1222 965 1565 1016 tribuendum
1605 983 1736 1018 esse.
1798 966 1969 1032 Atqui
2007 966 2112 1032 qui-

201 1044 329 1094 libet
357 1045 522 1095 homo
552 1063 646 1112 per
672 1047 843 1112 ipsam
872 1055 1112 1097 naturam
1139 1046 1304 1098 multa
1332 1057 1514 1114 potest
1536 1066 1729 1099 vocare
1757 1066 1854 1098 sua
1875 1049 1943 1112 (n.
1967 1062 1995 1098 2
2006 1048 2109 1112 38).

202 1127 359 1192 Ergo
412 1145 600 1178 omnes
651 1128 896 1179 homines
949 1128 1253 1195 obligantur
1293 1130 1425 1181 haec
1467 1132 1640 1181 eidem
1682 1131 1938 1192 tribuere,
1992 1132 2021 1181 i.
2066 1148 2109 1182 6.

202 1227 411 1260 servare
452 1210 632 1261 illaesa
671 1211 772 1271 vel,
816 1213 858 1261 si
897 1212 1088 1262 iniuste
1129 1221 1249 1262 sunt
1291 1212 1483 1275 ablata,
1529 1214 1817 1263 restituere.

275 1293 346 1343 Et
386 1311 440 1342 re
481 1293 697 1359 quidem
738 1312 862 1344 vera
902 1303 1215 1360 praecepta:
1272 1313 1380 1344 non
1421 1313 1537 1346 esse
1579 1296 1961 1357 occidendum,
2004 1313 2112 1345 non

202 1392 319 1425 6556
360 1375 640 1425 furandum
670 1384 788 1437 etc.,
834 1394 941 1426 non
969 1376 1143 1426 solum
1186 1378 1474 1443 prohibent
1502 1378 1826 1428 occisionem
1864 1379 2113 1428 iniustam

203 1458 432 1508 hominis
485 1458 637 1508 huius
689 1458 772 1508 vel
823 1459 960 1508 illius
1011 1459 1264 1521 nationis,
1327 1461 1423 1510 sed
1481 1462 1801 1511 occisionem
1863 1461 2112 1510 iniustam

201 1540 523 1607 simpliciter.

207 1678 352 1745 645.
435 1691 602 1730 PARS
633 1692 687 1729 Π.
756 1691 927 1740 ouoacz
958 1692 1035 1730 ius
1065 1693 1324 1742 publicum.

278 1779 444 1826 Prob.
485 1794 526 1826 1.
601 1779 735 1828 Illud
777 1779 1119 1845 principium:
1173 1797 1327 1829 suum
1369 1780 1559 1845 cuique
1612 1780 1976 1841 tribuendum,
2032 1787 2112 1830 est

202 1877 418 1926 prorsus
447 1861 740 1911 universale
774 1872 825 1912 et
854 1879 959 1911 non
990 1861 1165 1912 solum
1194 1861 1399 1928 obligat
1427 1871 1673 1928 respectu
1701 1862 2109 1923 individuorum,

200 1942 298 1992 sed
339 1944 497 1993 etiam
538 1952 785 2011 respectu
826 1945 1145 1994 societatum
1187 1961 1673 2011 quarumcumque3
1724 1962 1898 2011 neque
1937 1944 2111 1994 solum

201 2025 407 2092 obligat
458 2026 696 2092 singulos
737 2027 1007 2088 homines,
1062 2027 1158 2077 sed
1201 2028 1360 2077 etiam
1403 2028 1689 2077 societates
1729 2044 2108 2093 quascumque,

200 2109 308 2159 sive
360 2110 591 2175 privatas
642 2111 751 2159 sive
808 2109 1062 2176 publicas,
1156 2109 1327 2175 qum'
1381 2111 1541 2159 etiam
1595 2110 1880 2159 societates
1935 2108 2112 2159 civiles

199 2191 366 2241 multa
406 2201 630 2258 possunt
671 2192 991 2253 naturaliter,
1035 2192 1063 2242 i.
1097 2209 1140 2242 e.
1180 2193 1605 2258 independenter
1633 2209 1662 2241 a
1691 2209 1954 2242 consensu
1994 2191 2111 2241 alia-

199 2291 310 2323 rum
353 2275 640 2335 civitatum,
682 2292 876 2325 vocare
903 2292 1013 2336 sua,
1057 2293 1102 2324 v.
1137 2292 1186 2340 g.
1220 2275 1553 2335 territorium,
1598 2283 1801 2325 certum
1829 2291 2109 2324 numerum

199 2357 404 2418 civium,
451 2357 675 2407 formam
704 2358 987 2423 regiminis,
1027 2358 1384 2422 magistratuS‚
1425 2357 1667 2408 aedificia
1696 2356 1925 2423 publica,
1967 2356 2109 2406 inde-

199 2440 543 2505 pendentiam
587 2448 685 2490 etC.

274 2522 395 2572 Huc
436 2523 670 2581 accedit,
727 2522 874 2589 quod
916 2523 1184 2572 civitatum
1239 2523 1347 2572 iura
1389 2522 1604 2588 publica
1656 2521 1793 2572 laedi
1845 2537 1953 2571 non
1993 2537 2111 2587 pos-

199 2613 347 2666 sunt,
403 2605 531 2670 quin
584 2606 742 2654 etiam
795 2604 1073 2655 laedantur
1124 2606 1235 2654 iura
1286 2605 1504 2671 privata.
1570 2603 1674 2666 ‚Sic
1725 2604 1974 2670 princeps
2027 2601 2111 2652 vel

200 2687 445 2752 dynastia
497 2704 658 2753 saepe
710 2687 874 2737 habet
914 2688 991 2737 ius
1031 2688 1345 2754 possidendi
1397 2687 1768 2737 auctoritatem
1818 2685 2107 2752 politicam,

200 2778 254 2819 et
293 2770 490 2820 subditi
530 2769 731 2819 habent
770 2770 872 2831 ius,
917 2787 983 2819 ne
1024 2770 1135 2820 aliis
1176 2770 1503 2819 subiciantur
1543 2778 1729 2819 contra
1768 2784 1916 2818 suam
1959 2767 2110 2817 ratio-

200 2851 435 2902 nabilem
476 2851 821 2902 voluntatem.

277 2951 442 2998 Prob.
481 2964 524 2998 2.
599 2949 775 3010 Deus,
819 2958 1006 2999 auctor
1046 2957 1290 3010 naturae,
1342 2966 1448 2998 non
1490 2947 1663 2998 solum
1703 2946 1815 2998 vult
1855 2947 2111 2997 exsistere

202 3031 467 3093 civitates,
521 3032 818 3081 sedetiam
859 3047 948 3081 eas
999 3031 1136 3081 inter
1174 3048 1232 3081 se
1272 3032 1441 3081 varias
1493 3030 1774 3080 relationes
1824 3030 1967 3079 inire.
2047 3027 2109 3077 Id

203 3114 579 3179 cognoscimus
621 3131 690 3163 ex
731 3131 822 3175 eO,
878 3114 1024 3180 quod
1066 3113 1304 3179 singulae
1356 3114 1593 3163 civitates
1644 3111 1960 3179 plerumque
2010 3110 2110 3160 sibi

203 3212 312 3245 non
353 3195 421 3245 ad
475 3197 652 3245 omnia
701 3195 996 3257 sufficiunt,
1052 3205 1105 3245 et
1155 3196 1277 3245 ideo
1319 3194 1734 3245 connaturaliter
1770 3193 1945 3243 variae
1984 3190 2111 3241 rela-

205 3278 377 3327 tiones
417 3286 470 3327 et
523 3279 844 3328 commercia
895 3278 1030 3328 inter
1071 3294 1158 3328 eas
1212 3278 1462 3328 oriuntur.
1542 3277 1698 3342 Ergo
1749 3276 1900 3325 Deus
1950 3274 2109 3324 etiam

208 3359 392 3409 debuit
431 3359 567 3410 velle
608 3377 696 3422 ea,
752 3377 889 3427 quae
930 3361 1290 3427 requiruntur,
1334 3370 1392 3409 ut
1432 3359 1669 3409 civitates
1709 3358 1915 3424 possint
1964 3363 2107 3406 recte
