2182 3682
487 193 574 222 Lm.
612 193 637 221 Ι.
687 193 786 222 CAP.
823 193 883 222 IV.
932 194 993 221 DE
1028 194 1138 222 IURE
1175 194 1523 224 1‘R01¹R1E'1'A'1·ls.
1851 196 1948 249 095

1850 225 1876 234 ..a

135 329 237 379 Hic
277 336 454 378 tamen
496 347 620 379 usus
661 330 958 379 communis
990 346 1098 378 non
1127 330 1200 379 sic
1240 328 1630 395 intellegendus
1670 341 1765 392 est,
1808 335 1955 399 quasi

61 409 273 461 cuilibet
324 409 504 460 liceret
544 428 598 460 re
638 409 873 476 qualibet
924 427 1021 476 pro
1072 410 1286 459 arbitrio
1339 411 1413 459 uti
1464 411 1576 460 sine
1617 412 1954 463 dominorum

61 491 282 552 licentia,
324 493 419 541 sed
449 510 513 542 eo
541 491 713 542 solum
753 508 927 551 sensu,
982 505 1021 540 Ι.
1060 492 1208 557 quod
1249 492 1306 541 2'72
1347 500 1591 541 extrema
1631 495 1955 555 necessilaz‘e,

60 575 90 624 i.
121 591 163 623 e.
195 574 411 639 quando
452 591 712 640 personae
752 573 992 623 imminet
1033 572 1325 638 periculum
1368 590 1466 623 nec
1494 573 1643 623 aliter
1670 592 1726 624 se
1755 576 1955 626 salvare

60 663 252 722 potest,
295 655 518 721 quilibet
558 655 721 705 habet
760 656 840 704 ius
880 672 949 704 ex
990 655 1148 704 rebus
1194 654 1377 704 alienis
1416 655 1515 704 sibi
1556 658 1955 708 occurrentibus

59 737 377 799 assumendi,
421 746 676 803 quantum
718 754 853 803 opus
895 745 974 786 est
1014 737 1081 786 ad
1123 754 1180 786 se
1222 736 1552 787 salvandum.
1634 737 1757 787 Hoc
1797 756 1955 789 sensu

59 819 247 868 dicitur
286 820 337 868 in
365 826 606 869 extrema
647 819 961 869 necessitate
991 819 1167 867 omnia
1196 818 1304 867 fieri
1346 819 1674 880 communia;
1721 833 1767 870 2.
1808 823 1954 886 quod

59 901 393 967 possidentes
448 901 648 951 debent
689 900 870 965 facile
920 899 1051 949 aliis
1105 900 1467 949 m‘cessz'laz‘em
1513 901 1843 965 patientibus
1893 903 1957 952 de

57 982 206 1032 bonis
243 983 354 1032 suis
393 1001 460 1032 ex
499 983 728 1032 caritate
755 982 979 1046 largiri.
1043 981 1214 1031 Immo
1256 982 1429 1047 gravis
1461 982 1669 1031 videtur
1708 1001 1824 1033 esse
1865 985 1956 1033 ob-

59 1062 266 1130 ligatio,
321 1072 378 1114 ut
420 1065 606 1114 divites
650 1082 717 1114 ex
759 1064 913 1113 bonis
953 1064 1112 1113 statui
1152 1080 1250 1113 suo
1291 1063 1566 1129 superfluis
1607 1064 1840 1114 tribuant
1880 1067 1954 1127 iis,

59 1147 149 1212 qui
187 1147 238 1195 in
280 1163 475 1212 magna
525 1163 619 1196 seu
661 1146 806 1211 gravi
847 1145 1138 1210 indigentia
1178 1155 1465 1195 versantur.
1548 1144 1728 1210 Quare
1769 1148 1957 1198 divites

59 1227 236 1294 aliquo
287 1245 444 1278 sensu
499 1228 601 1278 dici
653 1236 876 1294 possunt
928 1227 1382 1277 administratores
1432 1228 1696 1277 bonorum
1737 1230 1787 1278 in
1829 1230 1957 1280 utili-

59 1318 223 1360 tatem
264 1327 576 1376 pauperum.
653 1310 806 1370 «Res,
851 1326 982 1375 quas
1020 1309 1180 1375 aliqui
1220 1310 1713 1376 superabundanter
1741 1311 1955 1372 habent,

59 1409 128 1441 ex
167 1392 275 1441 iure
316 1392 535 1442 naturali
576 1392 840 1442 debentur
881 1408 1175 1457 pauperum
1210 1392 1610 1442 sustentationi»
1659 1392 1733 1457 (S.
1770 1393 1952 1444 Tlcom.

61 1486 107 1534 2,
152 1486 199 1531 2,
244 1491 293 1540 q.
338 1475 424 1535 66,
468 1492 511 1524 a.
559 1475 626 1538 7).

136 1594 309 1640 Dices:
346 1593 395 1640 Si
431 1593 497 1640 ita
533 1609 609 1640 res
647 1602 743 1650 est,
796 1608 1038 1654 pauperes
1076 1595 1261 1640 habent
1298 1596 1369 1639 ius
1406 1594 1469 1640 ad
1507 1594 1586 1640 illa
1624 1595 1758 1641 bona
1795 1610 1957 1655 super-

58 1668 167 1725 flua,
206 1676 254 1715 et
290 1667 464 1715 divites
490 1683 590 1714 non
617 1668 773 1715 solum
799 1683 857 1714 ex
883 1668 1099 1726 caritate,
1139 1668 1226 1715 sed
1254 1668 1400 1715 etiarn
1427 1683 1487 1715 ex
1522 1670 1702 1714 iustitia
1726 1677 1956 1716 tenentur

59 1741 140 1787 illa
175 1743 309 1789 bona
346 1743 397 1788 in
434 1757 676 1804 pauperes
713 1757 936 1803 erogare.

137 1825 275 1886 Resp.
326 1825 471 1885 Nego
524 1825 722 1871 illatum.
796 1825 925 1871 Nam
986 1842 1022 1870 I.
1078 1823 1240 1870 officia
1291 1825 1499 1885 positiva
1559 1825 1766 1872 iustitiae
1827 1841 1958 1872 com-

58 1899 321 1946 mutativae
358 1915 554 1961 semper
602 1899 870 1960 respiciunt
921 1899 1255 1945 determinatas
1279 1907 1535 1960 personas,
1585 1900 1634 1946 in
1672 1900 1848 1961 quibus
1886 1911 1958 1948 est

54 1973 125 2020 ius
162 1974 327 2021 officio
365 1974 778 2035 correspondens.
853 1974 951 2021 Sed
988 1973 1223 2034 obligatio
1262 1975 1501 2035 erogandi
1538 1976 1678 2022 statui
1715 1976 1958 2036 superflua

53 2064 156 2095 non
204 2058 366 2110 potest
413 2050 661 2111 respicere
707 2049 1056 2095 determinatas
1104 2064 1356 2110 personas.
1440 2049 1570 2096 Nam
1625 2050 1768 2111 «quia
1820 2050 1958 2096 multi

55 2130 165 2169 sunt
199 2124 547 2171 necessitatem
584 2124 850 2185 patientes,
907 2132 953 2170 et
988 2138 1091 2169 non
1129 2132 1291 2184 potest
1328 2140 1386 2170 ex
1424 2124 1601 2171 eadem
1638 2140 1691 2171 re
1729 2125 1956 2171 omnibus

55 2196 328 2256 subveniri,
398 2198 716 2245 committitur
775 2199 979 2245 arbitrio
1039 2198 1422 2259 uniuscuiusque
1483 2198 1787 2260 dispensatio
1849 2215 1957 2259 pro-

55 2271 272 2334 priarum
324 2289 512 2330 rerum,
574 2282 625 2320 ut
684 2288 743 2319 ex
797 2273 852 2319 iis
904 2273 1161 2320 subveniat
1220 2273 1567 2321 necessitatem
1626 2274 1951 2335 patientibus»

56 2343 120 2408 (S.
167 2348 328 2395 Tlmm.
380 2349 408 2394 l.
449 2344 524 2408 c.).
597 2349 859 2395 Praeterea
899 2365 939 2394 2.
979 2348 1158 2394 iustitia
1195 2348 1545 2395 commutativa
1584 2349 1783 2410 respicit
1819 2355 1956 2395 mate-

53 2423 177 2468 riam
224 2422 579 2469 determinatam
593 2441 608 2480 ,·
663 2438 908 2484 quaenam
961 2431 1123 2469 autem
1176 2424 1309 2469 bona
1360 2424 1454 2470 sint
1506 2424 1648 2470 statui
1697 2424 1955 2485 superflua,

53 2511 155 2543 non
192 2511 252 2544 ex
277 2513 327 2544 se
354 2497 734 2544 determinatum
761 2506 845 2554 est,
885 2498 973 2544 sed
999 2497 1432 2544 determinandum
1458 2498 1750 2559 relinquitur
1775 2498 1956 2546 iudicio

56 2572 286 2633 prudenti
323 2571 617 2633 possessoris
655 2568 717 2634 (2,
759 2590 801 2629 2,
841 2588 888 2633 q.
929 2588 1007 2633 32,
1048 2589 1088 2619 a.
1131 2569 1193 2633 6).

60 2693 204 2757 381.
285 2696 460 2747 Sclzol.
507 2713 552 2747 2.
635 2698 925 2747 Doctrinae
978 2698 1256 2763 expositae
1310 2697 1378 2746 de
1419 2698 1620 2763 origine
1672 2698 1794 2747 iuris
1840 2715 1957 2764 pro-

58 2777 292 2843 prietatis
344 2797 413 2829 eX
464 2780 574 2830 iure
614 2779 837 2830 naturali
888 2780 1155 2830 adversari
1194 2780 1405 2829 videtur
1444 2778 1497 2829 S.
1551 2780 1814 2841 Thomas,
1868 2781 1958 2846 qui

57 2858 359 2926 frequenter
409 2864 591 2912 asserit
642 2862 752 2912 iure
804 2870 1022 2912 naturae
1077 2863 1256 2911 omnia
1308 2879 1423 2911 esse
1480 2863 1783 2912 communia
1844 2861 1953 2925 (scl.

58 2943 322 3007 negative)
365 2951 418 2994 et
453 2944 767 2994 divisionem
808 2944 1075 2994 bonorum
1103 2953 1274 2994 ortam
1303 2961 1419 2993 esse
1459 2961 1528 2993 ex
1567 2944 1685 2994 iure
1717 2944 1956 3009 gem‘lum

58 3022 288 3089 ideoque
329 3042 398 3074 ex
439 3026 549 3075 iure
590 3026 835 3092 positivo.
918 3025 1005 3076 Sic
1046 3044 1091 3076 v.
1137 3043 1187 3091 g.
1237 3039 1282 3085 2,
1331 3039 1376 3086 2,
1429 3043 1477 3091 q.
1522 3025 1608 3085 66,
1652 3042 1696 3075 a.
1743 3038 1770 3073 2
1814 3025 1882 3073 ad
1932 3038 1949 3073 Ι

58 3105 154 3156 ait:
212 3105 612 3158 «Communitas
664 3125 837 3157 rerum
887 3108 1190 3158 attribuitur
1237 3107 1332 3156 iuri
1380 3106 1627 3167 naturali,
1687 3123 1793 3156 non
1835 3107 1956 3171 quia

57 3185 136 3236 ius
176 3188 412 3239 naturale
441 3189 606 3239 dictat
640 3190 817 3239 omnia
857 3190 1185 3255 possidenda
1213 3206 1329 3239 esse
1370 3189 1723 3238 communiter
1751 3197 1802 3237 et
1830 3187 1955 3237 nihil

58 3284 172 3318 esse
224 3271 372 3335 quasi
424 3272 697 3336 proprium
750 3272 1150 3337 possidendum,
1208 3271 1304 3320 sed
1358 3271 1480 3336 quia
1531 3269 1822 3319 secundum
1879 3270 1956 3319 ius

59 3350 292 3400 naturale
321 3369 426 3402 non
456 3361 534 3402 est
576 3353 841 3402 distinctio
881 3354 1294 3419 possessionum,
1338 3352 1433 3401 sed
1462 3351 1631 3416 magis
1658 3352 1955 3401 secundum
