2182 3682
480 146 634 176 CAPUT
667 145 726 174 IV.
778 143 840 171 DE
873 141 1155 171 VIRTUTIBUS
1190 141 1247 169 ET
1281 140 1434 169 VITIIS.
1810 139 1907 192 107

770 274 1095 316 ARTICULUS
1128 275 1158 312 Ι.

706 389 797 434 DE
835 386 1214 433 HABITIBUS.

258 506 322 558 (S.
365 508 504 546 leom.
545 518 577 554 Ι,
615 517 652 554 2,
687 520 727 557 q.
760 514 815 554 49
840 518 928 556 sqq.
995 505 1161 548 Βίωνες,
1195 501 1317 552 Disp.
1353 501 1536 552 metaph.
1573 499 1665 551 44.)

31 637 103 677 12
120 636 170 674 Ι.
251 623 521 689 Quoniam
548 624 710 673 virtus
737 630 790 671 et
816 622 1001 671 vitium
1029 619 1097 669 ad
1128 636 1300 684 genus
1327 617 1606 666 habituum
1634 616 1914 681 pertinent,

23 715 307 772 antequam
337 705 404 755 de
431 705 624 754 virtute
652 720 890 769 agamus,
935 701 1201 768 quaedam
1230 700 1298 749 de
1326 699 1598 748 habitibus
1626 698 1919 763 generatim

25 788 414 856 praemittenda
452 794 588 836 sunt.

97 884 134 934 Ι.
190 884 464 951 Dcfinitio.
548 882 780 932 Habitus
835 882 885 930 in
946 896 1141 945 genere
1199 878 1448 927 definitur
1503 877 1571 926 ab
1628 875 1922 925 Aristolele

27 965 283 1032 (Metaph.
316 965 346 1016 l.
379 980 426 1027 4,
460 982 502 1015 c.
531 966 642 1029 20):
676 963 971 1029 dispositio,
1003 960 1301 1010 secundum
1329 976 1490 1025 quam
1519 959 1657 1008 bene
1680 957 1761 1006 vel
1785 957 1922 1007 male

28 1048 324 1113 disponitur
376 1047 692 1113 dispositum
742 1044 1106 1108 (subiectum),
1161 1051 1253 1091 aut
1292 1040 1587 1091 secundum
1627 1057 1684 1089 se
1723 1048 1815 1090 aut
1855 1041 1923 1089 ad

27 1129 166 1180 aliud
207 1129 280 1194 (S.
324 1129 507 1179 sliam.
546 1128 575 1178 1.
608 1146 650 1178 c.
683 1145 727 1178 a.
768 1128 828 1191 Ι).
897 1125 1117 1192 Duplex
1156 1124 1382 1174 habetur
1422 1140 1590 1188 genus
1618 1122 1922 1172 habituum:

28 1211 111 1262 alii
150 1212 456 1261 immediate
497 1211 672 1260 insunt
711 1209 1040 1259 substantiae
1080 1206 1291 1257 animae
1329 1206 1516 1271 (gratia
1544 1204 1922 1267 sanctificans);

29 1292 113 1344 alii
171 1294 349 1343 insunt
408 1293 773 1352 facultatibus,
836 1299 889 1341 et
946 1291 999 1339 hi
1058 1297 1316 1339 vocantur
1374 1288 1585 1337 habitus
1641 1287 1925 1351 Operativi.

32 1375 263 1426 Habitus
314 1376 398 1425 hic
439 1376 619 1425 stricte
660 1383 904 1440 sumptus
945 1372 1227 1439 definitur:
1281 1370 1521 1435 qualitas
1561 1369 1787 1436 difficile
1827 1387 1929 1418 mo-

32 1457 170 1518 bilis,
202 1457 475 1522 polentiae
512 1456 866 1522 superaddita
909 1463 959 1504 et
996 1455 1074 1504 ad
1102 1454 1323 1503 eandem
1354 1452 1723 1501 adiuvandam
1742 1460 1848 1516 per
1875 1468 1929 1500 sc

25 1540 208 1607 primo
250 1540 506 1589 ordinata
549 1538 779 1603 (Sineres
819 1537 849 1586 l.
894 1555 937 1587 c.
980 1549 1107 1586 sect.
1161 1537 1222 1599 Ι).
1304 1535 1534 1584 Dicitur:

114 1651 153 1686 Ι.
199 1636 437 1701 qualitas
467 1635 738 1701 polentiae
776 1633 1142 1699 superaddila.
1213 1632 1311 1681 Per
1350 1631 1454 1681 hoc
1495 1633 1543 1694 a)
1574 1630 1932 1680 excluduntur

33 1717 268 1779 habitus,
328 1719 419 1783 qui
472 1719 643 1768 inesse
695 1724 920 1783 possunt
974 1715 1302 1764 substantiae
1358 1714 1590 1773 animae,
1649 1713 1704 1775 b)
1758 1712 1931 1761 distin-

34 1800 208 1867 guitur
270 1800 481 1850 habitus
545 1817 576 1850 a
640 1799 894 1865 potentia.
975 1798 1034 1846 Id
1103 1797 1341 1863 potentia
1406 1804 1458 1845 et
1523 1795 1733 1844 habitus
1793 1812 1933 1844 com-

35 1900 193 1932 mune
233 1882 448 1944 habent,
493 1882 640 1948 quod
681 1889 804 1931 sunt
844 1880 1090 1946 proxima
1130 1878 1353 1928 actionis
1394 1878 1664 1943 principia,
1707 1877 1803 1926 sed
1845 1895 1934 1942 po-

35 1965 196 2014 tentia
252 1974 332 2013 est
387 1964 647 2014 eiusmodi
703 1962 1016 2029 principium
1073 1979 1106 2010 a
1163 1969 1363 2010 natura
1420 1960 1664 2020 inrisum,
1726 1959 1939 2008 habitus

36 2064 160 2096 vero
218 2064 325 2095 non
382 2054 461 2096 est
513 2047 681 2112 prima
735 2044 958 2095 facultas
1010 2045 1135 2093 data
1186 2060 1215 2092 a
1268 2051 1481 2102 natura,
1538 2042 1633 2091 sed
1688 2042 1823 2091 hanc
1873 2040 1939 2090 fa-

37 2127 287 2179 cultatem
326 2129 582 2194 supponit
622 2129 776 2194 eique
829 2126 1129 2192 adiungitur
1179 2135 1453 2190 tamquam
1501 2124 1941 2189 comprincipium

37 2211 285 2274 actionis3

114 2321 159 2357 2.
205 2306 444 2373 qualitas
496 2307 724 2373 difficile
776 2305 991 2355 mobilis
1037 2322 1127 2354 sca
1168 2322 1235 2353 ex
1273 2322 1329 2353 sc
1368 2302 1612 2362 stabilis,
1665 2302 1806 2351 unde
1858 2302 1943 2351 ha-

41 2389 178 2439 bitus
231 2398 343 2439 tum
385 2406 414 2439 a
456 2390 805 2455 dispositione
854 2395 1284 2454 pertranseunte,
1341 2394 1454 2434 tum
1496 2385 1563 2434 ab
1606 2384 1813 2434 actibus
1854 2401 1944 2450 po-

41 2472 237 2521 tentiae
289 2471 654 2537 distinguitur,
710 2471 824 2536 qui,
880 2487 1000 2519 cum
1055 2469 1122 2519 ab
1175 2467 1367 2518 actuali
1418 2467 1623 2516 influxu
1674 2466 1946 2532 potentiae

43 2554 337 2619 pendeant,
391 2562 513 2603 sunt
565 2553 715 2619 quasi
770 2553 821 2601 in
875 2552 1127 2602 continuo
1182 2550 1322 2613 fieri3
1377 2549 1591 2599 habitus
1631 2566 1756 2598 vero
1808 2548 1946 2598 hanc

48 2635 461 2701 dependentiam
523 2653 630 2685 non
691 2635 886 2695 habet,
956 2633 1052 2684 sed
1113 2641 1356 2683 cessante
1415 2631 1614 2680 influxu
1677 2631 1947 2697 potentiae

47 2726 249 2779 manet,
313 2735 420 2767 non
475 2725 532 2767 ut
587 2726 738 2767 actus
792 2716 1088 2776 secundus,
1151 2715 1246 2764 sed
1303 2723 1360 2763 ut
1415 2722 1564 2763 actus
1623 2714 1824 2779 primus
1879 2712 1947 2762 ad

47 2798 150 2849 hoc
193 2800 483 2861 ordinatus,
527 2808 585 2850 ut
625 2800 921 2866 potentiam
963 2800 1030 2848 ad
1072 2805 1251 2847 actum
1294 2795 1589 2846 secundum
1633 2795 1950 2845 eliciendum

49 2882 290 2944 adiuvet;

127 2992 172 3041 3.
228 2978 307 3028 ad
351 2978 585 3028 eiusdem
626 2977 899 3043 polentiae
955 2976 1318 3042 operationem
1364 2983 1471 3039 per
1524 2992 1580 3023 se
1624 2973 1810 3037 primo
1872 2989 1951 3021 ον-

54 3058 268 3122 dinam,
323 3060 515 3126 quibus
572 3060 745 3110 verbis
799 3058 1099 3108 declaratur
1150 3057 1268 3107 finis
1320 3066 1373 3106 et
1429 3056 1666 3106 efficacia
1721 3054 1948 3103 habitus.

55 3140 132 3190 Ut
181 3143 393 3208 propria
444 3143 575 3192 ratio
629 3142 901 3208 potentiae
952 3142 1003 3190 in
1055 3140 1367 3189 habitudine
1421 3139 1489 3188 ad
1531 3145 1731 3187 certam
1772 3152 1953 3201 opera-

55 3222 254 3272 tionem
311 3225 576 3285 consistit,
634 3225 705 3273 ita
760 3223 973 3272 habitus
1026 3239 1243 3288 quoque
1296 3229 1353 3269 ut
1404 3220 1676 3286 potentiae
1728 3216 1952 3283 qualitas

58 3312 241 3354 natura
279 3321 375 3355 sua
413 3307 483 3355 ad
524 3307 890 3371 operationem
933 3304 1187 3354 referatur
1228 3319 1447 3351 necesse
1489 3310 1581 3350 est.
