2182 3682
106 158 204 186 CAP.
236 157 302 186 111.
345 157 407 185 DE
440 155 679 184 BONITATE
712 155 771 183 ET
806 155 1006 183 MALITIA
1040 155 1217 183 MORALI
1251 156 1449 184 ACTUUM
1485 157 1810 186 HUMANORUM.
1874 150 1939 210 87

49 292 471 344 convenientiam
522 298 833 356 supponunt
885 306 1112 354 eamque
1168 291 1564 340 accidentaliter
1613 294 1939 355 modificant,

45 380 300 425 vocantur
359 372 781 422 circumstantiae
847 371 1042 420 obiecti
1101 372 1548 435 (circumstantiae
1609 375 1939 441 obiectivae).

46 455 138 529 A?
140 456 273 504 imus
314 454 397 503 hic
439 454 506 503 de
548 453 1345 521 obiQQffliEJWSESQ-QQ«§.1322ssAE-

120 550 165 598 3.
221 536 344 584 Non
391 535 672 584 asserimus
713 551 927 583 omnem
982 541 1155 583 actum
1199 533 1485 584 voluntatis
1536 553 1631 600 per
1671 536 1942 587 obiectum

43 619 93 668 in
146 625 289 667 certa
339 617 516 682 specie
564 617 769 665 virtutis
810 616 1084 676 constitui,
1138 616 1233 665 sed
1267 633 1464 686 *sensus
1505 626 1610 666 est:
1665 627 1841 677 actus,
1895 621 1947 669 si

44 699 181 749 circa
221 698 490 748 obiectum
545 697 829 747 honestum
870 698 971 746 sub
1014 698 1215 746 ratione
1267 697 1476 747 honesti
1518 707 1820 761 exercetur,
1876 702 1942 750 ab

45 779 134 830 illo
176 779 340 829 habet
379 797 528 829 suam
570 774 803 845 speciem
847 780 1113 829 bonitatis.

48 909 149 974 98.
232 913 395 959 Prob.
437 926 477 959 1.
541 909 968 982 Qilibetjictus
995 911 1331 976 specificatur
1358 911 1425 960 ab
1455 911 1668 961 obiecto
1710 912 1943 975 formali;

45 992 186 1042 idem
228 1009 357 1058 ergo
386 994 545 1042 etiam
587 993 654 1042 de
684 1000 806 1042 actu
848 993 1076 1043 honesto
1119 993 1406 1043 dicendum
1450 1002 1554 1055 est3
1598 994 1947 1059 supponimus

45 1075 183 1124 enim
226 1092 347 1125 eum
387 1075 580 1124 versari
622 1075 759 1124 circa
800 1074 1082 1124 honestum
1119 1084 1175 1124 ut
1213 1092 1365 1124 suum
1396 1075 1666 1125 obiectum
1708 1076 1943 1126 formale.

119 1173 285 1220 Prob.
323 1186 366 1220 2.
459 1172 800 1222 Inductione:
863 1170 1038 1220 Actus
1093 1171 1320 1220 iustitiae
1370 1189 1417 1221 v.
1473 1189 1523 1237 g.
1583 1172 1706 1221 ideo
1763 1181 1842 1222 est
1896 1173 1949 1223 in

44 1252 135 1303 tali
185 1254 364 1319 specie
404 1243 632 1315 virtutis,
689 1253 810 1319 quia
862 1253 1025 1302 habet
1075 1271 1173 1318 pro
1215 1253 1430 1302 obiecto
1478 1254 1557 1302 ius
1598 1252 1807 1303 alterius
1847 1272 1948 1304 ser-

45 1336 302 1396 vandum,
358 1344 410 1385 et
462 1353 555 1401 per
606 1335 710 1385 hoc
765 1335 1104 1400 distinguitur
1155 1335 1222 1385 ab
1265 1344 1384 1385 actu
1441 1337 1825 1402 temperantiae
1866 1336 1949 1386 vel

47 1417 292 1477 caritatiS,
336 1426 434 1467 etc.

50 1561 150 1614 99.
236 1549 434 1600 Coroll.
504 1551 648 1616 Ergo
692 1550 902 1599 bonitas
941 1550 1174 1600 formalis
1203 1557 1255 1599 et
1283 1552 1563 1600 intrinseca
1591 1558 1743 1600 actus
1770 1551 1950 1601 volun-

47 1633 169 1682 tatis
219 1641 299 1682 est
349 1632 615 1682 lemz'cnll'a
657 1633 887 1697 plerissl'ccz
929 1641 981 1681 el
1028 1633 1202 1681 realis
1253 1642 1404 1682 actus
1444 1634 1494 1682 in
1537 1633 1807 1682 obiectum
1860 1633 1952 1683 ho-

48 1721 257 1764 nestum
298 1715 396 1764 sub
441 1716 641 1764 ratione
694 1714 903 1764 honesti
954 1732 1045 1763 seu
1090 1714 1327 1764 eiusdem
1370 1723 1520 1764 actus
1567 1714 1789 1780 physica
1841 1732 1952 1780 per-

48 1796 233 1857 fectio,
282 1805 443 1863 prout
484 1805 703 1846 conotat
756 1797 1180 1846 convenientiam
1234 1797 1301 1846 ad
1357 1806 1600 1846 naturam
1642 1797 1952 1846 rationalem

47 1886 102 1928 ut
153 1879 228 1928 sic
270 1877 500 1942 (Sual‘az’
539 1878 569 1928 l.
615 1896 657 1928 c.
703 1879 835 1944 disp.
882 1893 942 1941 4,
996 1887 1122 1928 sect.
1169 1892 1226 1939 2,
1283 1897 1330 1928 n.
1378 1880 1444 1943 3).
1526 1878 1667 1928 Nam
1707 1879 1954 1929 voluntas

47 1960 271 2027 physice
312 1969 364 2010 et
416 1960 623 2010 realiter
676 1962 847 2010 tendit
898 1962 947 2009 in
1002 1960 1341 2010 honestatem
1390 1961 1586 2010 obiecti
1627 1970 1679 2010 et
1731 1962 1799 2010 ab
1852 1962 1952 2011 hac

47 2042 396 2108 specificatur.
477 2043 643 2109 Igitur
682 2060 789 2092 non
830 2042 1154 2092 sufficienter
1194 2043 1465 2109 explicant
1517 2043 1813 2093 bonitatem
1855 2043 1952 2092 for-

51 2124 269 2186 malem,
326 2125 415 2191 qui
456 2126 639 2175 dicunt
683 2142 801 2175 eam
843 2142 958 2175 esse
1010 2126 1320 2175 relationem
1364 2126 1764 2175 convenientiae
1805 2134 1953 2176 actus

50 2207 119 2256 ad
160 2215 403 2257 naturam
445 2206 757 2257 rationalem
799 2224 902 2273 qua
951 2207 1128 2258 talem.
1212 2208 1288 2259 Ut
1339 2216 1515 2258 tamen
1570 2208 1702 2257 haec
1744 2208 1954 2258 bonitas

52 2291 425 2340 denominetur
485 2290 628 2340 bona
685 2290 1018 2356 simpliciter,
1083 2290 1222 2340 nulla
1279 2291 1325 2339 ei
1385 2289 1581 2339 malitia
1636 2291 1955 2356 adiungatur

52 2380 291 2438 oportet,
335 2373 634 2422 secundum
675 2372 832 2422 illud:
893 2373 1128 2422 «bonum
1172 2390 1240 2421 ex
1281 2374 1487 2437 integra
1528 2389 1710 2433 causa,
1755 2372 1955 2422 malum

53 2472 123 2504 ex
174 2454 414 2521 quolibet
467 2454 732 2504 defectu».
816 2455 890 2505 Ut
942 2454 1106 2504 homo
1158 2454 1467 2520 simpliciter
1516 2471 1676 2504 sanus
1715 2463 1952 2516 vocetur,

55 2535 197 2586 nulla
249 2554 317 2586 ex
368 2545 518 2603 parte
559 2537 723 2586 debet
763 2554 880 2586 esse
932 2545 1211 2602 aegrotus:
1267 2538 1339 2586 ita
1391 2543 1569 2598 actus,
1624 2545 1682 2586 ut
1733 2537 1798 2586 sit
1838 2537 1953 2585 sim-

55 2618 260 2685 pliciter
298 2620 499 2680 bonus,
550 2618 693 2668 nulla
733 2636 800 2668 ex
842 2628 991 2684 parte
1032 2618 1204 2668 malus
1243 2619 1308 2669 sit
1350 2627 1576 2685 oportet.
1659 2618 1951 2680 Praeterea,

55 2707 110 2751 ut
149 2700 281 2751 haec
322 2701 533 2751 bonitas
573 2701 639 2750 sit
679 2701 926 2762 moralis,
971 2701 1135 2751 debet
1176 2719 1290 2751 esse
1331 2701 1521 2751 libera.

66 2843 205 2884 100.
284 2833 460 2884 Sclwl.
506 2850 554 2884 J.
634 2835 884 2883 Diximus
924 2833 1262 2882 honestatem
1306 2832 1583 2882 formalem
1625 2850 1740 2882 esse
1780 2832 1956 2898 physi-

59 2932 174 2965 cam
216 2916 491 2966 entitatem
531 2917 583 2965 in
625 2924 745 2966 actu
785 2915 1074 2965 voluntatis
1113 2932 1207 2965 seu
1250 2915 1527 2980 physicam
1569 2915 1807 2964 eiusdem
1847 2922 1956 2963 ten-

60 2997 293 3047 dentiam
344 2999 395 3048 in
446 2999 718 3049 obiectum
771 2998 1073 3048 honestum.
1166 2995 1364 3062 Quaeri
1417 3004 1621 3063 potest,
1677 2996 1955 3061 quomodo

58 3078 190 3129 haec
231 3080 463 3142 realitas,
509 3097 667 3147 quam
710 3081 1038 3130 lzmzeslaz‘em
1077 3097 1360 3140 vocamus,
1404 3097 1461 3128 se
1502 3079 1698 3127 habeat
1739 3078 1805 3127 ad
1849 3077 1957 3126 reli-

58 3177 221 3226 quum
273 3180 385 3212 esse
429 3163 710 3228 physicum
763 3171 913 3213 actus
964 3161 1266 3212 voluntatis.
1360 3161 1469 3210 Alii
1521 3160 1749 3210 eandem
1801 3176 1957 3224 quae-

20 3243 284 3293 stionem
336 3244 441 3294 hoc
493 3245 658 3294 modo
715 3253 1049 3311 proponunt:
1108 3252 1284 3293 utrum
1342 3243 1641 3293 obiectum.
1672 3241 1956 3290 honestum

60 3323 257 3384 tribuat
296 3327 438 3376 actui
476 3325 764 3377 voluntatis
802 3326 1038 3392 speciem
1067 3343 1175 3377 non
1202 3324 1373 3375 solum
1415 3324 1472 3374 2'72
1505 3341 1706 3389 genere
1746 3340 1954 3372 morum
