2182 3682
215 203 312 264 148
613 209 726 240 PARS
761 211 789 241 Ι.
842 209 1157 241 PHILOSOPHIA
1191 210 1399 240 MORALIS
1436 209 1719 241 GENERALIS.

204 347 370 394 raliter
418 355 466 394 et
510 347 761 394 moraliter
810 363 921 394 cum
971 362 1030 394 eo
1080 356 1430 404 conectuntur,
1477 348 1699 395 subdz'sts
1745 348 1785 395 si
1830 363 1920 410 per
1955 363 2008 396 se
2042 349 2117 397 his

204 421 343 468 malis
381 436 537 482 aeque
563 430 814 481 vexantur,
852 437 986 478 conc„
1025 421 1064 469 si
1100 422 1255 468 solum
1293 437 1382 483 per
1414 421 1661 479 accidens,
1699 422 1876 470 iterum
1898 423 2119 471 sublim..-

205 496 243 543 si
278 497 400 543 boni
435 496 560 543 haec
595 497 725 543 mala
763 496 948 544 facilius
977 497 1189 543 tolerant
1213 505 1261 543 et
1285 496 1568 544 testimonio
1593 497 1758 544 bonae
1785 497 2117 545 conscientiae

206 580 254 618 et
289 587 376 633 spe
412 571 541 618 vitae
577 571 765 619 futurae
803 570 1067 633 eriguntur,
1106 586 1236 631 wege,
1274 586 1429 629 secus,
1466 576 1616 619 trans.
1679 571 1967 620 Contradist.
2004 574 2114 621 min.
2150 625 2153 627 ,

205 652 250 692 et
282 662 396 707 nego
434 662 551 693 cons.

280 723 420 768 Bona
467 729 515 768 et
561 722 691 768 mala
737 720 877 768 huius
924 720 1078 779 vitae,
1131 735 1257 783 quae
1307 736 1419 768 cum
1464 720 1582 769 vitio
1633 730 1680 769 et
1715 721 1890 769 virtute
1940 737 2116 770 conec-

202 804 391 855 tuntur,
442 812 545 843 non
594 797 751 843 solum
799 811 911 843 cum
958 795 1039 854 iis,
1092 796 1178 843 sed
1220 796 1367 843 etiam
1417 812 1528 843 cum
1578 796 1682 844 aliis
1731 796 1887 844 causis
1925 801 2135 844 conexa
2172 812 2176 813 ⁷

203 880 337 929 sunt,
388 887 515 932 quae
563 871 625 917 ab
662 870 944 918 hominibus
983 886 1086 918 non
1124 871 1372 933 pendent3
1420 871 1513 918 hae
1550 881 1714 919 autern
1749 872 1953 920 subsunt
1988 873 2115 931 Deo,

201 962 307 994 non
353 955 405 993 ut
451 955 523 993 est
568 946 842 1007 legislator,
893 946 982 993 sed
1027 954 1078 993 ut
1115 955 1186 993 est
1212 948 1438 1009 previsor
1473 946 1800 1008 singulorum,
1851 946 2116 1008 unicuique
2165 973 2170 978 ·

203 1021 267 1068 de
317 1021 461 1068 bonis
513 1029 560 1067 et
610 1020 750 1068 malis
800 1020 941 1068 huius
991 1021 1120 1069 vitae
1168 1021 1566 1080 subministrans,
1622 1031 1859 1082 quantum
1908 1023 1953 1069 ei
2002 1038 2117 1069 con-

202 1112 378 1158 gruere
414 1095 609 1143 noverit
646 1092 711 1158 (S.
759 1096 938 1153 Tlmm„
979 1096 1033 1144 C.
1073 1106 1203 1158 gent.
1242 1097 1272 1144 l.
1312 1113 1356 1157 3,
1397 1114 1437 1144 c.
1483 1093 1609 1157 141).
1677 1099 1940 1145 Praeterea
1976 1097 2116 1144 malis

202 1172 266 1219 de
316 1171 456 1219 huius
506 1170 635 1218 vitae
685 1171 827 1218 bonis
874 1171 1075 1233 largitur
1122 1172 1173 1218 in
1226 1171 1689 1233 compensationem
1740 1172 1988 1219 bonorum
2040 1189 2116 1219 ac-

200 1255 351 1304 tuum,
390 1262 514 1308 quos
550 1255 742 1309 ponunt
778 1255 826 1294 et
861 1261 952 1309 pro
991 1247 1166 1308 quibus
1203 1246 1253 1293 in
1290 1246 1388 1293 vita
1426 1246 1584 1293 futura
1620 1246 1905 1295 mercedem
1930 1248 2114 1295 nullam

201 1322 464 1384 accipient.

283 1430 385 1470 Obi.
421 1440 462 1481 5.
532 1422 814 1469 Secundum
861 1422 1116 1484 praedicta
1154 1423 1288 1469 Deus
1325 1422 1449 1479 wilt,
1498 1429 1550 1469 ut
1588 1430 1721 1469 metu
1757 1436 2031 1484 poenarum
2069 1430 2117 1469 et

200 1513 288 1560 spe
325 1496 658 1559 praemiorum
697 1498 760 1545 ad
795 1498 983 1544 bonum
1019 1512 1319 1545 moveamur.
1394 1498 1532 1557 Ergo
1567 1498 1691 1556 vult,
1742 1505 1792 1544 ut
1827 1496 2114 1558 imperfecte

200 1588 416 1634 agamus.

278 1671 428 1720 Resp.
485 1662 617 1709 Dz‘st.
657 1667 832 1709 antea:
865 1663 983 1708 Vult
1018 1662 1116 1709 hoc
1153 1662 1389 1720 absolute,
1428 1677 1558 1721 nego,
1598 1661 1962 1720 condicionate,
2001 1662 2030 1709 i.
2070 1677 2111 1710 e.

198 1737 248 1784 in
287 1746 523 1798 quantum
562 1738 655 1784 alia
692 1746 740 1784 et
775 1737 1020 1784 nobiliora
1058 1737 1242 1784 motiva
1277 1751 1380 1783 non
1417 1736 1663 1784 sufficiunt
1698 1746 1904 1799 propter
1938 1737 2115 1799 imper-

200 1813 466 1860 fectionem
514 1813 807 1870 humanam,
858 1828 973 1859 conc.
1045 1813 1177 1859 Dz'st.
1220 1829 1371 1859 cans:
1417 1813 1558 1870 Vult,
1608 1821 1658 1859 ut
1703 1813 1856 1859 modo
1904 1811 2113 1874 positive

198 1887 492 1949 imperfecto
532 1903 745 1948 agamus,
785 1903 913 1946 nego,
952 1888 1180 1949 negative
1213 1887 1520 1949 imperfecto,
1560 1888 1588 1934 i.
1617 1903 1658 1934 e.
1686 1887 1847 1934 minus
1872 1888 2110 1948 perfecto,

198 1963 419 2010 subdz'st.:
455 1963 691 2021 absolute,
731 1977 857 2022 nege,
900 1962 1264 2020 condicionate,
1303 1977 1418 2009 conc.

900 2138 1169 2187 THESIS
1206 2139 1408 2186 XXVI.

208 2252 348 2305 173-
433 2252 659 2299 Poenae
713 2257 768 2298 et
818 2250 1073 2311 praemia
1121 2250 1350 2297 alterius
1397 2250 1544 2298 vitae
1601 2264 1714 2298 non
1780 2256 1946 2298 erunt
2006 2263 2110 2311 pro

199 2325 466 2373 omnibus
503 2325 770 2387 aequalia,
811 2332 1048 2387 utraque
1087 2339 1221 2373 vero
1260 2332 1504 2372 aeterna.

624 2442 688 2496 (S.
731 2445 887 2492 Ylmm„
923 2445 969 2484 C.
1004 2451 1119 2497 gent.
1154 2444 1181 2484 1.
1218 2454 1255 2494 3,
1292 2458 1326 2485 c.
1369 2456 1448 2493 142
1484 2452 1525 2484 et
1563 2443 1680 2497 144.)

276 2549 442 2588 PARS
474 2549 506 2588 I.
571 2550 769 2588 Poenae
805 2551 855 2588 et
881 2549 1101 2599 praemia
1136 2579 1144 2587 .
1181 2579 1189 2587 .
1226 2579 1235 2587 .
1269 2560 1367 2586 non
1403 2549 1638 2597 aequaIIa.

273 2651 865 2734 Prob.1.Qpiens
866 2651 1138 2719 legislator
1178 2669 1284 2702 non
1327 2652 1493 2701 debet
1524 2651 1699 2702 solum
1740 2668 1836 2718 per
1874 2650 2109 2718 praemia

197 2733 404 2784 allicere
444 2735 513 2784 ad
555 2735 757 2784 bonum
799 2742 853 2785 et
892 2752 987 2801 per
1026 2751 1230 2801 poenas
1258 2733 1524 2784 retrahere
1552 2752 1582 2784 a
1609 2733 1768 2795 ma10‚
1811 2733 1907 2784 sed
1948 2733 2108 2782 etiam

196 2817 372 2867 bonos
428 2816 637 2867 allicere
692 2818 760 2867 ad
817 2816 1036 2867 meliora
1091 2826 1144 2867 et
1203 2815 1373 2867 malos
1430 2817 1695 2867 retrahere
1750 2833 1782 2867 a
1836 2815 2108 2882 peioribus

199 2897 273 2964 (S.
329 2898 543 2960 Thomu,
598 2898 656 2950 C.
711 2908 854 2965 gent.
911 2899 941 2950 l.
989 2913 1046 2963 3,
1102 2916 1145 2950 6.
1199 2899 1337 2962 142).
1417 2898 1588 2964 Atqui
1639 2899 1789 2948 Deus
1840 2898 1946 2949 hoc
1997 2914 2140 2964 non*

198 2981 419 3042 faceret,
474 2981 515 3031 si
566 2998 775 3047 poenae
827 2999 924 3048 pro
978 2981 1127 3031 malis
1180 2990 1233 3031 et
1285 2981 1521 3048 praemia
1572 2998 1669 3047 pro
1722 2981 1878 3030 bonis
1929 2988 2106 3030 essent

197 3061 452 3129 aequalia.
533 3063 688 3128 Ergo
720 3105 728 3113 .
766 3106 773 3113 .
810 3106 817 3113 .

275 3160 319 3195 2.
363 3145 565 3195 Iustitia
605 3146 938 3195 distributiva
978 3145 1241 3212 postulat,
1291 3152 1347 3195 ut
1386 3145 1623 3212 praemia
1663 3153 1717 3195 et
1758 3162 1964 3211 poenae
2005 3144 2104 3194 dis-

198 3228 495 3277 tribuantur
533 3227 826 3279 secundum
867 3229 1112 3278 meritum
1156 3238 1210 3278 et
1261 3244 1358 3293 pro
1400 3227 1673 3292 dignitate.
1752 3226 1925 3293 Atqui
1970 3225 2104 3276 haec

197 3327 296 3360 nec
337 3310 387 3359 in
429 3309 679 3359 omnibus
729 3309 885 3359 bonis
937 3326 1035 3360 nec
1087 3310 1139 3359 in
1181 3309 1431 3359 omnibus
1483 3308 1633 3358 malis
1682 3317 1805 3358 sunt
1843 3307 2099 3375 aequalia.

197 3392 350 3457 Ergo
383 3433 390 3441 .
425 3433 475 3441 ..
