2182 3682
211 188 317 224 210
618 184 733 213 PARS
768 184 797 214 Ι.
850 183 1165 213 PHILOSOPHIA
1200 182 1404 212 MORALIS
1439 182 1716 212 GENERALTS.

285 322 436 369 Nota.
505 321 675 383 Aliqui
710 322 1011 370 recentiores
1048 330 1273 369 auctores
1310 320 1589 368 existimant
1622 335 1810 368 nomen
1845 318 1960 366 iuris
1995 318 2123 380 posi-

206 397 290 445 tivi
326 392 721 458 restringen'dum
760 412 864 444 esse
901 397 965 444 ad
1001 397 1120 443 illud
1157 396 1242 454 ius,
1283 396 1416 457 quod
1453 395 1504 442 in
1528 396 1638 457 lege
1665 394 1794 442 civili
1820 402 1868 441 et
1891 394 1942 440 in
1966 393 2122 441 libera

207 471 305 520 Dei
351 473 601 519 voluntate
650 472 908 532 fundatur3
960 471 1148 531 reliqua
1195 471 1324 528 iura,
1382 485 1507 531 quae
1554 470 1822 517 fundantur
1867 468 1918 515 in
1965 467 2122 516 libera

206 547 462 594 hominum
498 547 748 593 voluntate
785 546 1184 607 independenter
1221 562 1249 592 a
1283 545 1394 605 lege
1432 544 1585 602 civili,
1625 544 1840 591 dicenda
1873 559 1979 591 esse
2015 542 2122 589 iura

206 622 447 669 naturalia
495 616 726 682 (mediate
775 621 853 667 vel
899 614 1249 681 hypothetice).
1324 620 1423 666 Sed
1471 619 1693 681 quamvis
1737 619 1861 666 haec
1899 618 2120 679 quaestio
2166 611 2175 617 i

205 713 309 744 non
347 697 406 744 sit
441 695 609 757 magni
644 694 884 742 momenti
922 703 969 741 et
1005 694 1166 756 potius
1203 709 1378 740 vocem
1411 709 1557 755 quam
1585 709 1689 741 rem
1714 701 1916 754 spectet,
1954 701 2122 740 tamen

208 787 309 819 non
345 772 512 833 placet
546 770 672 817 haec
709 770 894 832 opinio.
955 769 1086 816 Nam
1123 764 1168 830 a)
1206 768 1395 816 recedit
1431 785 1459 815 a
1493 767 1645 815 modo
1681 767 1935 829 loquendi,
1974 783 2121 828 quem
2150 785 2154 790 ’

208 846 431 908 plerique
480 845 701 906 theologi
748 853 1010 892 tenuerunt
1058 852 1170 905 post
1206 844 1523 890 Aristotelem
1562 839 1688 904 (Eth.
1727 844 1756 889 l.
1798 856 1851 905 5,
1902 859 1944 890 c.
1985 837 2030 903 7)
2075 850 2123 889 et

209 923 254 969 S.
283 921 528 968 Thomam
569 916 631 981 (2,
675 937 714 977 2,
755 936 801 980 q.
833 933 908 981 57,
949 936 990 966 a.
1022 916 1081 979 2).
1145 914 1193 979 b)
1233 918 1282 965 Si
1319 920 1475 965 solum
1514 934 1573 966 ea
1608 918 1714 965 iura
1749 918 1977 965 vocanda
2012 925 2123 964 sunt

207 996 440 1058 positiva,
491 1011 618 1056 quae
667 994 716 1040 in
754 996 864 1055 lege
902 994 1111 1055 positiva
1150 994 1438 1052 fundantur,
1488 994 1674 1040 nullum
1712 993 1854 1040 datur
1889 992 1961 1039 ius
1997 991 2123 1054 posi-

207 1071 358 1118 tivum
406 1072 532 1117 inter
580 1069 797 1117 diversas
841 1069 1082 1116 nationes,
1156 1069 1285 1115 Nam
1322 1084 1423 1116 non
1461 1069 1603 1116 datur
1639 1069 1715 1115 lex
1752 1067 1962 1129 positiva
1997 1066 2125 1114 inter

209 1154 405 1207 gentes,
455 1145 542 1193 sed
591 1145 758 1191 omnia
805 1144 962 1206 pactis
1010 1144 1137 1191 inter
1179 1159 1260 1191 eas
1298 1144 1595 1204 regulantur,
1668 1144 1803 1203 Ergo
1840 1141 1938 1199 ius,
1991 1141 2126 1202 quod

208 1220 467 1282 imperium
501 1219 856 1267 Germanicum
892 1235 1026 1265 nunc
1061 1220 1211 1266 habet
1247 1218 1297 1265 in
1324 1218 1632 1265 Kiautschou
1656 1217 1707 1263 in
1733 1232 1889 1279 regno
1917 1216 2124 1274 Sinensi,

209 1296 476 1343 dicendum
525 1303 651 1342 esset
691 1294 762 1341 ius
798 1295 1036 1341 naturale.
1109 1289 1153 1355 c)
1193 1294 1438 1355 Supponit
1473 1294 1599 1340 haec
1636 1292 1806 1354 opinio
1844 1300 2125 1339 contractus

207 1387 311 1418 non
349 1384 453 1417 esse
490 1369 691 1431 proprie
730 1385 900 1416 causas
937 1368 1133 1425 iurium,
1173 1384 1301 1429 quae
1339 1384 1399 1415 ex
1434 1368 1526 1414 illis
1564 1367 1805 1425 oriuntur,
1844 1367 1931 1414 sed
1967 1368 2124 1414 solum

210 1444 560 1492 condicionem
608 1444 713 1491 sine
763 1460 861 1504 qua
908 1459 1039 1501 non3
1089 1444 1223 1503 quod
1273 1443 1445 1490 falsum
1486 1442 1691 1490 videtur.
1766 1443 1814 1489 Si
1852 1442 2026 1503 aliquis
2064 1442 2125 1488 ab

209 1519 306 1567 alio
344 1519 436 1567 sibi
472 1519 675 1565 domum
713 1518 947 1565 conducit
983 1519 1061 1565 vel
1098 1518 1169 1565 ius
1208 1518 1326 1565 emit
1362 1517 1650 1565 transeundi
1686 1533 1776 1579 per
1812 1533 2008 1578 agrum,
2046 1532 2129 1563 vo-

209 1596 367 1642 luntas
403 1593 797 1642 contrahentium
845 1603 916 1641 est
953 1610 1092 1640 causa
1128 1593 1353 1655 proxima
1389 1593 1529 1640 huius
1565 1593 1705 1651 iuris,
1755 1591 1869 1639 ideo
1909 1591 2126 1653 quilibet,

210 1670 538 1731 interrogatus
576 1685 661 1716 cur
697 1669 768 1716 ius
806 1668 854 1715 in
893 1669 1108 1729 aliquam
1135 1684 1239 1716 rem
1265 1668 1461 1725 habeat,
1501 1668 1661 1715 statim
1695 1667 1979 1727 respondet,
2016 1668 2130 1728 quia

211 1760 321 1792 eam
360 1744 456 1792 emi
492 1745 571 1791 vel
607 1744 742 1791 dono
780 1743 955 1806 accepi
992 1753 1083 1791 etc.
1125 1739 1203 1805 (cf.
1243 1760 1291 1789 n.
1336 1738 1460 1805 192).

217 1885 364 1939 253.
445 1876 538 1926 IV.
581 1876 675 1943 lus
715 1876 771 1926 7'72
812 1894 866 1926 re
909 1877 1071 1926 dividi
1111 1876 1250 1927 solet
1290 1877 1341 1926 in
1382 1877 1461 1926 ius
1502 1876 1553 1925 in
1595 1892 1648 1925 re
1690 1875 2009 1943 PessCCQQ.
2026 1891 2120 1924 seu

215 1958 510 2009 dominimn
540 1959 844 2024 persarum
887 1967 939 2009 et
979 1959 1057 2009 ius
1096 1960 1148 2009 in
1190 1976 1244 2009 re
1284 1958 1654 2025 imperfectum
1695 1975 1786 2008 seu
1829 1957 2122 2021 [lequinium

211 2041 597 2107 imperfectum.
681 2042 992 2091 Dominium
1041 2041 1339 2107 perfectum
1398 2050 1476 2091 est
1517 2041 1601 2090 ius
1640 2040 1696 2090 2'72
1737 2039 2169 2106 mn{aufe-74⁷dvm-„5m

211 2141 267 2173 se
306 2123 386 2172 ad
420 2141 625 2173 onmem
666 2124 777 2174 eius
816 2141 991 2175 usum
1032 2124 1143 2173 722'52'
1166 2132 1276 2189 per
1315 2122 1557 2173 accidens
1599 2122 1715 2188 lege
1743 2121 2119 2187 prohibeatur.

213 2205 524 2255 Dominium
564 2206 935 2272 imperfectum
976 2215 1057 2256 est
1096 2207 1175 2256 ius
1215 2207 1266 2255 in
1309 2223 1363 2255 re
1403 2204 1789 2271 imperfectum.

288 2294 415 2344 Iuris
454 2295 505 2344 in
548 2312 602 2344 re
643 2295 950 2360 impeafectz‘
987 2294 1165 2361 plures
1205 2295 1411 2361 species
1452 2294 1859 2359 distinguuntur.
1939 2293 2124 2344 Potest

213 2376 305 2427 sel.
351 2377 469 2443 quis
509 2376 734 2427 habere:

298 2473 339 2510 Ι.
382 2459 466 2509 ius
513 2459 830 2524 disponendi
865 2458 930 2508 de
983 2459 1070 2508 rei
1116 2458 1414 2509 substantia
1457 2458 1773 2523 (dominium
1822 2457 2122 2522 directum),

214 2541 244 2591 i.
288 2558 331 2590 e.
376 2541 455 2590 ius
495 2558 606 2590 rem
646 2541 963 2591 immutandi
1002 2540 1083 2591 vel
1128 2541 1392 2590 alienandi
1431 2539 1580 2590 salvo
1621 2549 1798 2590 tamen
1840 2539 1951 2590 iure
1995 2557 2123 2590 usus

216 2631 270 2672 et
310 2622 523 2684 fructus,
569 2624 825 2689 quamdiu
865 2623 919 2673 id
961 2640 1125 2689 penes
1167 2622 1322 2672 alium
1366 2622 1539 2684 fuerit3

293 2718 339 2755 2.
385 2705 466 2754 ius
515 2706 720 2766 utendi,
770 2706 799 2756 i.
845 2722 887 2755 e.
933 2722 1043 2754 rem
1084 2704 1240 2754 salvis
1282 2705 1393 2754 eius
1432 2704 1732 2754 substantia
1772 2710 1827 2754 et
1868 2703 2125 2754 fructibus

219 2787 285 2836 ad
326 2804 479 2836 suam
519 2787 800 2838 utilitatem
841 2786 1160 2853 applicandi,
1204 2805 1251 2838 v,
1296 2804 1346 2853 g.
1391 2786 1577 2836 utendi
1617 2804 1758 2853 equo
1798 2803 1894 2852 per
1923 2795 2125 2836 certum

217 2877 456 2935 tempus;

296 2964 341 3014 3.
385 2951 470 3000 ius
523 2969 581 3001 re
618 2951 880 3015 fruendi,
934 2951 962 3000 i.
1019 2968 1061 3001 e.
1119 2951 1446 3017 percipiendi
1499 2959 1555 3001 ut
1606 2950 1852 3017 proprios
1899 2949 2121 3012 fructus;

220 3034 319 3099 ius?
353 3033 559 3083 fruendi
611 3032 925 3100 plerumque
977 3051 1098 3083 cum
1149 3034 1259 3082 iure
1310 3033 1495 3083 utendi
1547 3033 1890 3083 coniunctum
1943 3040 2024 3082 est
2074 3040 2128 3082 et

221 3115 325 3165 hoc
380 3133 537 3166 sensu
589 3114 744 3165 simul
796 3116 1090 3166 dominimn
1141 3115 1272 3165 mile
1325 3114 1770 3182 (usum-fructum)
1824 3114 2122 3176 constituit;

296 3212 345 3259 4.
403 3197 486 3247 ius
538 3198 816 3247 servitulis
867 3215 960 3248 seu
1014 3198 1092 3247 ius
1143 3197 1295 3247 alicui
1351 3197 1423 3247 rei
1479 3186 1775 3247 adhaerens
1829 3196 2126 3263 accipiendi

224 3278 439 3345 aliquod
469 3268 818 3330 commodum
849 3297 879 3330 a
907 3297 961 3329 re
989 3279 1174 3330 aliena.
1249 3279 1401 3329 Haec
1430 3286 1510 3329 est
1537 3279 1759 3329 servitus
1788 3278 1972 3341 realis.
2017 3277 2127 3327 Alii

224 3360 512 3427 loquuntur
563 3362 722 3412 etiam
764 3362 832 3412 de
875 3363 1127 3412 servitute
1167 3359 1462 3427 personali,
1515 3361 1545 3412 i.
1590 3378 1633 3411 e.
1679 3361 1747 3410 de
1786 3350 1922 3421 iure,
1977 3360 2124 3426 quod
