2182 3682
207 158 315 222 446
604 167 718 196 PARS
754 166 802 196 11.
852 165 1168 195 PHILOSOPHIA
1201 165 1411 194 MORALIS
1447 162 1697 194 SPECIALIS.

205 300 388 353 titulus
428 301 704 367 proximus
744 301 1096 351 successionis
1125 308 1205 349 est
1237 299 1520 360 hereditaS,
1564 307 1801 349 remotus
1827 316 1953 349 vero
1996 317 2117 351 con·
2166 307 2175 330 *³

207 385 385 435 ventio
425 383 509 433 vel
551 383 743 434 electio
783 383 947 433 semel
990 383 1143 432 facta.
1225 381 1363 431 Fieri
1403 390 1582 431 tamen
1622 389 1830 448 potest,
1884 390 1944 433 ut
1982 384 2118 449 prin-

208 484 336 533 ceps
376 465 592 533 plenam
632 466 908 533 possideat
947 472 1273 531 potestatem
1315 462 1614 530 politicam;
1657 465 1710 514 in
1742 481 1807 514 eo
1841 481 1965 515 casu
2004 465 2120 531 ipse
2168 499 2170 501 >

204 566 301 599 sua
340 548 463 615 lege
502 549 728 598 modum
768 547 1096 598 succedendi
1137 546 1488 596 determinare
1528 555 1723 612 potest.

282 630 337 682 Si
390 631 538 697 leges
591 629 1017 680 fundamentales
1068 629 1292 679 modum
1343 630 1695 679 successionis
1747 629 2118 691 determinant,

207 714 292 763 hic
335 714 471 764 ordo
513 712 630 763 solo
671 713 922 779 principis
964 712 1178 762 arbitrio
1220 712 1410 761 mutari
1449 712 1648 777 nequit,
1700 713 1821 779 quia
1861 712 2124 763 eiusmodi

207 796 356 862 leges
409 796 671 845 ordinarie
722 804 883 862 pacto
937 794 1126 845 saltem
1178 795 1342 845 tacito
1395 795 1530 844 inter
1581 793 1842 861 populum
1894 803 1947 845 et
1986 796 2121 861 prin-

206 879 382 944 cipem
434 879 754 939 innituntur,
806 886 858 928 et
911 878 1135 927 mutatio
1188 877 1458 927 arbitraria
1515 876 1670 926 huius
1722 878 1921 927 ordinis
1971 877 2123 928 facile

204 961 404 1010 bonum
465 960 742 1027 publicum
797 961 849 1010 in
906 960 1190 1010 discrimen
1242 968 1474 1009 vocaret.
1569 959 1905 1010 Hereditaria
1959 967 2122 1010 trans-

205 1043 386 1092 missio
440 1044 722 1110 potestatis
775 1043 1024 1109 publicae
1075 1060 1171 1109 per
1214 1060 1270 1092 se
1323 1041 1572 1092 electioni
1624 1042 1974 1108 praeferenda
2025 1052 2121 1104 est,

208 1127 329 1192 quia
369 1125 503 1176 haec
555 1127 786 1192 partium
838 1126 1015 1176 studia
1057 1134 1109 1175 et
1150 1124 1407 1175 tumultus
1461 1125 1686 1186 excitat,
1741 1124 1828 1175 illa
1867 1143 1995 1176 vero
2037 1143 2124 1175 ex-

208 1207 387 1258 cludit.
458 1208 736 1258 Praeterea
777 1208 1094 1258 hereditaria
1133 1208 1400 1258 successio
1441 1208 1665 1273 principi
1706 1209 1961 1258 maiorem
2003 1225 2126 1258 con-

210 1289 350 1340 ciliat
391 1292 739 1340 reverentiam
774 1291 845 1340 ob
888 1291 1096 1356 generis
1125 1289 1476 1351 nobilitatem,
1521 1291 1861 1340 occasionem
1902 1291 2127 1357 praebet

210 1373 255 1422 ei
285 1373 661 1423 educationem
703 1374 964 1438 aptiorem
1000 1372 1352 1439 impertiendi,
1394 1389 1625 1438 eumque
1665 1373 1837 1439 magis
1873 1373 1942 1422 ad
1971 1390 2126 1439 quae-

213 1455 439 1505 rendum
481 1455 687 1505 bonum
729 1473 1013 1505 commune
1041 1454 1281 1521 impellit,
1326 1471 1559 1521 quocum
1589 1471 1715 1505 suae
1745 1454 1971 1506 familiae
1998 1454 2127 1505 utili-

214 1545 382 1588 tatem
423 1538 606 1587 intime
648 1555 914 1588 conexam
955 1538 1116 1588 videt.

289 1640 335 1677 2.
388 1627 661 1678 Eleclione
700 1629 752 1677 in
793 1629 1148 1694 principatum
1189 1628 1519 1689 succeditur,
1577 1645 1700 1678 cum
1740 1646 1847 1678 uno
1889 1628 2127 1695 principe

213 1718 421 1760 remoto
464 1711 511 1760 ei
551 1710 681 1759 alius
722 1710 1047 1776 subrogatur
1085 1711 1339 1776 suffragio
1393 1710 1580 1776 populi
1636 1719 1727 1760 aut
1767 1710 1983 1761 alicuius
2024 1709 2127 1760 col-

213 1791 350 1858 legii.
433 1792 531 1842 Per
570 1809 627 1843 se
666 1802 817 1859 patet
868 1810 976 1843 non
1028 1810 1189 1859 posse
1230 1792 1403 1842 valide
1456 1792 1579 1859 eligi
1618 1809 1905 1859 personam
1945 1793 2014 1843 ad
2056 1810 2129 1842 re-

214 1874 454 1940 gendum
494 1892 710 1942 prorsus
750 1876 988 1942 ineptam
1028 1884 1189 1942 atque
1223 1875 1482 1925 electores
1523 1875 1754 1941 graviter
1794 1875 2018 1941 obligari
2059 1875 2128 1925 ad

217 1957 525 2023 eligendum
568 1958 886 2024 digniorem.

220 2104 365 2170 605.
449 2121 494 2171 3.
535 2106 744 2156 Tertius
785 2107 980 2156 modus
1009 2107 1336 2156 succedendi
1365 2115 1445 2156 est
1485 2106 1569 2155 ins
1608 2106 1872 2156 21'2‘62‘07‘2'628
1911 2106 1967 2155 ἶφι
1995 2105 2130 2155 iusto

214 2189 383 2250 bello,
436 2190 651 2255 quando
694 2190 941 2239 nimirum
994 2190 1042 2253 a)
1085 2190 1340 2239 securitas
1393 2189 1567 2254 gentis
1607 2188 1834 2239 victricis
1874 2186 2128 2254 postulat,

216 2280 274 2321 ut
314 2289 447 2337 gens
487 2272 625 2322 victa
666 2289 761 2322 sua
800 2272 1219 2338 independentia
1259 2271 1510 2338 privetur,
1553 2280 1645 2321 aut
1685 2280 1743 2320 ut
1782 2270 1973 2321 saltem
2001 2271 2129 2320 eius-

217 2354 342 2403 dem
382 2355 662 2420 imperium
693 2362 938 2415 mutetur,
981 2353 1065 2403 vel
1107 2355 1162 2417 b)
1206 2353 1438 2420 populus
1467 2354 1637 2403 victus
1665 2354 1716 2403 in
1745 2370 1978 2420 poenam
2018 2369 2131 2418 gra—

216 2437 361 2486 vium
413 2437 692 2486 criminum
732 2454 828 2486 sua
881 2436 1125 2487 libertate
1178 2437 1368 2502 privari
1421 2444 1665 2486 meretur.
1747 2434 1874 2486 Sola
1912 2436 2133 2486 victoria

219 2518 287 2568 de
328 2535 385 2568 se
425 2536 535 2569 non
576 2527 657 2569 est
697 2519 880 2568 titulus
921 2520 989 2569 ad
1030 2518 1292 2585 populum
1342 2517 1574 2585 aliquem
1614 2535 1710 2568 sua
1749 2518 1994 2568 libertate
2034 2518 2132 2584 pri-

221 2601 475 2651 vandum.

294 2705 344 2753 4.
400 2690 487 2740 De
533 2692 794 2757 emplione
844 2700 896 2741 et
943 2691 1255 2741 venditione.
1339 2689 1652 2755 Quaeritur,
1707 2708 1835 2740 num
1887 2690 2135 2756 princeps

221 2774 392 2839 possit
438 2774 516 2823 ius
568 2791 721 2823 suum
772 2774 842 2823 ad
894 2774 1251 2840 principatum
1306 2772 1456 2823 alteri
1506 2773 1739 2823 vendere
1790 2772 1874 2822 vel
1916 2773 2131 2821 donare.

231 2856 276 2918 Ι)
319 2855 528 2905 Dicitur
563 2857 894 2921 «princeps»,
939 2857 1062 2922 quia
1091 2855 1350 2921 populum
1392 2871 1698 2921 supremam
1739 2862 2065 2921 potestatem
2105 2870 2136 2902 a

223 2955 280 2987 se
321 2938 571 2988 abdicare
613 2947 667 2988 et
706 2939 804 2988 sibi
850 2939 1146 3004 principem
1198 2938 1394 3004 eligere
1445 2954 1606 3004 posse
1647 2937 1715 2987 ab
1758 2937 2005 2986 omnibus
2044 2935 2133 2986 ad-

225 3020 460 3070 mittitur.
545 3021 596 3085 2)
637 3020 851 3070 Nemini
904 3021 1124 3070 dubium
1167 3030 1273 3082 est,
1329 3020 1457 3086 quin
1510 3020 1758 3086 princeps
1797 3035 1947 3069 suam
1988 3026 2135 3084 pote-

224 3110 416 3152 statem
476 3102 528 3151 in
586 3102 748 3152 alium
813 3102 1091 3152 transferre
1157 3103 1355 3168 possit,
1424 3102 1467 3151 si
1525 3101 1757 3168 populus
1820 3101 2132 3151 consentiat.

228 3185 280 3249 3)
320 3184 529 3250 Populo
569 3184 733 3234 invito
768 3184 1016 3250 princeps
1043 3185 1097 3234 id
1127 3185 1299 3235 facere
1340 3184 1539 3250 nequit,
1583 3184 1627 3233 si
1667 3183 1932 3233 successio
1973 3189 2135 3248 pacto

228 3266 362 3316 inter
413 3266 708 3332 principem
759 3273 812 3316 et
862 3265 1124 3332 populum
1178 3267 1421 3316 ordinata
1473 3274 1582 3326 est,
1639 3282 1814 3331 neque
1859 3265 1912 3314 id
1965 3263 2138 3314 facere

232 3356 411 3414 potest
451 3349 502 3398 in
544 3364 695 3410 casn,
749 3349 801 3398 in
843 3366 949 3414 quo
1003 3366 1097 3415 per
1137 3347 1298 3398 talem
1350 3347 1751 3398 translationem
1802 3347 1880 3396 ius
1927 3345 2139 3396 alterius
