2182 3682
216 161 322 210 430
616 157 729 185 PARS
765 157 812 186 11.
862 157 1179 186 PHILOSOPHIA
1211 158 1414 187 MORALIS
1451 158 1698 188 SPECIALIS.

295 186 322 196 -t

214 293 257 342 si
308 292 550 343 Ecclesia
600 293 752 343 alicui
804 293 910 343 hoc
961 293 1273 343 mandatum
1312 293 1617 355 subtrahat,
1671 293 1758 343 ille
1797 311 1906 344 non
1946 303 2127 361 potest

214 374 420 441 absque
472 374 706 426 laesione
756 376 879 425 iuris
932 375 1274 425 ecclesiastici
1325 376 1376 425 in
1417 392 1513 425 suo
1555 393 1773 426 munere
1813 393 2126 443 permanere

213 466 303 507 aut
343 475 373 507 a
413 457 674 524 gubernio
715 458 768 508 in
809 458 1004 508 eodem
1045 459 1360 508 conservari.

217 584 362 638 592.
443 589 492 638 4.
539 575 673 626 Cum
714 575 956 626 Ecclesia
996 575 1194 625 habeat
1235 575 1471 626 officium
1513 586 1564 627 et
1604 578 1682 627 ius
1723 578 1792 627 ad
1821 577 2124 644 religiosam
2169 602 2181 611 2

214 658 604 719 educationem,
648 658 813 708 habet
854 658 1014 708 etiam
1055 658 1135 708 ius
1176 658 1244 707 ad
1287 659 1480 720 omnia,
1525 677 1661 725 quae
1701 660 1770 709 ad
1799 659 1905 710 hoc
1933 678 2126 711 munus

215 741 309 789 rite
351 741 714 790 exercendum
755 741 1104 807 requiruntur.
1175 741 1359 791 Potest
1398 742 1572 807 igitur,
1619 743 1661 791 si
1702 742 1806 792 1100
1848 743 1894 792 ei
1935 742 2126 793 alicubi

213 822 281 872 ad
335 822 637 888 religiosam
681 823 1055 873 educationem
1097 824 1452 873 necessarium
1494 824 1761 885 videatur,
1816 825 2126 892 parentibus

213 905 536 971 praecipere,
582 912 639 955 ut
679 905 905 955 infantes
946 924 1041 972 per
1070 914 1274 956 certum
1304 915 1516 973 tempus
1544 906 1595 956 in
1625 907 1855 973 aliquam
1882 907 2123 957 scholam

213 987 441 1037 mittant.
512 986 771 1053 Quamvis
813 989 953 1038 enim
994 988 1241 1038 litteraria
1269 990 1545 1039 instructio
1576 1007 1670 1056 per
1697 1007 1754 1039 se
1783 1007 1890 1039 non
1919 998 2127 1056 spectet

213 1070 282 1118 ad
325 1069 484 1119 finem
525 1070 824 1132 Ecclesiae,
881 1080 1062 1137 potest
1103 1080 1281 1121 tamen
1323 1072 1424 1121 hac
1464 1073 1812 1122 instructione
1851 1080 2125 1138 tamquam

214 1152 392 1201 medio
434 1153 510 1202 uti
549 1154 619 1203 ad
662 1154 966 1220 religiosam
1007 1155 1399 1215 educationem,
1444 1155 1485 1204 si
1527 1154 1630 1204 hoc
1659 1155 2013 1205 necessarium
2044 1155 2123 1205 sit.

212 1235 299 1284 Ius
354 1236 497 1284 enim
552 1236 790 1286 naturale
848 1244 1133 1302 parentum
1189 1238 1257 1286 ad
1319 1237 1693 1287 educationem
1750 1237 1977 1287 filiorum
2032 1237 2127 1286 iuri

212 1318 593 1383 supernaturali
635 1318 909 1368 Ecclesiae
950 1319 1344 1369 subordinatur,
1414 1319 1471 1368 In
1514 1319 1619 1369 hoc
1660 1320 1818 1384 igitur
1859 1337 1983 1370 casu
2012 1327 2126 1385 pot-

213 1409 293 1449 est
347 1401 558 1450 nomine
611 1410 663 1450 et
716 1402 1033 1451 annositate
1086 1401 1358 1451 Ecclesiae
1411 1402 1570 1452 etiam
1623 1403 1912 1452 auctoritas
1964 1400 2127 1452 civilis

213 1489 460 1548 parentes
513 1482 633 1549 lege
687 1483 952 1549 obligare,
1013 1493 1070 1533 ut
1112 1484 1338 1534 infantes
1393 1502 1487 1550 per
1537 1484 1757 1550 aliquod
1810 1491 2023 1551 tempus
2074 1484 2125 1533 in

212 1564 453 1615 scholam
494 1566 562 1615 ab
605 1566 845 1616 Ecclesia
887 1566 1096 1631 (saltem
1139 1567 1317 1631 tacite)
1362 1567 1716 1633 approbatam
1758 1568 1982 1617 mittant.

218 1700 363 1755 593.
451 1702 494 1755 5.
547 1691 860 1742 Auctoritas
917 1692 1078 1742 civilis
1134 1710 1242 1743 non
1298 1700 1479 1758 potest
1533 1694 1645 1743 sine
1700 1694 1884 1743 iniuria
1940 1700 2127 1742 contra

215 1773 511 1823 Ecclesiam
552 1774 780 1824 infantes
821 1792 1045 1840 cogere,
1090 1784 1147 1824 ut
1189 1783 1359 1825 certas
1401 1783 1454 1825 et
1495 1776 1873 1826 determinatas
1913 1773 2126 1824 scholas

216 1856 437 1917 adeant,
491 1858 534 1907 si
576 1857 814 1907 Ecclesia
867 1858 1086 1907 easdem
1138 1857 1351 1908 scholas
1404 1857 1645 1923 religioni
1685 1866 1739 1908 et
1778 1858 1934 1908 bonis
1973 1857 2126 1906 mori-

216 1938 316 1988 bus
375 1940 592 1989 nocivas
648 1939 898 1990 declarat.
996 1940 1196 1989 Iudicio
1254 1948 1433 1990 autem
1490 1940 1763 1990 Ecclesiae
1817 1939 1951 1989 tales
2005 1947 2129 1989 sunt

214 2021 431 2071 scholae
473 2023 673 2072 mixtae
713 2040 808 2071 seu
849 2021 1119 2088 religionis
1161 2031 1437 2088 expertes,
1484 2024 1551 2072 de
1593 2022 1784 2088 quibus
1824 2022 1933 2072 Leo
1973 2021 2137 2071 XII]

213 2104 264 2153 in
306 2103 511 2169 encycl.
556 2105 624 2154 ad
667 2105 955 2171 episcopos
999 2104 1216 2165 Galliae,
1263 2105 1312 2154 d.
1356 2106 1405 2155 d.
1453 2108 1481 2155 8
1524 2106 1680 2156 Febr.
1721 2106 1873 2167 1884,
1916 2104 2123 2154 scribit:

221 2186 493 2237 «Ecclesia
550 2204 813 2253 semper.
863 2229 870 2237 .
919 2229 926 2237 .
989 2186 1202 2237 scholas
1263 2204 1396 2253 quas
1455 2187 1730 2254 appellant
1789 2187 1986 2237 mixtas
2040 2185 2125 2236 vel

213 2277 457 2330 nellll'as,
503 2278 686 2335 aperte
741 2270 1076 2331 damnavit»;
1133 2270 1325 2319 iterum
1366 2270 1417 2319 in
1459 2269 1685 2336 epistula
1726 2269 1794 2319 ad
1837 2269 2123 2336 episcopos

215 2352 518 2418 provinciae
547 2351 1061 2413 Neo-Eboracensis,
1108 2352 1156 2401 d.
1199 2352 1249 2402 d.
1296 2366 1361 2416 23
1393 2352 1519 2402 Maii
1569 2355 1720 2417 1892,
1764 2353 1816 2402 in
1857 2368 1963 2417 qua
2004 2368 2126 2401 con·

216 2434 389 2484 firmat
442 2434 682 2494 decreta,
739 2452 877 2500 quae
938 2442 1354 2500 «praemonente
1407 2434 1507 2484 hac
1548 2433 1872 2500 Apostolica
1912 2432 2054 2484 Sede
2095 2450 2126 2483 a

214 2516 436 2581 synodis
488 2515 964 2566 Baltimorensibus
1016 2533 1177 2582 super
1232 2516 1429 2567 scholis
1482 2515 1872 2582 paroecialibus
1922 2516 2126 2565 sancita

215 2607 351 2648 sunt.
422 2598 573 2648 Haec
616 2599 833 2665 quidem
876 2610 1183 2650 constanter
1221 2601 1418 2650 servari
1438 2599 1738 2649 volumus».
1808 2598 1949 2648 Dein
1977 2597 2128 2647 addit

217 2698 405 2731 omnes
446 2681 733 2747 episcopos
774 2683 1104 2733 americanos
1146 2683 1380 2732 Romam
1420 2682 1695 2731 venientes
1737 2681 1975 2730 eiusdem
2012 2696 2125 2730 sen-

217 2764 412 2813 tentiae
454 2764 591 2813 circa
630 2763 843 2813 scholas
886 2764 1059 2815 fuisse.
1137 2765 1292 2815 «Una
1332 2763 1423 2814 scl.
1469 2764 1704 2813 omnium
1739 2763 2000 2812 sententia
2029 2770 2123 2822 est,

217 2845 527 2911 negantium
563 2844 775 2895 scholas
793 2846 1033 2910 probari
1047 2856 1208 2912 posse
1236 2854 1472 2907 neutras,
1514 2854 1698 2910 nempe
1728 2844 2014 2909 religionis
2041 2860 2127 2893 ex-

205 2936 421 2992 pertes,
486 2927 583 2977 sed
642 2928 958 2978 unanimiter
1017 2927 1432 2978 confessionales
1497 2928 1782 2988 adserunt,
1851 2934 2008 2992 prout
2073 2925 2125 2974 in

217 3010 524 3075 regionibus
576 3010 751 3059 evenit
801 3027 933 3075 quas
989 3009 1299 3060 acatholicis
1354 3009 1603 3075 permixti
1645 3007 1831 3058 fideles
1871 3006 2123 3069 incolunt,

217 3090 430 3141 scholas
481 3092 723 3140 nimirum
774 3092 826 3141 in
879 3092 1073 3157 quibus
1112 3092 1260 3158 pueri
1300 3093 1395 3141 rite
1437 3092 1699 3140 docentur
1739 3090 1806 3139 ab
1847 3089 1933 3150 iis,
1988 3105 2127 3155 quos

217 3172 339 3223 huic
391 3174 694 3238 magisterio
743 3189 896 3238 pares
937 3174 1176 3239 episcopi
1217 3173 1581 3240 agnoverint.»
1665 3171 1946 3221 Eiusmodi
1986 3171 2124 3220 enim

218 3254 435 3304 scholae
499 3254 810 3320 religionem
869 3254 1220 3321 neglegentes
1279 3255 1463 3304 fovent
1521 3253 2015 3303 indifferentismum
2073 3258 2128 3301 et

220 3346 565 3402 corrumpunt
605 3337 779 3386 bonos
820 3353 1021 3397 moreS‚
1077 3345 1132 3385 ut
1173 3337 1503 3403 experientia
1544 3343 1769 3385 constat.
1850 3333 1982 3384 Ideo
2021 3334 2126 3383 iam
