2182 3682
501 182 589 211 LIB.
625 182 673 210 11.
720 181 819 210 CAP.
856 182 921 212 111.
970 182 1032 209 DE
1067 181 1322 209 SOCIETATE
1359 182 1516 211 CIVILI.
1837 172 1938 235 363

40 333 142 365 non
169 317 402 364 continuo
440 317 478 364 is
505 324 653 363 status
678 325 929 377 tamquam
958 316 1064 363 finis
1100 324 1302 362 naturae
1333 325 1414 362 aut
1441 316 1688 363 obiectum
1725 319 1945 365 naturale

46 390 238 439 censeri
274 391 453 438 debet»
495 387 773 450 (Zallinger,
811 389 963 437 Instit.
1002 389 1116 436 iuris
1151 398 1250 436 nat.
1290 406 1335 436 n.
1381 385 1504 450 194).

127 488 277 536 Resp.
351 478 484 525 Com.
524 484 666 525 wlfec.
714 484 759 524 et
801 494 914 537 nego
962 494 1078 524 cens.
1117 484 1162 523 et
1198 479 1466 538 paritatem.
1540 478 1782 525 Mutilatio
1834 476 1947 537 (am-

49 548 249 614 putatio)
289 568 602 613 nequaquam
639 567 730 613 per
766 567 817 599 se
855 568 882 597 a
919 560 1092 598 natura
1128 551 1420 609 intenditur,
1470 552 1558 598 sed
1593 561 1755 612 potest
1793 556 1948 600 solum

47 643 137 689 per
173 627 405 674 accidens
441 642 548 674 esse
584 625 866 673 necessaria
902 636 950 672 et
985 635 1268 687 praecepta.
1323 627 1480 672 Status
1517 641 1635 672 vero
1674 626 1825 673 civilis
1862 643 1951 688 per

50 717 102 749 se
129 718 156 747 a
181 710 354 748 natura
379 701 661 758 intenditur,
703 700 817 760 quia
842 715 1038 761 semper
1064 708 1112 746 et
1135 699 1316 760 ubique
1344 699 1407 746 ad
1433 701 1534 746 eius
1571 701 1952 748 convenientem

50 775 481 823 conservationem
518 784 565 822 et
601 774 936 822 evolutionem
984 774 1289 821 necessarius
1327 783 1411 821 est.
1483 774 1619 821 Hinc
1656 775 1801 821 etiam
1850 791 1952 821 non

49 858 182 897 recte
220 858 367 896 status
392 849 630 896 libertatis
667 850 919 895 absolutae
957 848 1232 909 concipitur
1257 857 1509 908 tamquam
1539 856 1687 895 status
1722 849 1954 896 naturalis

49 923 288 983 hominis3
318 924 404 971 sed
430 932 578 971 status
603 922 835 970 naturalis
861 931 931 969 est
957 931 1104 969 status
1131 922 1326 969 socialis
1352 939 1463 969 cum
1489 923 1545 969 iis
1571 923 1954 970 restrictionibus

47 998 311 1057 libertatis,
362 1014 489 1059 quae
539 998 602 1044 ad
645 997 795 1044 vitam
843 997 1076 1044 socialem
1124 997 1450 1058 requiruntur.
1527 998 1659 1057 Ergo
1696 998 1818 1044 falso
1861 999 1955 1045 hae

49 1071 383 1120 restrictiones
420 1072 658 1118 mutilatio
695 1081 946 1119 vocantur.

132 1176 234 1216 Obi.
269 1188 312 1216 2.
372 1168 558 1215 Natura
594 1169 848 1215 hominem
885 1168 1091 1229 impellit
1127 1168 1190 1214 ad
1227 1168 1483 1214 utilitatem
1520 1167 1774 1229 propriam
1812 1184 1955 1229 quae-

50 1242 272 1290 rendam.
343 1242 498 1304 Atqm'
529 1242 642 1289 huic
679 1242 962 1289 tendentiae
1000 1242 1210 1289 societas
1246 1251 1503 1303 repugnat.
1574 1243 1712 1302 Ergo
1739 1280 1746 1288 .
1778 1282 1785 1289 .
1818 1281 1825 1289 .

129 1331 268 1378 Proh.
308 1333 417 1379 min.
489 1332 619 1378 Nam
656 1331 706 1377 in
747 1333 979 1378 societate
1015 1332 1204 1378 bonum
1241 1332 1483 1392 privatum
1520 1332 1656 1378 bono
1705 1331 1957 1377 communi

52 1406 457 1468 postponendum
497 1415 581 1464 est,
621 1416 669 1453 et
709 1415 808 1453 «tot
838 1422 990 1453 onera
1027 1405 1118 1452 civi
1159 1405 1462 1463 incumbunt,
1501 1414 1551 1451 ut
1587 1407 1786 1453 robusta
1812 1406 1958 1452 virtus

49 1496 198 1542 saepe
226 1481 501 1542 requiratur
526 1481 589 1527 ad
616 1489 790 1528 statum
818 1481 1011 1528 civilem
1039 1481 1127 1528 rite
1153 1481 1534 1542 perferendum»
1559 1476 1812 1542 (Schwacm
1837 1482 1881 1528 S.
1898 1483 1954 1542 J.,

50 1555 227 1602 Ethica
263 1551 394 1617 405).

131 1653 281 1702 Resp.
338 1645 468 1691 Dist.
508 1646 647 1691 mad:
683 1646 869 1691 Natura
905 1644 1111 1706 impellit
1147 1645 1210 1691 ad
1246 1644 1502 1691 utilitatem
1531 1644 1783 1705 propriam
1815 1660 1959 1705 quae-

53 1719 259 1765 rendam
290 1727 619 1780 congruenter
644 1719 708 1765 ad
733 1720 888 1780 ipsam
927 1727 1151 1765 naturam
1178 1719 1391 1780 ideoque
1418 1720 1691 1779 generatim
1728 1719 1778 1765 in
1808 1719 1958 1766 socie-

52 1802 173 1851 tate,
212 1808 353 1850 conc„
402 1808 563 1851 secus,
613 1809 741 1853 nege.
813 1794 952 1853 Achc)
987 1795 1096 1840 min.
1169 1794 1256 1839 Ad
1275 1795 1410 1854 prol).
1450 1795 1559 1840 min.
1599 1794 1718 1841 dzssst:
1766 1795 1956 1840 Bonum

53 1868 296 1928 privatum
332 1869 519 1915 morale
556 1883 640 1915 seu
678 1868 924 1929 spirituale
963 1869 1365 1929 postponendum
1411 1877 1482 1915 est
1518 1869 1652 1915 bono
1690 1869 1955 1927 communi,

52 1957 181 2000 nege,
219 1943 405 1988 bonum
431 1942 673 2004 privatum
703 1943 992 2003 temporale,
1030 1943 1216 1989 subdc'st.
1238 1962 1251 1989 .·
1287 1943 1352 1989 ita
1388 1952 1569 2000 tamen,
1608 1951 1658 1990 ut
1686 1943 1957 2004 generatim

51 2015 169 2062 inde
207 2017 396 2063 maiora
433 2018 566 2063 bona
606 2018 656 2062 in
693 2017 909 2078 singulos
947 2017 1227 2076 dimanent,
1266 2033 1410 2074 ama,
1451 2032 1615 2074 secus,
1655 2034 1782 2077 nego.
1854 2018 1958 2065 Etsi

50 2092 202 2137 multa
238 2107 392 2138 onera
428 2092 524 2138 sint
560 2092 779 2151 ferenda,
820 2092 1106 2139 hauriuntur
1134 2102 1301 2140 tamen
1328 2093 1538 2154 plurima
1574 2094 1707 2140 bona
1745 2109 1771 2140 e
1809 2094 1959 2140 socie-

50 2174 164 2223 tate,
204 2174 252 2212 et
288 2174 423 2213 extra
460 2166 748 2214 societatem
786 2167 947 2215 adhuc
983 2167 1170 2215 maiora
1209 2184 1362 2215 onera
1400 2177 1562 2216 essent
1598 2169 1851 2215 toleranda
1881 2170 1958 2216 vel

53 2239 215 2302 potius
250 2240 478 2288 homines
515 2241 747 2302 perirent.

135 2340 237 2380 Obi.
266 2353 309 2390 3.
382 2334 569 2381 Natura
604 2335 857 2382 hominem
899 2351 1003 2382 non
1039 2336 1247 2383 subiecit
1294 2335 1569 2383 auctoritati
1607 2336 1749 2383 civili.
1823 2337 1959 2396 Ergo

53 2407 263 2455 societas
299 2408 454 2456 civilis
490 2425 593 2456 non
630 2419 792 2471 potest
829 2410 926 2457 dici
963 2411 1210 2458 naturalis.

130 2506 280 2555 Resp.
348 2498 479 2545 Dz'sz‘.
520 2504 696 2546 antea:
742 2499 857 2546 Non
907 2500 1112 2547 subiecit
1160 2516 1270 2548 eum
1318 2500 1623 2559 immediate,
1675 2516 1817 2557 conc„
1868 2518 1964 2548 me-

53 2571 208 2630 diate,
262 2573 343 2618 scl.
384 2572 714 2620 mediantibus
750 2573 1175 2633 inclinationibus,
1229 2590 1356 2635 quae
1392 2575 1675 2622 necessario
1714 2576 1776 2622 ad
1813 2575 1965 2622 socie-

57 2654 208 2693 tatem
246 2646 441 2693 civilem
478 2646 744 2706 deducunt,
783 2664 910 2708 nego.

139 2751 241 2791 Obi.
275 2764 318 2801 4.
374 2744 537 2790 Etiam
574 2744 736 2791 morbi
766 2754 813 2792 et
838 2754 1046 2806 peccata
1084 2755 1174 2793 etc.
1202 2747 1476 2807 generatim
1508 2763 1566 2794 ex
1590 2756 1761 2793 natura
1800 2762 1964 2794 neces-

55 2817 183 2864 sario
222 2819 534 2879 proveniunt,
573 2834 738 2880 neque
776 2828 942 2867 tamen
980 2821 1077 2868 dici
1114 2830 1320 2883 possunt
1354 2822 1607 2869 naturalia.

134 2916 284 2965 Resp.
348 2908 512 2954 Dis-ts
562 2909 678 2955 Non
726 2918 930 2971 possunt
979 2910 1075 2956 dici
1123 2911 1387 2968 naturalia,
1439 2911 1466 2957 i.
1506 2927 1547 2958 e.
1594 2928 1622 2958 a
1666 2920 1839 2957 natura
1886 2913 1961 2958 vel

56 2990 259 3028 naturae
296 2991 496 3029 auctore
534 2983 723 3030 intenta
762 2980 950 3045 (saltem
977 2986 1143 3045 quoad
1168 2982 1409 3047 peccata),
1449 3001 1582 3041 conc„
1620 3001 1724 3031 non
1760 2994 1965 3046 possunt

57 3055 157 3102 dici
193 3056 447 3113 naturalia,
485 3057 514 3104 i.
543 3072 583 3104 e.
613 3073 671 3104 ex
707 3067 881 3105 natura
912 3069 1143 3121 corrupta
1170 3070 1366 3121 praeter
1390 3060 1713 3106 intentionem
1753 3060 1964 3107 auctoris

55 3138 260 3177 naturae
297 3132 472 3178 morali
501 3133 716 3193 quadam
752 3133 1045 3181 necessitate
1071 3134 1342 3195 sequentia,
1382 3150 1508 3193 mgr).
1564 3134 1784 3181 Societas
1811 3134 1963 3180 civilis

54 3203 326 3252 intenditur
361 3222 389 3252 a
424 3214 598 3252 natura
634 3222 724 3268 per
760 3223 811 3255 se
849 3217 1100 3269 tamquam
1142 3208 1327 3269 aliquid
1364 3209 1428 3255 ad
1466 3210 1566 3255 eius
1604 3208 1961 3269 perfectionem

55 3279 328 3338 generatim
380 3281 740 3342 necessarium,
791 3284 954 3330 morbi
1003 3292 1051 3330 et
1097 3283 1192 3330 alia
1240 3285 1394 3340 mala,
1449 3282 1724 3343 generatim
1772 3283 1958 3342 saltem,

58 3353 215 3399 solum
251 3354 608 3415 permittuntur.
