2182 3682
500 176 653 206 CAPUT
685 176 746 205 IV.
797 177 859 204 DE
891 177 1174 206 VIRTUTIBUS
1208 178 1266 206 ET
1298 179 1453 209 VITIIS.
1828 183 1925 232 123

37 312 341 373 particularis
377 327 522 358 sensu
559 311 726 358 stricto
763 320 923 358 servat
958 312 1176 359 medium
1211 314 1279 360 rei
1318 330 1402 361 seu
1435 318 1780 376 aequalitatem
1806 320 1932 364 inter

35 400 140 432 rem
177 386 420 433 redditam
457 394 505 432 et
539 401 649 443 rem
680 385 1002 433 reddendam.
1053 388 1188 433 Inter
1223 388 1415 449 aliquos
1453 391 1584 436 enim
1621 392 1743 438 duos
1781 392 1933 453 dupli-

38 460 157 506 citer
192 469 354 521 potest
390 459 657 520 aequalitas
695 460 935 507 constitui.
990 461 1124 507 «Uno
1158 462 1302 519 modo,
1342 465 1611 510 secundum
1642 467 1776 525 quod
1802 466 1935 512 utris-

38 549 133 594 que
171 534 356 594 aliquid
392 534 703 581 reddendum
741 543 839 593 est3
887 544 934 581 et
970 535 1018 580 in
1056 535 1152 581 hoc
1201 537 1450 584 constituit
1497 538 1541 584 ei
1589 539 1934 598 aequalitatem

36 609 215 654 iustitia
250 610 563 664 distributiva,
602 624 730 669 quae
766 625 867 656 non
894 610 977 656 dat
1003 611 1209 670 aequale
1236 610 1427 671 utrique
1454 613 1724 659 secundum
1752 615 1936 673 quanti-

36 690 212 740 tatem,
253 684 339 730 sed
376 684 647 731 secundum
685 683 1074 744 proportionem,
1115 685 1229 745 quia
1264 686 1457 746 utrique
1495 687 1659 743 datur,
1700 696 1935 746 quantum

37 756 127 803 sibi
164 757 397 816 debetur3
447 767 494 805 et
529 759 643 804 ideo
680 758 897 804 medium
935 758 985 803 in
1032 759 1209 805 iustitia
1257 759 1562 806 distributiva
1610 760 1785 807 dicitur
1833 776 1937 808 esse

37 831 308 878 secundum
333 833 826 894 proportionalitatem
854 834 1178 892 geometricam
1205 872 1212 879 .
1246 873 1253 880 .
1284 872 1291 879 .
1341 834 1452 880 Alio
1476 835 1608 880 modo
1634 833 1939 881 constituitur

37 905 307 966 aequalitas
343 907 551 954 iustitiae
588 907 715 953 inter
752 908 968 967 aliquos,
1011 907 1061 953 in
1099 917 1334 968 quantum
1372 925 1493 955 unus
1531 910 1680 956 debet
1716 909 1938 970 recipere

37 981 99 1027 ab
136 979 232 1027 alio
268 990 471 1042 propter
506 983 615 1037 hoc,
656 982 791 1042 quod
829 982 908 1028 ille
946 981 1078 1043 prius
1115 983 1305 1043 recepit
1340 984 1401 1030 ab
1439 983 1545 1041 isto,
1586 992 1633 1030 et
1658 983 1722 1030 ad
1746 984 1843 1030 hoc
1870 992 1940 1030 est

37 1057 215 1102 iustitia
252 1058 578 1104 commutativa
606 1094 614 1101 .
644 1095 652 1102 .
684 1094 691 1102 .
732 1064 779 1102 et
814 1057 863 1102 in
900 1056 995 1103 hac
1032 1057 1197 1117 specie
1234 1057 1441 1104 iustitiae
1478 1059 1689 1104 salvatur
1722 1057 1939 1105 medium

38 1131 310 1177 secundum
346 1133 721 1192 proportionem
759 1131 1146 1178 arithmeticam»
1189 1128 1255 1193 (in
1294 1149 1336 1193 3,
1378 1133 1484 1179 dist.
1525 1149 1603 1193 31,
1644 1149 1690 1193 q.
1736 1150 1774 1189 r,
1813 1149 1855 1178 a.
1894 1149 1937 1193 3,

39 1206 125 1252 sol.
155 1199 215 1266 2).
267 1205 342 1252 Cf.
372 1222 498 1266 quae
525 1206 587 1253 de
614 1207 706 1252 hac
734 1206 1023 1267 quaestione
1051 1216 1219 1253 auctor
1246 1207 1394 1254 fusius
1421 1207 1684 1269 disputavit
1709 1207 1759 1253 in
1784 1207 1941 1269 perio·

39 1279 153 1326 dico
193 1280 462 1341 Oenipont.
518 1280 823 1328 «Zeitschrift
872 1282 946 1327 fur
989 1281 1120 1328 kath.
1159 1281 1462 1342 Theologie»
1503 1284 1671 1328 XXVI
1710 1285 1800 1344 635
1831 1298 1939 1343 sqq‘

121 1387 222 1426 Obi.
293 1381 337 1426 S.
377 1381 595 1428 Thomas
633 1381 694 1428 de
732 1381 908 1428 iustitia
948 1378 1017 1442 (2,
1061 1399 1108 1438 2,
1150 1398 1196 1441 q.
1240 1385 1313 1443 58,
1354 1399 1395 1428 a.
1427 1378 1472 1443 5)
1512 1382 1630 1428 dicit
1667 1398 1776 1429 eam
1814 1382 1940 1429 ordi-

38 1469 158 1500 nare
195 1454 447 1500 hominem
485 1455 534 1500 in
573 1455 944 1517 comparatione
983 1456 1045 1502 ad
1094 1457 1265 1502 alium:
1322 1457 1486 1516 «quod
1535 1456 1736 1517 quidem
1782 1466 1943 1517 potest

40 1542 145 1575 esse
194 1529 477 1589 dupliciter:
533 1545 631 1575 uno
683 1531 834 1577 modo
887 1531 950 1576 ad
999 1531 1145 1576 alium
1194 1530 1501 1591 singulariter
1549 1530 1941 1590 consideratum3

40 1603 135 1649 alio
172 1603 325 1649 modo
362 1604 425 1650 ad
462 1605 608 1650 alium
645 1605 696 1650 in
735 1605 997 1652 communi.
1035 1644 1043 1652 .
1081 1644 1088 1652 .
1131 1644 1138 1652 .
1211 1606 1291 1651 Ad
1328 1614 1587 1666 utrumque
1625 1621 1743 1667 ergo
1781 1613 1942 1667 potest

41 1693 92 1725 se
128 1677 313 1724 habere
352 1677 527 1725 iustitia
561 1681 804 1726 secuudum
832 1682 1083 1741 propriam
1120 1682 1393 1727 rationem.»

119 1780 269 1828 Resp.
327 1766 384 1813 Id
422 1770 727 1818 verissimum
766 1779 851 1826 est,
890 1771 928 1817 si
964 1769 1142 1817 sistitur
1179 1770 1227 1815 in
1266 1770 1552 1817 definitione
1579 1769 1784 1816 iustitiae
1812 1785 1941 1816 com—

41 1846 252 1892 muniter
288 1845 471 1903 dictae,
521 1854 571 1892 ut
608 1845 759 1892 modo
804 1845 1080 1891 notavimus
1118 1840 1181 1905 (n.
1228 1840 1364 1904 142);
1414 1844 1501 1892 sed
1548 1846 1672 1891 haec
1721 1844 1941 1891 definitio

40 1935 141 1967 non
179 1919 411 1967 convenit
446 1920 654 1967 iustitiae
692 1920 933 1967 strictiore
968 1934 1126 1976 sensu,
1166 1928 1311 1980 prout
1336 1919 1567 1981 importat
1596 1918 1940 1980 aequalitatem

41 2003 88 2041 et
125 1995 374 2042 constituit
409 1995 636 2042 virtutem
675 1995 979 2042 cardinalem
1016 1995 1237 2042 iustitiae.
1290 1996 1335 2041 S.
1363 1996 1581 2041 Thomas
1607 1995 1728 2040 duas
1753 2003 1941 2041 tantum

41 2069 230 2132 species
264 2070 451 2117 virtutis
488 2070 750 2117 cardinalis
786 2069 992 2117 iustitiae
1032 2085 1336 2131 cognoscere
1384 2079 1520 2130 patet
1568 2069 1713 2116 etiam
1764 2085 1823 2116 ex
1870 2068 1940 2125 iis,

45 2160 172 2206 quae
208 2144 325 2192 dicit
365 2163 406 2202 2,
449 2163 488 2203 2,
529 2162 575 2206 q.
606 2148 662 2192 61
703 2145 753 2191 in
790 2146 1073 2206 prooemio:
1119 2146 1278 2191 «Dein
1318 2145 1733 2191 considerandum
1772 2152 1843 2192 est
1880 2145 1941 2191 de

42 2220 261 2281 partibus
296 2220 518 2277 iustitiae,
559 2229 607 2267 et
644 2220 803 2281 primo
841 2220 904 2266 de
941 2220 1159 2281 partibus
1198 2219 1491 2276 subiectixis,
1531 2235 1658 2279 quae
1696 2228 1805 2265 sunt
1841 2235 1946 2280 spe·

44 2296 142 2342 cies
178 2294 409 2353 iustitiae,
460 2296 559 2342 scil.
600 2295 905 2342 distributiva
943 2303 990 2342 et
1027 2294 1375 2342 commutativa
1412 2303 1535 2341 etc.»
1600 2295 1674 2341 Cf.
1713 2294 1777 2340 ib.
1818 2311 1858 2341 a.
1904 2311 1942 2340 1.

55 2454 194 2506 143.
273 2443 475 2493 Iustitia
518 2443 899 2493 commutativa
932 2442 1218 2509 perfectius
1257 2442 1421 2492 habet
1448 2440 1684 2491 indolem
1724 2440 1947 2490 iustitiae

47 2527 316 2594 propriam
368 2543 529 2592 quam
583 2527 777 2575 iustitia
837 2525 1198 2585 distributiva
1258 2525 1380 2590 quia
1420 2523 1706 2590 perfectius
1758 2531 1838 2572 est
1879 2522 1947 2571 ad

46 2609 268 2659 3116111111
308 2616 361 2659 61
387 2609 616 2659 strictius
644 2608 1022 2674 aequalitatem
1052 2607 1340 2667 constituit,
1385 2607 1527 2656 unde
1555 2623 1716 2672 saepe
1755 2605 1950 2654 iustitia

26 2676 287 2758 rigorosa
348 2690 604 2758 appellari
670 2690 821 2741 solet.
905 2689 1032 2741 Sola
1096 2691 1255 2739 etiam
1315 2689 1508 2738 iustitia
1569 2688 1950 2738 commutativa

49 2773 255 2840 obligat
295 2774 361 2824 ad
406 2774 804 2824 ῑεςίῑᾞηῖῖωῑέηι
873 2773 1014 2822 Nam
1043 2773 1305 2822 motivum
1344 2772 1618 2837 proprium
1655 2788 1749 2820 seu
1778 2770 1951 2819 obiec-

50 2865 161 2907 tum
205 2856 425 2906 formale
465 2856 692 2907 iustitiae
734 2856 1146 2907 commutativae
1188 2862 1268 2904 est
1296 2854 1524 2912 efficere,
1568 2871 1634 2902 ne
1675 2852 1951 2918 proximus

51 2957 104 2989 re
159 2956 252 2989 sua
304 2947 495 2989 careat.
576 2938 748 3005 Atqui
802 2938 908 2988 hoc
966 2938 1111 2987 idem
1168 2937 1427 2986 motivum
1483 2944 1607 3002 post
1663 2935 1949 2984 laesionem

50 3023 276 3072 iustitiae
317 3023 511 3072 eodem
568 3022 735 3072 modo
792 3030 947 3086 urget
1002 3028 1162 3086 atque
1218 3028 1342 3068 ante
1398 3018 1715 3077 laesionem,
1776 3016 1949 3064 donec

53 3106 299 3171 proximo
356 3122 437 3154 res
492 3122 587 3154 sua
643 3103 796 3153 fuerit
851 3103 1104 3153 restituta.
1187 3101 1275 3152 Sic
1325 3119 1372 3151 v.
1418 3117 1467 3166 g.
1522 3099 1565 3149 si
1622 3099 1738 3164 quis
1794 3097 1950 3146 Petro

54 3203 252 3252 equum
291 3187 491 3237 furatus
531 3195 624 3248 est,
667 3185 882 3236 violavit
908 3185 1173 3245 iustitiam,
1217 3200 1353 3250 quae
1380 3180 1632 3249 postulat,
1675 3197 1742 3229 ne
1768 3179 1952 3228 Petrus

56 3278 231 3319 careat
270 3287 325 3319 re
364 3286 471 3331 sua;
513 3269 610 3319 sed
650 3277 776 3335 post
811 3267 1100 3318 laesionem
1132 3267 1275 3316 idem
1305 3281 1522 3314 numero
1553 3262 1810 3313 motivum
1839 3277 1952 3326 per-

54 3359 259 3402 severat
299 3361 352 3402 et
392 3351 778 3418 perseverabit,
834 3351 1008 3400 donec
1049 3350 1204 3399 Petro
1246 3365 1328 3398 res
1367 3363 1460 3397 sua
1502 3345 1652 3395 fuerit
1693 3343 1948 3393 restituta.
