2182 3682
202 169 312 219 434
604 166 718 195 PARS
752 166 799 197 ΙΙ.
850 166 1165 195 PHILOSOPHIA
1200 166 1403 195 MORALIS
1440 166 1688 196 SPECIALIS.

333 300 361 355 ξ
395 304 434 343 6.
484 303 564 342 DE
597 304 938 344 RELATIONE
975 305 1406 344 AUCTORITATIS
1441 304 1726 344 PUBLICAE
1759 305 1840 343 AD
1874 305 1981 343 RES

246 370 674 410 OECONOMICAS
709 371 782 409 ET
817 371 1127 411 SPECIATIM
1162 372 1241 410 AD
1280 371 1706 421 QUAESTIONEM
1739 371 2050 412 SOCIALEM.

202 466 289 520 (Cf.
325 468 487 520 encycl.
528 469 709 507 «Rerum
743 482 986 507 novarum».
1052 469 1313 515 Liberam-e,
1359 468 1561 520 Principii
1607 469 1885 508 d’Economia
1927 469 2111 521 politica.

204 536 529 583 Costa-Rossetli,
573 535 878 574 Theoretische
914 535 1191 587 Grundlagen
1225 536 1301 574 der
1331 535 1775 575 Nationalo'konomie.
1839 537 2005 582 Devas,
2037 537 2114 576 Po-

199 603 325 642 litical
348 602 578 653 Economy.
624 604 811 651 Antoz‘ne,
848 603 982 641 Cours
1017 603 1281 642 d’economie
1316 603 1485 642 sociale.
1538 603 1777 655 Moralphil.
1812 604 1854 642 II
1889 612 1968 655 591
1997 601 2110 657 sqq.)
2169 606 2176 607 ’

204 716 350 770 595.
432 704 719 771 Quaestio,
776 705 1054 771 quodnam
1107 706 1174 755 sit
1216 705 1449 756 officium
1490 706 1819 756 auctoritatis
1860 706 2022 756 civilis
2060 706 2113 756 in

200 806 254 838 re
297 788 662 849 oeconomica,
706 787 890 837 intime
931 788 1185 838 cohaeret
1225 805 1346 838 cum
1387 789 1693 854 quaestione
1725 788 1934 851 sociali,
1977 806 2114 855 quae

199 870 362 920 hodie
415 870 651 919 omnium
704 870 911 919 animos
953 878 1235 937 tantopere
1277 879 1612 934 commovet3
1669 871 1792 921 ideo
1832 879 2114 937 utramque

201 952 573 1019 quaestionem
624 951 778 1001 simul
832 952 1064 1017 breviter
1105 953 1467 1003 tractabimus.
1549 953 1834 1004 Dicemus:
1896 967 1937 1004 Ι.
1984 953 2114 1019 quid

199 1036 266 1085 sit
307 1035 549 1101 quaestio
591 1034 813 1096 socialiS,
858 1042 912 1084 et
952 1053 1089 1101 quae
1129 1036 1233 1085 sint
1274 1036 1385 1085 eius
1415 1052 1635 1098 causae;
1682 1049 1729 1084 2.
1774 1052 2112 1102 exponemus

199 1117 368 1167 varias
409 1117 688 1183 opiniones
730 1117 798 1167 de
838 1118 1022 1178 modo,
1068 1135 1174 1184 quo
1216 1117 1349 1167 haec
1386 1118 1625 1183 quaestio
1654 1117 1914 1168 solvenda
1940 1117 2115 1168 videa-

201 1209 311 1261 tur;
369 1200 601 1266 denique
644 1214 689 1264 3.
735 1201 1031 1250 accuratius
1072 1200 1485 1267 explicabimus,
1542 1217 1805 1266 quaenam
1847 1199 2023 1250 officia
2063 1200 2114 1249 in

202 1283 516 1349 quaestione
567 1282 749 1332 sociali
801 1290 853 1332 et
896 1284 1191 1348 generatim
1231 1283 1283 1332 in
1325 1300 1379 1332 re
1421 1283 1773 1332 oeconomica
1813 1282 2115 1333 auctoritati

201 1364 336 1415 civili
386 1365 681 1414 secundum
735 1365 993 1430 principia
1045 1382 1074 1414 a
1115 1365 1271 1414 nobis
1319 1373 1477 1415 antea
1516 1364 1748 1415 stabilita
1787 1364 2111 1415 incumbant.

276 1454 313 1504 I.
368 1451 517 1514 Quid
549 1453 622 1503 sit
661 1454 899 1519 quaeslz'o
939 1454 1177 1516 sociall'S,
1220 1462 1272 1503 et
1309 1472 1445 1520 qnae
1483 1454 1594 1504 sint
1630 1454 1743 1504 eius
1783 1471 1991 1504 causae.

284 1550 325 1587 Ι.
368 1536 601 1585 AVomine
653 1537 981 1602 quaestionis
1019 1537 1242 1586 socialis
1289 1536 1611 1603 intellegitur
1663 1537 1932 1603 quaestio,
1987 1553 2115 1602 quo-

201 1618 368 1668 modo
418 1617 568 1668 malis
620 1627 672 1667 et
724 1618 969 1684 periculis
1021 1619 1369 1685 gravissimis,
1427 1619 1618 1685 quibus
1670 1619 1899 1669 societas
1950 1618 2113 1668 hodie

201 1701 347 1768 apud
396 1709 585 1765 gentes
627 1700 796 1750 cultas
837 1700 1214 1762 labefactatur,
1270 1702 1563 1751 remedium
1605 1701 1802 1762 afferri,
1858 1709 1910 1751 et
1950 1700 2114 1751 nomi-

201 1783 366 1833 natim
418 1783 696 1848 quomodo
750 1800 859 1849 pax
898 1784 1035 1833 inter
1076 1785 1266 1834 divites
1307 1793 1359 1833 et
1400 1800 1689 1850 pauperes,
1744 1783 1879 1833 inter
1919 1783 2111 1849 capita·

201 1865 347 1916 listas
400 1865 489 1929 (ad
538 1882 674 1931 quos
715 1866 873 1915 etiam
915 1883 1253 1932 possessores
1294 1865 1693 1916 latifundiorum
1732 1865 2018 1931 pertinent)
2059 1872 2114 1915 et

202 1948 474 2015 operarios
513 1964 608 1997 seu
650 1947 963 2014 proletarios
1004 1948 1263 1998 stabiliter
1303 1948 1506 1998 restitui
1544 1949 1728 2014 possit.

278 2028 535 2094 Quamvis
587 2031 725 2079 enim
779 2039 1000 2096 propter
1047 2030 1367 2097 multiplices
1407 2031 1739 2080 inventiones
1780 2029 2112 2096 (praesertim

203 2112 476 2162 machinas
514 2129 716 2178 vapore
768 2122 820 2162 et
873 2112 1216 2163 electricitate
1268 2123 1442 2163 motas
1484 2120 1537 2163 et
1576 2114 1645 2162 ad
1686 2113 2114 2179 procreationem

204 2212 377 2244 rerum
437 2194 724 2258 adhibitas)
786 2195 1071 2260 productio
1128 2196 1321 2245 mirum
1376 2196 1765 2245 incrementum
1820 2194 2112 2260 acceperit:

203 2286 383 2327 tamen
444 2275 638 2327 classes
697 2276 923 2327 sociales
983 2278 1222 2338 mediae,
1286 2277 1412 2328 olim
1472 2277 1959 2338 numerosissimae,
2020 2275 2112 2326 scl.

205 2359 425 2425 opifices
466 2367 518 2408 et
559 2359 825 2424 agricolae
866 2360 1308 2426 independentes,
1352 2359 1609 2426 paulatim
1650 2360 1814 2408 minui
1853 2359 2112 2420 videntur,

205 2451 366 2508 atque
405 2442 456 2490 in
499 2442 611 2491 dies
653 2443 840 2492 crescit
889 2442 1215 2492 «divitiarum
1256 2443 1307 2491 in
1345 2443 1544 2508 exiguo
1573 2459 1796 2491 numero
1830 2440 2112 2502 affluentia,

204 2525 257 2574 in
298 2522 634 2573 multitudine
674 2525 882 2590 inopia;
928 2524 1179 2590 opificum
1223 2542 1344 2574 cum
1386 2525 1453 2574 de
1493 2542 1551 2574 se
1592 2524 1921 2574 confidentia
1948 2524 2117 2573 maior

205 2613 319 2656 tum
383 2606 517 2655 inter
581 2623 638 2655 se
704 2607 1046 2656 necessitudo
1115 2607 1473 2669 coniunctior,
1542 2615 1818 2673 praeterea
1870 2606 2007 2655 versi
2065 2605 2116 2654 in

208 2688 472 2738 deteriora
526 2705 703 2738 mores
759 2689 1009 2750 effecere,
1065 2698 1123 2739 ut
1175 2698 1444 2739 certamen
1497 2696 1829 2755 erumperet»
1889 2686 2115 2753 (encycl.

216 2771 447 2820 «Rerum
488 2772 820 2834 novarum»).

285 2866 332 2903 2,
392 2851 602 2902 Causae
653 2852 807 2902 huius
859 2852 982 2903 mali
1033 2854 1351 2919 praecipuae
1403 2859 1551 2902 sunt:
1611 2853 1661 2918 a)
1716 2851 1993 2902 machinae
2045 2868 2117 2900 re-

210 2935 412 2986 centius
452 2935 724 2996 inventae,
779 2953 917 3001 quae
960 2935 1065 2985 fere
1106 2953 1136 2985 a
1175 2935 1301 2985 solis
1343 2935 1595 2985 divitibus
1635 2933 1897 3000 possideri
1937 2941 1990 2983 et
2028 2933 2117 2983 ad-

210 3017 378 3066 hiberi
431 3025 656 3084 possunt
711 3026 763 3067 et
818 3016 1073 3083 paulatim
1131 3017 1353 3083 opifices
1408 3017 1833 3083 independentes
1887 3016 1938 3065 in
1995 3032 2118 3065 con-

212 3100 477 3149 dicionem
528 3100 976 3149 mercenariorum
1029 3100 1291 3165 redigunt.
1373 3099 1634 3149 Machinis
1681 3099 1820 3148 enim
1861 3096 2118 3164 plurimae

212 3198 294 3231 res
345 3180 513 3231 multo
566 3182 756 3231 minori
807 3189 1023 3247 sumptu
1076 3181 1302 3246 produci
1354 3189 1606 3247 possunt,
1663 3181 1737 3230 ita
1787 3187 1846 3229 ut
1897 3178 2117 3245 opifices

211 3280 373 3312 manu
414 3281 495 3313 res
537 3264 882 3314 conficientes
923 3280 1044 3314 cum
1072 3263 1147 3323 iis,
1192 3272 1249 3312 ut
1278 3263 1383 3313 dici
1410 3262 1562 3324 solet,
1613 3278 1990 3312 «concurrere»
2026 3260 2117 3310 diu

213 3362 322 3395 non
362 3345 582 3410 possint.
