2182 3682
229 129 331 178 302
633 125 744 154 PARS
780 125 826 154 11.
880 124 1192 153 PHILOSOPHIA
1227 123 1430 153 MORALIS
1465 123 1714 152 SPECIALIS.

225 262 315 327 qui
343 259 617 327 exemplar
644 259 761 311 libri
788 261 915 310 emit
941 259 1180 326 illudque
1209 260 1679 326 reimprimendum
1708 266 1762 310 et
1786 258 2132 310 vendendum

225 351 387 404 curat,
431 343 635 393 auctori
674 343 838 392 invito
879 343 1119 392 iniuriam
1161 341 1300 392 facit.

300 427 464 474 Prob.
503 440 569 479 2.,
607 425 861 475 Iniustum
895 433 976 474 est
1004 423 1161 473 alium
1205 432 1392 474 contra
1418 424 1580 491 ipsius
1607 423 1939 474 voluntatem
1980 424 2131 474 ratio-

222 507 453 558 nabilem
502 507 786 574 impedire,
841 506 1127 573 quominus
1167 514 1340 556 totum
1381 505 1612 556 fructum
1659 504 2011 572 temporalem
2062 523 2132 556 ex

222 588 404 639 labore
431 607 529 640 suo
557 589 829 655 percipiat.
890 588 1060 654 Atqui
1083 587 1169 649 illi,
1214 588 1302 654 qui
1335 588 1499 638 invito
1533 594 1753 638 auctore
1779 587 1863 638 vel
1891 588 2163 654 redempu

221 680 336 721 tore
377 671 569 721 librum
610 671 1081 737 reimprimendum
1123 678 1176 720 et
1215 671 1561 720 vendendum
1602 678 1814 732 curant,
1857 678 2132 720 auctorem

221 755 533 820 impediunt,
578 754 865 819 quominus
905 762 1079 803 totum
1122 752 1351 803 fructum
1393 771 1462 803 ex
1502 752 1686 803 labore
1725 770 1823 803 suo
1858 752 2129 819 percipiat.

220 836 375 901 Ergo
416 837 462 886 ei
502 836 741 885 iniuriam
783 835 995 886 faciunt.

295 918 452 968 Proh.
498 918 623 968 min.
681 917 736 968 Si
777 919 917 968 enim
959 917 1139 968 liceret
1181 917 1398 968 cuilibet
1438 918 1512 967 uti
1553 917 1686 967 libro
1727 917 1871 984 typis
1909 916 2132 982 vulgato

219 1001 288 1051 ad
341 1001 571 1050 eundem
627 1001 1100 1067 reimprimendum
1152 1010 1204 1050 et
1244 1001 1616 1061 vendendum,
1671 1000 1925 1066 pretium,
1982 1000 2130 1066 quod

220 1091 407 1132 auctor
446 1099 477 1133 a
517 1082 813 1149 bibliopola
853 1100 951 1149 pro
994 1082 1127 1133 libro
1177 1084 1468 1149 acciperet,
1525 1081 1752 1132 multum
1792 1083 2130 1144 minueretur,

221 1165 386 1215 immo
445 1164 668 1215 fortasse
727 1164 930 1215 nullum
989 1175 1143 1216 esset.
1233 1164 1366 1231 Quis
1424 1166 1565 1215 enim
1620 1163 1915 1231 bibliopola
1972 1164 2133 1215 vellet

222 1248 424 1298 auctori
477 1248 706 1314 pretium
759 1247 992 1309 solvere,
1050 1249 1092 1298 si
1144 1248 1367 1314 quilibet
1417 1247 1549 1298 alius
1600 1246 1896 1313 bibliopola
1947 1256 2132 1314 posset

222 1330 412 1380 librum
464 1330 642 1380 statim
686 1331 1045 1396 reimprimere
1097 1340 1149 1380 et
1188 1329 1452 1380 vendere?
1516 1330 1670 1395 Ergo
1717 1338 1907 1380 auctor
1946 1339 2131 1381 contra

221 1429 369 1462 suam
426 1411 794 1463 rationabilem
846 1412 1177 1463 voluntatem
1232 1413 1578 1479 impediretur
1628 1412 1902 1478 percipere
1958 1420 2131 1463 totum

223 1495 452 1545 fructum
493 1513 562 1544 ex
603 1494 785 1545 labore
826 1513 939 1557 suo,
984 1496 1131 1562 quod
1174 1496 1267 1544 iuri
1308 1494 1532 1546 naturali
1573 1503 1850 1561 repugnat.

225 1628 348 1694 387
360 1670 370 1681 ·
442 1647 543 1687 Obi.
577 1648 609 1686 Ι.
670 1640 807 1701 Opus
846 1640 1030 1688 editum
1068 1642 1119 1686 fit
1155 1640 1338 1701 publici
1375 1640 1503 1687 iuris.
1556 1641 1695 1699 Ergo
1731 1649 1892 1702 potest
1928 1639 2134 1702 quilibet

221 1729 282 1760 eo
318 1713 400 1771 uti,
439 1723 583 1775 prout
620 1715 733 1761 vult.

299 1798 449 1846 Resp.
507 1789 639 1836 Dz‘st.
678 1795 853 1836 antea.-
900 1790 1051 1837 Ideae
1089 1789 1136 1835 in
1176 1790 1258 1837 illo
1296 1805 1449 1852 opere
1487 1798 1751 1838 contentae
1788 1791 1910 1836 fiunt
1944 1789 2130 1852 publici

219 1862 348 1921 iuris,
386 1879 520 1919 com„
560 1863 734 1922 forma,
775 1880 872 1926 qua
908 1864 1019 1912 illae
1057 1864 1200 1912 ideae
1238 1864 1287 1910 in
1324 1864 1451 1911 libro
1477 1864 1660 1926 scripto
1687 1865 1960 1922 ordinatae,
2000 1879 2130 1912 com-

219 1937 423 1999 positae,
464 1953 723 2000 expressae
762 1947 885 1997 sunt,
924 1940 1111 1986 subdist.
1134 1958 1146 1985 .·
1182 1941 1232 1986 fit
1267 1939 1453 2001 publici
1489 1939 1605 1986 iuris
1642 1939 1809 2000 quoad
1834 1955 1973 1986 usum
2000 1955 2132 1987 com-

221 2028 435 2071 munem,
475 2029 616 2069 conc„
656 2013 823 2075 quoad
860 2030 999 2060 usum
1038 2014 1327 2076 specialem,
1368 2014 1451 2075 qui
1489 2013 1710 2062 consistit
1745 2014 1796 2060 in
1831 2014 1959 2062 libro
1997 2029 2131 2062 recu-

219 2087 388 2135 dendo
426 2089 490 2135 ad
527 2089 716 2135 lucrum
755 2088 1051 2147 faciendum,
1091 2104 1217 2149 nego.

295 2180 411 2217 [nst.
481 2170 579 2230 Qui
618 2170 735 2218 emit
772 2172 1026 2233 exemplar
1062 2171 1199 2229 libri,
1249 2173 1300 2217 fit
1340 2171 1562 2233 perfecte
1612 2171 1842 2219 dominus
1889 2171 2126 2220 eiusdem.

216 2245 353 2304 Ergo
388 2253 552 2307 potest
589 2260 648 2292 eo
685 2245 767 2303 uti,
807 2246 1062 2306 quomodo
1102 2245 1146 2293 ei
1182 2247 1435 2308 placuerit.

294 2329 445 2378 Resp.
516 2320 647 2366 Dz'st.
701 2326 879 2367 antea:
924 2321 1001 2367 Fit
1047 2321 1269 2382 perfecte
1318 2321 1546 2369 dominus
1595 2321 1763 2382 quoad
1810 2336 1949 2369 usum
1998 2337 2130 2369 com-

214 2409 414 2442 munem
451 2394 576 2453 libri,
617 2410 750 2451 caua,
791 2395 958 2456 quoad
994 2411 1131 2443 usum
1170 2395 1439 2458 specialem
1476 2395 1896 2458 multiplicationis
1932 2397 2128 2444 mecha-

212 2469 370 2526 nicae,
410 2484 537 2527 nega

294 2559 396 2599 Obi.
431 2571 474 2598 2.
542 2551 669 2598 Illud
720 2551 792 2599 ius
843 2552 1055 2599 auctoris
1109 2561 1222 2600 ante
1274 2554 1437 2614 legem
1490 2552 1750 2614 positivam
1799 2561 1872 2600 est
1920 2552 2125 2600 omnino

211 2625 645 2673 indeterminatum
684 2635 731 2673 et
767 2642 961 2688 vagum.
1034 2627 1163 2674 Nam
1204 2636 1388 2688 quanto
1425 2636 1651 2688 ternpore
1688 2645 1731 2675 v.
1769 2643 1816 2689 g.
1855 2627 2028 2675 durat?

289 2710 440 2759 Resp.
497 2701 629 2748 Dist.
668 2708 830 2748 assert.
852 2720 865 2747 .·
901 2702 1050 2749 Caret
1086 2701 1223 2749 omni
1259 2701 1695 2759 determinatione,
1735 2717 1873 2762 nege,
1910 2718 2016 2749 non
2053 2709 2124 2750 est

211 2776 545 2837 undequaque
583 2775 986 2834 determinatum,
1026 2792 1140 2823 conc.
1219 2778 1402 2824 Saltem
1439 2776 1609 2838 primis
1646 2776 1788 2823 annis
1824 2785 1936 2838 post
1972 2776 2124 2824 divul-

211 2850 464 2911 gationem
501 2849 612 2896 libri
649 2859 696 2897 et
731 2849 926 2898 vivente
964 2860 1165 2898 auctore
1190 2852 1286 2898 hoc
1312 2851 1384 2898 ius
1410 2859 1481 2898 est
1507 2851 1712 2898 omnino
1740 2850 2121 2899 determinatum

212 2934 260 2972 et
295 2925 496 2972 clarum.
546 2925 678 2984 Quia
715 2934 876 2972 autem
913 2925 1202 2986 praesertim
1240 2934 1352 2987 post
1386 2925 1580 2987 longius
1612 2934 1806 2987 tempus
1831 2925 1982 2973 dubia
2007 2924 2123 2972 oriri

210 3007 438 3060 possunt,
478 2999 778 3046 auctoritatis
817 2999 970 3047 civilis
1007 3008 1107 3057 est,
1146 3000 1245 3047 hoc
1280 2999 1353 3047 ius
1389 2999 1664 3047 accuratius
1703 3000 2036 3047 determinare
2073 3008 2122 3047 et

210 3073 590 3121 determinatum
627 3073 883 3120 sanctione
919 3074 1125 3121 munire.

293 3163 394 3203 Obi.
425 3175 467 3212 3-
517 3155 732 3202 Pretium
770 3155 960 3202 auctori
999 3156 1220 3202 debitum
1258 3171 1317 3203 ex
1355 3157 1458 3202 sola
1495 3156 1605 3217 lege
1641 3154 1854 3202 naturali
1889 3163 2005 3218 apte
2041 3155 2122 3203 de-

211 3229 338 3275 finiri
372 3244 476 3275 non
512 3237 687 3290 potest.
760 3229 898 3289 Ergo
935 3230 1085 3277 debet
1121 3229 1439 3276 determinari
1477 3245 1567 3291 per
1602 3230 1764 3290 legem
1801 3229 1996 3277 civilem
2043 3230 2120 3277 vel

213 3319 302 3365 per
338 3313 483 3365 pacta
520 3302 934 3351 internationalia.
