2182 3682
205 160 307 221 382
608 168 722 197 PARS
756 169 804 198 II.
856 168 1170 198 PHILOSOPHIA
1204 169 1408 198 MORALIS
1444 169 1692 199 SPECIALIS.

200 303 256 367 b)
298 302 454 352 Multi
504 302 739 354 asseclae
795 303 1145 353 oeconomiae
1196 303 1445 370 politicae
1497 303 1802 354 liberalismi
1851 304 1921 354 ad
1971 304 2110 355 hanc

200 385 519 434 sententiam
560 386 904 447 devenerunt,
949 387 1074 452 quia
1109 385 1241 435 falso
1271 386 1650 452 supponebant
1678 387 1935 436 exsistere
1963 386 2111 453 leges

201 467 463 533 quasdam
515 468 808 530 naturales,
864 469 1055 534 quibus
1108 467 1341 518 humana
1391 468 1620 519 societas
1670 485 1767 519 sua
1805 477 1999 535 sponte
2040 469 2109 518 ad

200 549 464 615 optimum
515 557 713 599 statum
765 551 1114 616 perducatur,
1170 551 1470 600 dummodo
1520 550 1736 600 cuilibet
1775 551 2110 617 permittatur
2170 597 2182 605 „

198 648 296 681 suo
350 632 643 682 commodo
685 632 987 693 intendere,
1043 640 1203 698 prout
1243 633 1290 682 ei
1331 632 1554 693 libuerit,
1597 641 1651 683 et
1691 634 1979 683 auctoritas
2019 651 2110 700 pu-

197 713 337 764 blica
392 715 656 764 abstineat
711 715 780 764 ab
837 715 981 764 omni
1036 716 1306 765 activitate
1361 723 1571 781 praeter
1622 715 1846 765 tutelam
1899 716 2106 766 iurium.

198 797 246 860 c)
291 797 643 846 Darwinistae
681 797 925 863 denique,
970 806 1028 846 ut
1056 797 1125 846 H.
1158 796 1397 863 Spencer
1424 797 1603 862 («The
1642 815 1767 848 man
1793 815 1974 848 versus
2017 797 2110 848 the

198 877 434 943 State»)‚
493 879 544 928 in
601 879 829 929 eandem
884 881 1203 929 sententiam
1256 888 1611 946 pervenerunt
1660 897 1730 930 eX
1769 897 1865 930 sua
1906 880 2112 930 theoria

197 960 517 1011 evolutionis
569 970 621 1010 et
672 961 1000 1023 selectionis,
1056 980 1191 1028 quae
1232 962 1467 1012 innititur
1507 963 1764 1029 principio
1805 960 2110 1012 universalis

197 1060 411 1109 pugnae
453 1061 550 1109 pro
592 1045 916 1095 exsistentia.
986 1043 1135 1095 Sicut
1175 1046 1315 1094 enim
1360 1046 1408 1094 in
1450 1062 1617 1110 regno
1658 1043 1871 1095 animali
1897 1046 1948 1095 vi
1974 1044 2111 1095 illius

199 1142 412 1192 pugnae
464 1126 738 1176 individua
791 1127 978 1177 melius
1020 1127 1426 1177 condicionibus
1469 1127 1702 1177 externis
1742 1128 1999 1194 adaptata
2038 1144 2112 1176 re-

199 1208 341 1274 liqua
380 1209 597 1258 vincunt
646 1217 699 1259 et
738 1209 852 1259 sola
893 1227 950 1259 se
991 1219 1320 1276 propagant,
1376 1211 1448 1259 ita
1489 1210 1646 1259 etiam
1689 1210 1741 1258 in
1781 1210 1889 1259 vita
1928 1208 2111 1259 sociali

198 1291 376 1340 onmia
417 1290 614 1340 liberae
655 1293 1024 1357 competitioni
1061 1292 1459 1341 individuorum
1487 1292 1848 1357 permittenda
1873 1300 2012 1352 sunt,
2055 1298 2112 1341 ut

198 1372 302 1423 hoc
326 1373 491 1422 modo
514 1373 757 1423 homines
780 1374 967 1423 melius
995 1375 1237 1439 adaptati
1264 1375 1478 1424 vincant
1506 1383 1559 1424 et
1587 1373 1683 1424 soli
1711 1391 1768 1424 se
1790 1381 2107 1440 propagent.

271 1455 364 1505 Ab
406 1455 507 1505 hac
548 1457 810 1506 sententia
847 1474 952 1506 non
995 1456 1204 1506 differre
1243 1458 1489 1506 videntur
1527 1458 1574 1518 ii,
1619 1457 1710 1522 qui
1739 1457 1922 1506 dicunt
1947 1456 2109 1506 socie-

199 1540 320 1588 tatis
373 1538 536 1588 civilis
588 1537 749 1588 finem
802 1556 918 1588 esse
970 1539 1113 1589 lucri
1162 1539 1405 1589 ordinem
1458 1538 1776 1601 imz‘dz'cmn,
1831 1539 1859 1588 i.
1905 1556 1948 1589 e.
2000 1539 2112 1588 iura

198 1622 415 1686 privata.
485 1620 643 1670 Dixi:
688 1622 796 1670 iura
826 1621 1059 1686 privata
1101 1621 1185 1671 vel
1227 1622 1569 1687 privatorum,
1615 1638 1723 1671 non
1762 1622 1873 1670 iura
1888 1620 2110 1686 publica

197 1704 360 1769 ipsius
411 1704 695 1754 societatis,
779 1704 919 1753 Nam
961 1705 1012 1753 in
1053 1703 1312 1753 solvenda
1353 1705 1683 1770 quaestione,
1728 1705 1847 1770 quis
1886 1705 1954 1753 sit
1993 1703 2111 1752 finis

197 1786 449 1847 civitatis,
512 1803 619 1835 non
681 1795 862 1852 potest
920 1787 1030 1836 sine
1092 1786 1289 1836 circulo
1348 1787 1540 1836 vitioso
1601 1787 1669 1835 ad
1724 1787 1837 1835 iura
1895 1785 2110 1852 publica

194 1868 358 1934 ipsius
413 1869 636 1918 civitatis
689 1870 898 1919 recurri.
982 1868 1179 1918 Civitas
1235 1870 1374 1918 enim
1427 1869 1590 1918 habet
1642 1885 1705 1918 ea
1760 1868 1938 1918 onmia
1979 1869 2106 1928 iura,

196 1967 334 2016 quae
387 1951 433 2000 ei
484 1951 553 2000 ad
606 1952 1016 2001 convenientem
1062 1952 1451 2001 assecutionem
1494 1951 1572 2000 sui
1614 1950 1730 2000 finis
1770 1959 1894 2000 sunt
1934 1967 2111 2000 neces-

194 2034 342 2083 saria.
424 2033 578 2098 Ergo
620 2042 910 2100 antequam
950 2034 1083 2084 scire
1128 2034 1354 2099 possim,
1400 2051 1536 2099 quae
1576 2034 1681 2082 sint
1720 2033 1830 2082 iura
1871 2033 2110 2096 civitatis,

195 2116 371 2166 debeo
414 2117 562 2177 scire,
606 2117 724 2182 quis
765 2117 831 2166 sit
872 2117 982 2165 eius
1025 2116 1157 2166 finis.
1229 2116 1371 2165 Finis
1413 2116 1553 2165 enim
1596 2124 1675 2165 est
1717 2116 1849 2164 ratio
1891 2123 1944 2165 et
1973 2132 2112 2165 men-

194 2215 316 2248 sura
363 2198 551 2248 iurium
603 2198 940 2264 publicorum
995 2199 1234 2248 civitatis.
1318 2198 1460 2247 Hinc
1511 2198 1554 2246 si
1594 2214 1819 2263 quaero:
1875 2197 1990 2263 quis
2031 2205 2111 2246 est

195 2280 311 2330 finis
351 2280 605 2331 civitatis?
644 2298 753 2330 non
793 2298 1012 2347 possum
1052 2281 1164 2330 sine
1206 2280 1402 2330 circulo
1440 2280 1793 2345 respondere:
1837 2280 1970 2329 tueri
1997 2280 2109 2328 iura

193 2362 407 2429 publica
448 2363 694 2413 civitatis.

868 2481 1137 2530 THESIS
1176 2483 1427 2529 LXXXI.

197 2589 344 2642 510.
429 2586 677 2633 Civitatis
713 2585 841 2632 finis
880 2600 993 2633 non
1033 2592 1118 2632 est
1154 2586 1274 2633 sola
1324 2584 1579 2633 custodia
1627 2583 1838 2632 ordinis
1890 2583 2105 2630 iuridici

195 2664 265 2709 ad
304 2661 657 2709 efficiendam
695 2660 967 2708 libertatis
1005 2660 1366 2708 harmoniam
1406 2659 1726 2707 necessarii.

199 2763 477 2817 (Liberam-e,
513 2765 665 2804 Ethica
697 2765 748 2812 II,
786 2779 823 2803 n.
860 2774 929 2813 42.
993 2764 1150 2815 Aleyer,
1184 2764 1364 2802 Institut.
1401 2763 1501 2801 iuris
1535 2771 1618 2801 nat.
1654 2777 1694 2814 p.
1729 2762 1783 2811 II,
1820 2775 1858 2801 n.
1895 2769 1977 2812 305
2014 2775 2104 2813 sqq.

908 2831 1148 2882 Moralphil.
1182 2832 1223 2869 H
1257 2829 1380 2881 496.)

273 2936 438 2983 Prob.
488 2951 529 2983 1.
610 2935 762 2985 Haec
816 2935 1058 2984 doctrina
1110 2942 1189 2983 est
1230 2933 1568 2983 insufficiens.
1650 2933 1794 2982 Finis
1834 2931 2105 2982 societatis

196 3016 359 3066 civilis
399 3018 639 3066 consistit
676 3018 726 3066 in
756 3017 814 3066 iis
843 3017 1013 3077 bonis,
1058 3017 1128 3065 ob
1159 3032 1298 3081 quae
1327 3016 1519 3065 eadem
1547 3015 1839 3080 generatim
1869 3014 2104 3063 humano

196 3100 376 3164 generi
417 3100 712 3149 necessaria
753 3116 869 3148 esse
910 3097 1248 3163 intellegitur.
1318 3098 1490 3164 Atqui
1527 3098 1756 3147 societas
1797 3095 1960 3146 civilis
1996 3112 2101 3144 non

195 3180 370 3230 solum
420 3182 717 3236 necessaria
758 3190 838 3230 est
878 3189 1099 3246 propter
1140 3190 1381 3229 mutuam
1422 3180 1762 3229 securitatem
1803 3185 1856 3228 et
1895 3193 2102 3244 pacem,

197 3263 293 3312 sed
334 3264 493 3312 etiam
534 3271 753 3329 propter
793 3262 893 3312 alia
932 3263 1101 3323 bona,
1152 3262 1219 3310 ad
1263 3279 1400 3327 quae
1442 3261 1736 3311 obtinenda
1775 3259 1964 3326 privati
2004 3258 2104 3308 sibi

200 3362 306 3394 non
347 3345 616 3395 sufficiunt
657 3348 725 3410 (n.
769 3346 913 3407 481).
997 3344 1151 3408 Ergo
1185 3385 1191 3392 .
1229 3385 1235 3392 .
1272 3385 1278 3392 .
