2182 3682
608 186 760 213 CAPUT
796 186 833 213 V.
887 186 948 213 DF.
982 184 1101 212 LEGE
1135 185 1390 214 NATURALI.
1848 188 1938 238 131

52 333 264 374 aeterna
316 337 598 371 commune
650 320 888 369 omnium
929 318 1108 384 legum
1158 319 1531 384 temporalium
1573 321 1846 387 exemplar
1885 339 1946 372 ac

55 396 367 472 priffcipium
407 410 654 462 vocatur;

130 493 183 556 3)
237 491 447 541 ratione
498 490 733 539 auctoris
786 489 1077 539 immediati
1131 490 1183 539 in
1234 488 1410 555 legem
1462 490 1703 539 divinam
1756 501 1808 541 et
1860 492 1947 542 lm-

54 591 308 636 manam;
349 573 551 622 ratione
577 572 933 636 fimdczmenli
968 579 1021 620 et
1061 571 1209 620 modi
1249 570 1693 637 promulgationis
1721 573 1771 621 in
1806 583 1948 623 uatu-

56 655 230 706 ralem
271 663 323 704 et
352 654 661 719 posz‘lz'vam.
732 654 850 702 Lex
889 653 1117 719 positiva
1155 653 1508 703 subdividitur
1546 654 1597 702 in
1639 655 1869 703 divinam
1898 664 1951 705 et

55 738 343 787 humanam
383 743 436 786 et
475 735 608 785 haec
648 735 912 801 posterior
950 736 1003 784 in
1044 734 1458 785 ecclesiasticam
1500 743 1553 784 et
1594 735 1816 785 civilem.

129 819 300 868 Nobis
364 818 449 868 hic
514 817 768 883 imprimis
835 818 901 866 de
962 816 1081 882 lege
1140 816 1363 866 naturali
1421 817 1707 882 agendum.
1807 818 1951 867 Prius

54 910 233 951 tamen
274 900 341 949 de
382 900 493 949 eius
534 899 809 965 principio,
854 898 943 948 scl.
990 899 1056 948 de
1094 897 1213 964 lege
1242 907 1469 959 aeterna,
1514 899 1779 964 quaedam
1807 917 1950 965 prae-

55 981 314 1032 mittenda
353 990 488 1031 sunt.

631 1112 658 1166 ξ
693 1125 730 1154 2.
780 1114 859 1153 DE
891 1114 1047 1153 LEGE
1082 1113 1374 1154 AETERNA.

764 1230 1031 1279 THESIS
1067 1231 1242 1277 XXII.

65 1344 205 1398 152.
287 1341 514 1389 Exsistit
549 1341 604 1388 in
644 1342 765 1388 Deo
802 1342 890 1388 lex
926 1348 1168 1388 aeterna.

118 1451 179 1504 (S.
222 1453 359 1491 Tlmm.
400 1463 433 1500 Ι,
471 1463 507 1500 2,
543 1466 579 1504 q.
618 1463 684 1501 91,
720 1467 755 1491 a.
796 1462 810 1489 1
850 1460 889 1490 et
924 1466 961 1503 q.
997 1462 1066 1501 93.
1121 1453 1287 1497 Sam-ez,
1320 1451 1387 1490 De
1420 1452 1498 1503 leg.
1535 1451 1560 1489 l.
1598 1463 1635 1501 2,
1672 1466 1704 1491 c.
1747 1450 1891 1502 1—4.)

132 1563 296 1610 Prob.
347 1569 402 1609 et
450 1561 642 1622 explic.
740 1561 913 1610 «Nihil
969 1570 1048 1611 est
1103 1560 1312 1622 aliud»,
1375 1562 1541 1627 inquit
1599 1560 1649 1611 S.
1719 1561 1956 1611 Tllmnas

57 1644 102 1708 (Ι
128 1685 138 1705 ,
195 1657 253 1705 2,
297 1661 346 1710 q.
392 1657 488 1707 91,
543 1660 586 1693 a.
640 1644 714 1706 Ι),
765 1642 882 1692 «lex
924 1661 1085 1709 quam
1128 1644 1393 1693 dictamen
1436 1644 1700 1709 practicae
1742 1644 1956 1694 rationis

56 1727 108 1775 in
149 1726 413 1792 principe,
466 1725 553 1791 qui
594 1725 856 1791 gubernat
896 1724 1126 1791 aliquam
1168 1726 1605 1775 communitatem
1646 1725 1952 1791 perfectam.

58 1807 402 1857 Manifestum
455 1815 535 1857 est
585 1816 790 1868 autem,
845 1808 1125 1874 supposito
1167 1807 1314 1873 quod
1355 1807 1585 1856 mundus
1627 1808 1801 1857 divina
1842 1825 1957 1874 pro-

56 1890 290 1939 videntia
330 1897 568 1956 regatur,
626 1889 773 1955 quod
815 1897 930 1939 tota
971 1890 1325 1939 communitas
1366 1889 1590 1939 universi
1633 1890 1958 1955 gubernatur

57 1972 259 2022 ratione
310 1972 499 2021 divina.
582 1971 650 2020 Et
701 1972 823 2021 ideo
880 1972 995 2038 ipsa
1046 1972 1176 2021 ratio
1230 1972 1629 2037 gubernationis
1682 1989 1855 2021 rerum
1905 1973 1956 2021 in

57 2054 204 2115 Deo,
262 2054 398 2104 sicut
453 2054 503 2102 in
559 2053 797 2119 principe
852 2054 1204 2103 universitatis
1260 2054 1547 2113 exsistens,
1608 2052 1739 2118 legis
1795 2054 1958 2103 habet

57 2135 329 2186 rationem.
412 2136 481 2185 Et
533 2137 655 2201 quia
707 2136 881 2185 divina
934 2136 1064 2185 ratio
1117 2134 1243 2184 nihil
1297 2135 1529 2201 concipit
1582 2153 1650 2184 ex
1697 2143 1954 2202 tempore,

57 2218 154 2268 sed
205 2218 369 2268 habet
419 2226 693 2268 aeternum
734 2226 1085 2283 conceptum,
1145 2218 1267 2267 inde
1309 2227 1417 2277 est,
1470 2218 1616 2283 quod
1658 2217 1959 2268 huiusmodi

60 2298 235 2366 legem
295 2307 512 2366 oportet
568 2299 743 2349 dicere
804 2308 1128 2349 aeternam».
1229 2298 1379 2348 Haec
1440 2299 1630 2348 eadem
1690 2298 1776 2348 lex
1834 2299 1958 2349 alibi

59 2383 141 2446 (1,
198 2396 256 2443 2,
312 2400 362 2448 q.
406 2395 504 2446 93,
557 2398 602 2432 a.
656 2382 702 2445 Ι)
754 2398 785 2432 a
837 2381 888 2432 S.
936 2382 1176 2431 Doctore
1226 2388 1473 2431 vocatur:
1536 2382 1698 2431 «ratio
1752 2381 1957 2431 divinae

59 2465 374 2531 sapientiae,
428 2464 726 2514 secundum
768 2464 916 2529 quod
958 2472 1038 2513 est
1079 2464 1333 2513 directiva
1374 2464 1609 2512 omnium
1651 2474 1865 2513 actuum
1907 2472 1959 2513 et

60 2547 389 2596 motionum»
436 2546 505 2610 (in
547 2546 787 2596 debitum
829 2546 1025 2610 finem).

68 2697 210 2751 153.
289 2687 347 2737 In
388 2687 487 2738 hac
528 2687 778 2738 latissima
817 2687 1204 2753 significatione
1246 2687 1335 2737 lex
1376 2695 1589 2737 aeterna
1629 2703 1815 2737 omnes
1851 2703 1958 2736 om-

62 2770 185 2819 nino
237 2778 440 2830 motus,
495 2770 654 2819 etiam
706 2770 905 2819 entium
957 2769 1360 2831 irrationalium,
1415 2770 1466 2818 in
1520 2768 1680 2818 finem
1720 2768 1960 2818 debitum

62 2852 252 2918 dirigit.
333 2852 549 2918 Proprie
601 2860 781 2902 tamen
833 2853 967 2902 ratio
1021 2852 1229 2902 divinae
1280 2851 1571 2918 sapientiae
1624 2850 1814 2900 dicitur
1853 2850 1956 2910 lex,

63 2932 324 3000 quatenus
376 2933 596 2983 refertur
647 2934 715 2983 ad
769 2934 1117 2984 directionem
1161 2933 1361 2984 entium
1401 2931 1734 2983 rationalium
1777 2940 1830 2982 et
1868 2932 1959 2982 ob-

63 3014 370 3080 ligationem
397 3015 637 3082 imponit.
707 3015 831 3066 Hoc
858 3017 1122 3066 strictiore
1150 3033 1308 3066 sensu
1336 3016 1404 3065 ad
1432 3022 1668 3064 mentem
1698 3013 1749 3063 S.
1781 3013 1959 3079 Augu-

63 3096 192 3146 stini
227 3095 447 3161 (Contra
485 3097 663 3147 Faust.
707 3096 736 3147 l.
782 3111 865 3158 22,
911 3114 954 3148 c,
988 3098 1077 3162 27)
1118 3097 1207 3147 lex
1247 3106 1462 3147 aeterna
1503 3103 1645 3145 recte
1686 3095 1957 3145 definitur:

66 3179 206 3243 ratio
247 3187 297 3228 el
326 3179 572 3229 voluntas
598 3179 784 3228 divina
815 3180 1057 3229 ordinem
1085 3179 1395 3229 naturalem
1422 3176 1740 3228 conservari
1763 3175 1959 3237 iubens,

52 3260 376 3324 perturbari
406 3269 607 3311 vetans.
672 3260 925 3311 Consistit
953 3278 1082 3328 ergo
1111 3262 1163 3311 in
1191 3260 1477 3311 dictamine
1506 3258 1741 3325 practico
1771 3259 1962 3308 mentis

64 3330 286 3402 divinae,
331 3359 437 3409 quo
466 3342 614 3392 Deus
653 3342 721 3392 ab
764 3350 986 3393 externo
1028 3343 1097 3393 ad
1139 3350 1402 3393 creaturas
1442 3339 1723 3389 rationales
1753 3339 1961 3389 ordinat

1639 3427 1704 3476 923⁴
