<?xml version="1.0" encoding="UTF-8"?>
<!DOCTYPE html PUBLIC "-//W3C//DTD XHTML 1.0 Transitional//EN"
    "http://www.w3.org/TR/xhtml1/DTD/xhtml1-transitional.dtd">
<html xmlns="http://www.w3.org/1999/xhtml" xml:lang="en" lang="en">
 <head>
  <title>
</title>
<meta http-equiv="Content-Type" content="text/html;charset=utf-8" />
  <meta name='ocr-system' content='tesseract 3.04.00' />
  <meta name='ocr-capabilities' content='ocr_page ocr_carea ocr_par ocr_line ocrx_word'/>
</head>
<body>
  <div class='ocr_page' id='page_1' title='image "./philosophiamoral00cath_0479.png"; bbox 0 0 2182 3682; ppageno 0'>
   <div class='ocr_carea' id='block_1_1' title="bbox 523 168 1958 226">
    <p class='ocr_par' dir='ltr' id='par_1_1' title="bbox 523 168 1958 226">
     <span class='ocr_line' id='line_1_1' title="bbox 523 168 1958 226; baseline 0.003 -29"><span class='ocrx_word' id='word_1_1' title='bbox 523 168 610 199; x_wconf 87' lang='lat' dir='ltr'><strong>LIB.</strong></span> <span class='ocrx_word' id='word_1_2' title='bbox 644 168 691 199; x_wconf 87' lang='lat'>11.</span> <span class='ocrx_word' id='word_1_3' title='bbox 739 168 840 199; x_wconf 87' lang='lat' dir='ltr'><strong>CAP.</strong></span> <span class='ocrx_word' id='word_1_4' title='bbox 874 168 941 198; x_wconf 85' lang='grc' dir='ltr'>ΙΙΙ.</span> <span class='ocrx_word' id='word_1_5' title='bbox 989 169 1051 197; x_wconf 89' lang='lat' dir='ltr'>DE</span> <span class='ocrx_word' id='word_1_6' title='bbox 1085 169 1340 199; x_wconf 87' lang='lat' dir='ltr'><strong>SOCIETATE</strong></span> <span class='ocrx_word' id='word_1_7' title='bbox 1373 171 1531 202; x_wconf 88' lang='lat' dir='ltr'><strong>CIVILI.</strong></span> <span class='ocrx_word' id='word_1_8' title='bbox 1854 171 1958 226; x_wconf 77' lang='lat'>455</span> 
     </span>
    </p>
   </div>
   <div class='ocr_carea' id='block_1_2' title="bbox 601 301 628 356">
    <p class='ocr_par' dir='ltr' id='par_1_2' title="bbox 601 301 628 356">
     <span class='ocr_line' id='line_1_2' title="bbox 601 301 628 356; textangle 90"><span class='ocrx_word' id='word_1_9' title='bbox 601 301 628 356; x_wconf 74' lang='lat' dir='ltr'>UD</span> 
     </span>
    </p>
   </div>
   <div class='ocr_carea' id='block_1_3' title="bbox 662 304 1423 346">
    <p class='ocr_par' dir='ltr' id='par_1_3' title="bbox 662 304 1423 346">
     <span class='ocr_line' id='line_1_3' title="bbox 662 304 1423 346; baseline 0.004 -4"><span class='ocrx_word' id='word_1_10' title='bbox 662 315 700 346; x_wconf 87' lang='lat'>2.</span> <span class='ocrx_word' id='word_1_11' title='bbox 749 305 827 343; x_wconf 90' lang='lat' dir='ltr'>DE</span> <span class='ocrx_word' id='word_1_12' title='bbox 861 304 1064 344; x_wconf 85' lang='lat' dir='ltr'><strong>EARUM</strong></span> <span class='ocrx_word' id='word_1_13' title='bbox 1097 304 1423 345; x_wconf 88' lang='lat' dir='ltr'><strong>LICEITATE.</strong></span> 
     </span>
    </p>
   </div>
   <div class='ocr_carea' id='block_1_4' title="bbox 767 420 1266 469">
    <p class='ocr_par' dir='ltr' id='par_1_4' title="bbox 767 420 1266 469">
     <span class='ocr_line' id='line_1_4' title="bbox 767 420 1266 469; baseline 0.004 -2"><span class='ocrx_word' id='word_1_14' title='bbox 767 420 1034 469; x_wconf 88' lang='lat' dir='ltr'><strong>THESIS</strong></span> <span class='ocrx_word' id='word_1_15' title='bbox 1071 421 1266 469; x_wconf 84' lang='lat' dir='ltr'><strong>XCIII.</strong></span> 
     </span>
    </p>
   </div>
   <div class='ocr_carea' id='block_1_5' title="bbox 69 521 1966 653">
    <p class='ocr_par' dir='ltr' id='par_1_5' title="bbox 69 521 1966 653">
     <span class='ocr_line' id='line_1_5' title="bbox 74 521 1966 603; baseline 0.003 -25"><span class='ocrx_word' id='word_1_16' title='bbox 74 521 218 573; x_wconf 89' lang='lat'>618.</span> <span class='ocrx_word' id='word_1_17' title='bbox 303 532 470 579; x_wconf 88' lang='lat' dir='ltr'>Nulla</span> <span class='ocrx_word' id='word_1_18' title='bbox 505 530 923 592; x_wconf 88' lang='lat' dir='ltr'>praedictarum</span> <span class='ocrx_word' id='word_1_19' title='bbox 962 531 1249 592; x_wconf 84' lang='lat' dir='ltr'>regiminis</span> <span class='ocrx_word' id='word_1_20' title='bbox 1285 532 1597 603; x_wconf 84' lang='lat' dir='ltr'>formarum</span> <span class='ocrx_word' id='word_1_21' title='bbox 1634 549 1736 595; x_wconf 89' lang='lat' dir='ltr'>per</span> <span class='ocrx_word' id='word_1_22' title='bbox 1778 549 1839 583; x_wconf 86' lang='lat' dir='ltr'>se</span> <span class='ocrx_word' id='word_1_23' title='bbox 1887 536 1966 583; x_wconf 90' lang='lat' dir='ltr'>in-</span> 
     </span>
     <span class='ocr_line' id='line_1_6' title="bbox 69 605 1023 653; baseline 0 -1"><span class='ocrx_word' id='word_1_24' title='bbox 69 605 214 652; x_wconf 88' lang='lat' dir='ltr'>iusta</span> <span class='ocrx_word' id='word_1_25' title='bbox 250 612 346 652; x_wconf 87' lang='lat' dir='ltr'>aut</span> <span class='ocrx_word' id='word_1_26' title='bbox 381 606 567 653; x_wconf 90' lang='lat' dir='ltr'>illicita</span> <span class='ocrx_word' id='word_1_27' title='bbox 604 607 886 653; x_wconf 86' lang='lat' dir='ltr'>censenda</span> <span class='ocrx_word' id='word_1_28' title='bbox 923 612 1023 652; x_wconf 89' lang='lat' dir='ltr'>est.</span> 
     </span>
    </p>
   </div>
   <div class='ocr_carea' id='block_1_6' title="bbox 68 714 1975 1667">
    <p class='ocr_par' dir='ltr' id='par_1_6' title="bbox 68 714 1973 1273">
     <span class='ocr_line' id='line_1_7' title="bbox 145 714 1968 781; baseline 0.003 -18"><span class='ocrx_word' id='word_1_29' title='bbox 145 716 309 763; x_wconf 87' lang='lat' dir='ltr'>Prob.</span> <span class='ocrx_word' id='word_1_30' title='bbox 350 730 390 763; x_wconf 88' lang='lat'>1.</span> <span class='ocrx_word' id='word_1_31' title='bbox 461 716 642 765; x_wconf 87' lang='lat' dir='ltr'>Potest</span> <span class='ocrx_word' id='word_1_32' title='bbox 670 715 925 776; x_wconf 87' lang='lat' dir='ltr'>accidere,</span> <span class='ocrx_word' id='word_1_33' title='bbox 958 723 1015 764; x_wconf 92' lang='lat' dir='ltr'>ut</span> <span class='ocrx_word' id='word_1_34' title='bbox 1042 714 1218 781; x_wconf 87' lang='lat' dir='ltr'>aliqua</span> <span class='ocrx_word' id='word_1_35' title='bbox 1244 716 1472 766; x_wconf 89' lang='lat' dir='ltr'>societas</span> <span class='ocrx_word' id='word_1_36' title='bbox 1500 716 1663 767; x_wconf 89' lang='lat' dir='ltr'>libera</span> <span class='ocrx_word' id='word_1_37' title='bbox 1691 716 1968 769; x_wconf 89' lang='lat' dir='ltr'>hominum</span> 
     </span>
     <span class='ocr_line' id='line_1_8' title="bbox 70 797 1970 864; baseline 0.002 -18"><span class='ocrx_word' id='word_1_38' title='bbox 70 797 424 847; x_wconf 78' lang='lat' dir='ltr'>conventione</span> <span class='ocrx_word' id='word_1_39' title='bbox 466 797 713 847; x_wconf 87' lang='lat' dir='ltr'>fundetur</span> <span class='ocrx_word' id='word_1_40' title='bbox 753 797 821 847; x_wconf 87' lang='lat' dir='ltr'>ab</span> <span class='ocrx_word' id='word_1_41' title='bbox 863 797 1169 847; x_wconf 85' lang='lat' dir='ltr'>hominibus</span> <span class='ocrx_word' id='word_1_42' title='bbox 1209 797 1708 864; x_wconf 86' lang='lat' dir='ltr'>independentibus.</span> <span class='ocrx_word' id='word_1_43' title='bbox 1765 799 1874 850; x_wconf 87' lang='lat' dir='ltr'>Iam</span> <span class='ocrx_word' id='word_1_44' title='bbox 1918 801 1970 851; x_wconf 90' lang='lat' dir='ltr'>in</span> 
     </span>
     <span class='ocr_line' id='line_1_9' title="bbox 69 878 1969 945; baseline 0.003 -18"><span class='ocrx_word' id='word_1_45' title='bbox 69 878 174 928; x_wconf 90' lang='lat' dir='ltr'>hoc</span> <span class='ocrx_word' id='word_1_46' title='bbox 203 895 328 929; x_wconf 90' lang='lat' dir='ltr'>casu</span> <span class='ocrx_word' id='word_1_47' title='bbox 357 886 593 945; x_wconf 80' lang='lat' dir='ltr'>possunt,</span> <span class='ocrx_word' id='word_1_48' title='bbox 636 880 770 929; x_wconf 92' lang='lat' dir='ltr'>sicut</span> <span class='ocrx_word' id='word_1_49' title='bbox 798 879 959 929; x_wconf 86' lang='lat' dir='ltr'>libere</span> <span class='ocrx_word' id='word_1_50' title='bbox 988 880 1315 929; x_wconf 89' lang='lat' dir='ltr'>constituunt</span> <span class='ocrx_word' id='word_1_51' title='bbox 1342 881 1669 943; x_wconf 89' lang='lat' dir='ltr'>societatem,</span> <span class='ocrx_word' id='word_1_52' title='bbox 1713 882 1785 932; x_wconf 87' lang='lat' dir='ltr'>ita</span> <span class='ocrx_word' id='word_1_53' title='bbox 1812 884 1969 933; x_wconf 91' lang='lat' dir='ltr'>etiam</span> 
     </span>
     <span class='ocr_line' id='line_1_10' title="bbox 70 960 1969 1029; baseline 0.003 -20"><span class='ocrx_word' id='word_1_54' title='bbox 70 960 232 1010; x_wconf 90' lang='lat' dir='ltr'>libere</span> <span class='ocrx_word' id='word_1_55' title='bbox 286 961 583 1011; x_wconf 89' lang='lat' dir='ltr'>subiectum</span> <span class='ocrx_word' id='word_1_56' title='bbox 642 962 968 1011; x_wconf 79' lang='lat' dir='ltr'>auctoritatis</span> <span class='ocrx_word' id='word_1_57' title='bbox 1025 962 1376 1012; x_wconf 85' lang='lat' dir='ltr'>determinare</span> <span class='ocrx_word' id='word_1_58' title='bbox 1431 970 1590 1029; x_wconf 91' lang='lat' dir='ltr'>atque</span> <span class='ocrx_word' id='word_1_59' title='bbox 1647 972 1969 1029; x_wconf 89' lang='lat' dir='ltr'>potestatem</span> 
     </span>
     <span class='ocr_line' id='line_1_11' title="bbox 68 1042 1970 1110; baseline 0.003 -19"><span class='ocrx_word' id='word_1_60' title='bbox 68 1059 373 1108; x_wconf 89' lang='lat' dir='ltr'>supremam</span> <span class='ocrx_word' id='word_1_61' title='bbox 422 1042 506 1093; x_wconf 79' lang='lat' dir='ltr'>vel</span> <span class='ocrx_word' id='word_1_62' title='bbox 562 1043 659 1092; x_wconf 85' lang='lat' dir='ltr'>sibi</span> <span class='ocrx_word' id='word_1_63' title='bbox 715 1044 937 1093; x_wconf 90' lang='lat' dir='ltr'>retinere</span> <span class='ocrx_word' id='word_1_64' title='bbox 988 1043 1071 1093; x_wconf 83' lang='lat' dir='ltr'>vel</span> <span class='ocrx_word' id='word_1_65' title='bbox 1128 1044 1178 1093; x_wconf 92' lang='lat' dir='ltr'>in</span> <span class='ocrx_word' id='word_1_66' title='bbox 1235 1062 1393 1094; x_wconf 88' lang='lat' dir='ltr'>unam</span> <span class='ocrx_word' id='word_1_67' title='bbox 1451 1062 1734 1110; x_wconf 77' lang='lat' dir='ltr'>personam</span> <span class='ocrx_word' id='word_1_68' title='bbox 1784 1046 1867 1096; x_wconf 81' lang='lat' dir='ltr'>vel</span> <span class='ocrx_word' id='word_1_69' title='bbox 1919 1048 1970 1096; x_wconf 90' lang='lat' dir='ltr'>in</span> 
     </span>
     <span class='ocr_line' id='line_1_12' title="bbox 69 1123 1973 1194; baseline 0.003 -20"><span class='ocrx_word' id='word_1_70' title='bbox 69 1123 287 1190; x_wconf 78' lang='lat' dir='ltr'>aliquod</span> <span class='ocrx_word' id='word_1_71' title='bbox 339 1124 623 1190; x_wconf 80' lang='lat' dir='ltr'><strong>collegium</strong></span> <span class='ocrx_word' id='word_1_72' title='bbox 674 1125 967 1176; x_wconf 85' lang='lat' dir='ltr'>transferre.</span> <span class='ocrx_word' id='word_1_73' title='bbox 1048 1125 1194 1192; x_wconf 87' lang='lat' dir='ltr'>Ergo</span> <span class='ocrx_word' id='word_1_74' title='bbox 1247 1126 1518 1193; x_wconf 77' lang='lat' dir='ltr'>quaelibet</span> <span class='ocrx_word' id='word_1_75' title='bbox 1569 1145 1638 1177; x_wconf 76' lang='lat' dir='ltr'>ex</span> <span class='ocrx_word' id='word_1_76' title='bbox 1690 1130 1973 1194; x_wconf 89' lang='lat' dir='ltr'>praedictis</span> 
     </span>
     <span class='ocr_line' id='line_1_13' title="bbox 71 1206 901 1273; baseline 0.001 -18"><span class='ocrx_word' id='word_1_77' title='bbox 71 1206 251 1256; x_wconf 88' lang='lat' dir='ltr'>formis</span> <span class='ocrx_word' id='word_1_78' title='bbox 292 1215 471 1273; x_wconf 89' lang='lat' dir='ltr'>potest</span> <span class='ocrx_word' id='word_1_79' title='bbox 511 1223 625 1257; x_wconf 87' lang='lat' dir='ltr'>esse</span> <span class='ocrx_word' id='word_1_80' title='bbox 666 1207 901 1273; x_wconf 89' lang='lat' dir='ltr'>ligitima.</span> 
     </span>
    </p>

    <p class='ocr_par' dir='ltr' id='par_1_7' title="bbox 70 1287 1975 1667">
     <span class='ocr_line' id='line_1_14' title="bbox 147 1287 1971 1358; baseline 0.004 -22"><span class='ocrx_word' id='word_1_81' title='bbox 147 1290 311 1336; x_wconf 88' lang='lat' dir='ltr'>Prob.</span> <span class='ocrx_word' id='word_1_82' title='bbox 349 1304 392 1337; x_wconf 84' lang='lat'>2.</span> <span class='ocrx_word' id='word_1_83' title='bbox 470 1287 757 1353; x_wconf 75' lang='lat' dir='ltr'>Quaelibet</span> <span class='ocrx_word' id='word_1_84' title='bbox 797 1289 966 1339; x_wconf 89' lang='lat' dir='ltr'>forma</span> <span class='ocrx_word' id='word_1_85' title='bbox 1007 1290 1272 1355; x_wconf 88' lang='lat' dir='ltr'>regiminis</span> <span class='ocrx_word' id='word_1_86' title='bbox 1313 1290 1453 1341; x_wconf 91' lang='lat' dir='ltr'>licita</span> <span class='ocrx_word' id='word_1_87' title='bbox 1493 1301 1587 1352; x_wconf 91' lang='lat' dir='ltr'>est,</span> <span class='ocrx_word' id='word_1_88' title='bbox 1631 1292 1682 1342; x_wconf 89' lang='lat' dir='ltr'>in</span> <span class='ocrx_word' id='word_1_89' title='bbox 1724 1309 1827 1358; x_wconf 90' lang='lat' dir='ltr'>qua</span> <span class='ocrx_word' id='word_1_90' title='bbox 1856 1309 1971 1343; x_wconf 89' lang='lat' dir='ltr'>auc-</span> 
     </span>
     <span class='ocr_line' id='line_1_15' title="bbox 71 1371 1969 1441; baseline 0.003 -22"><span class='ocrx_word' id='word_1_91' title='bbox 71 1372 255 1420; x_wconf 82' lang='lat' dir='ltr'>toritas</span> <span class='ocrx_word' id='word_1_92' title='bbox 294 1371 367 1420; x_wconf 90' lang='lat' dir='ltr'>ita</span> <span class='ocrx_word' id='word_1_93' title='bbox 406 1371 644 1421; x_wconf 72' lang='lat' dir='ltr'>exerceri</span> <span class='ocrx_word' id='word_1_94' title='bbox 683 1378 878 1437; x_wconf 90' lang='lat' dir='ltr'>potest,</span> <span class='ocrx_word' id='word_1_95' title='bbox 923 1380 980 1421; x_wconf 89' lang='lat' dir='ltr'>ut</span> <span class='ocrx_word' id='word_1_96' title='bbox 1021 1372 1137 1422; x_wconf 85' lang='lat' dir='ltr'>finis</span> <span class='ocrx_word' id='word_1_97' title='bbox 1164 1374 1434 1423; x_wconf 87' lang='lat' dir='ltr'>societatis</span> <span class='ocrx_word' id='word_1_98' title='bbox 1466 1373 1628 1423; x_wconf 86' lang='lat' dir='ltr'>civilis</span> <span class='ocrx_word' id='word_1_99' title='bbox 1668 1375 1969 1441; x_wconf 81' lang='lat' dir='ltr'>attingatur.</span> 
     </span>
     <span class='ocr_line' id='line_1_16' title="bbox 71 1452 1974 1520; baseline 0.003 -19"><span class='ocrx_word' id='word_1_100' title='bbox 71 1452 242 1518; x_wconf 67' lang='lat' dir='ltr'>Atqui</span> <span class='ocrx_word' id='word_1_101' title='bbox 277 1452 381 1502; x_wconf 90' lang='lat' dir='ltr'>hoc</span> <span class='ocrx_word' id='word_1_102' title='bbox 423 1452 532 1502; x_wconf 85' lang='lat' dir='ltr'>fieri</span> <span class='ocrx_word' id='word_1_103' title='bbox 573 1461 781 1519; x_wconf 81' lang='lat' dir='ltr'>potest,</span> <span class='ocrx_word' id='word_1_104' title='bbox 827 1454 935 1503; x_wconf 81' lang='lat' dir='ltr'>sive</span> <span class='ocrx_word' id='word_1_105' title='bbox 977 1453 1147 1503; x_wconf 88' lang='lat' dir='ltr'>forma</span> <span class='ocrx_word' id='word_1_106' title='bbox 1187 1455 1454 1520; x_wconf 87' lang='lat' dir='ltr'>regiminis</span> <span class='ocrx_word' id='word_1_107' title='bbox 1496 1463 1576 1505; x_wconf 90' lang='lat' dir='ltr'>est</span> <span class='ocrx_word' id='word_1_108' title='bbox 1615 1457 1974 1507; x_wconf 88' lang='lat' dir='ltr'>aristocratica</span> 
     </span>
     <span class='ocr_line' id='line_1_17' title="bbox 70 1534 1975 1589; baseline 0.003 -6"><span class='ocrx_word' id='word_1_109' title='bbox 70 1534 179 1584; x_wconf 83' lang='lat' dir='ltr'>sive</span> <span class='ocrx_word' id='word_1_110' title='bbox 207 1535 567 1585; x_wconf 87' lang='lat' dir='ltr'>democratica</span> <span class='ocrx_word' id='word_1_111' title='bbox 593 1535 703 1584; x_wconf 83' lang='lat' dir='ltr'>sive</span> <span class='ocrx_word' id='word_1_112' title='bbox 732 1536 1087 1586; x_wconf 89' lang='lat' dir='ltr'>monarchica.</span> <span class='ocrx_word' id='word_1_113' title='bbox 1145 1537 1205 1586; x_wconf 86' lang='lat' dir='ltr'>Id</span> <span class='ocrx_word' id='word_1_114' title='bbox 1235 1537 1394 1586; x_wconf 88' lang='lat' dir='ltr'>etiam</span> <span class='ocrx_word' id='word_1_115' title='bbox 1436 1537 1651 1587; x_wconf 88' lang='lat' dir='ltr'>historia</span> <span class='ocrx_word' id='word_1_116' title='bbox 1679 1538 1975 1589; x_wconf 85' lang='lat' dir='ltr'>luculenter</span> 
     </span>
     <span class='ocr_line' id='line_1_18' title="bbox 73 1616 365 1667; baseline 0.007 -2"><span class='ocrx_word' id='word_1_117' title='bbox 73 1616 365 1667; x_wconf 80' lang='lat' dir='ltr'>confirmat.</span> 
     </span>
    </p>
   </div>
   <div class='ocr_carea' id='block_1_7' title="bbox 72 1754 1978 2401">
    <p class='ocr_par' dir='ltr' id='par_1_8' title="bbox 72 1754 1978 2401">
     <span class='ocr_line' id='line_1_19' title="bbox 75 1754 1975 1827; baseline 0.003 -22"><span class='ocrx_word' id='word_1_118' title='bbox 75 1754 221 1818; x_wconf 84' lang='lat'>619.</span> <span class='ocrx_word' id='word_1_119' title='bbox 303 1755 476 1806; x_wconf 76' lang='lat' dir='ltr'>Sclcol.</span> <span class='ocrx_word' id='word_1_120' title='bbox 534 1755 589 1807; x_wconf 81' lang='lat' dir='ltr'>Si</span> <span class='ocrx_word' id='word_1_121' title='bbox 618 1758 899 1823; x_wconf 89' lang='lat' dir='ltr'>quaeritur,</span> <span class='ocrx_word' id='word_1_122' title='bbox 944 1774 1207 1823; x_wconf 84' lang='lat' dir='ltr'>quaenam</span> <span class='ocrx_word' id='word_1_123' title='bbox 1238 1775 1307 1807; x_wconf 72' lang='lat' dir='ltr'>ex</span> <span class='ocrx_word' id='word_1_124' title='bbox 1336 1759 1488 1808; x_wconf 84' lang='lat' dir='ltr'>dictis</span> <span class='ocrx_word' id='word_1_125' title='bbox 1524 1759 1703 1809; x_wconf 84' lang='lat' dir='ltr'>formis</span> <span class='ocrx_word' id='word_1_126' title='bbox 1732 1770 1975 1827; x_wconf 92' lang='lat' dir='ltr'>respectu</span> 
     </span>
     <span class='ocr_line' id='line_1_20' title="bbox 72 1839 1975 1910; baseline 0.004 -23"><span class='ocrx_word' id='word_1_127' title='bbox 72 1839 286 1903; x_wconf 87' lang='lat' dir='ltr'>originis</span> <span class='ocrx_word' id='word_1_128' title='bbox 341 1839 511 1904; x_wconf 89' lang='lat' dir='ltr'>magis</span> <span class='ocrx_word' id='word_1_129' title='bbox 565 1840 871 1889; x_wconf 84' lang='lat' dir='ltr'>immediate</span> <span class='ocrx_word' id='word_1_130' title='bbox 928 1840 1178 1889; x_wconf 87' lang='lat' dir='ltr'>naturalis</span> <span class='ocrx_word' id='word_1_131' title='bbox 1234 1841 1337 1890; x_wconf 77' lang='lat' dir='ltr'>clici</span> <span class='ocrx_word' id='word_1_132' title='bbox 1392 1850 1580 1907; x_wconf 85' lang='lat' dir='ltr'>queat,</span> <span class='ocrx_word' id='word_1_133' title='bbox 1643 1842 1775 1893; x_wconf 82' lang='lat' dir='ltr'>haec</span> <span class='ocrx_word' id='word_1_134' title='bbox 1831 1861 1975 1910; x_wconf 87' lang='lat' dir='ltr'>prae-</span> 
     </span>
     <span class='ocr_line' id='line_1_21' title="bbox 72 1922 1978 1992; baseline 0.003 -21"><span class='ocrx_word' id='word_1_135' title='bbox 72 1922 311 1987; x_wconf 87' lang='lat' dir='ltr'>rogativa</span> <span class='ocrx_word' id='word_1_136' title='bbox 362 1938 432 1970; x_wconf 74' lang='lat' dir='ltr'>ex</span> <span class='ocrx_word' id='word_1_137' title='bbox 481 1929 662 1970; x_wconf 89' lang='lat' dir='ltr'>nostra</span> <span class='ocrx_word' id='word_1_138' title='bbox 713 1923 973 1971; x_wconf 87' lang='lat' dir='ltr'>sententia</span> <span class='ocrx_word' id='word_1_139' title='bbox 1015 1924 1084 1986; x_wconf 79' lang='lat' dir='ltr'>(n.</span> <span class='ocrx_word' id='word_1_140' title='bbox 1133 1923 1256 1987; x_wconf 80' lang='lat'>503)</span> <span class='ocrx_word' id='word_1_141' title='bbox 1309 1941 1433 1989; x_wconf 91' lang='lat' dir='ltr'>prae</span> <span class='ocrx_word' id='word_1_142' title='bbox 1487 1925 1673 1974; x_wconf 91' lang='lat' dir='ltr'>ceteris</span> <span class='ocrx_word' id='word_1_143' title='bbox 1720 1928 1978 1992; x_wconf 89' lang='lat' dir='ltr'>competit</span> 
     </span>
     <span class='ocr_line' id='line_1_22' title="bbox 73 2003 1978 2074; baseline 0.003 -21"><span class='ocrx_word' id='word_1_144' title='bbox 73 2004 274 2054; x_wconf 89' lang='lat' dir='ltr'>formae</span> <span class='ocrx_word' id='word_1_145' title='bbox 311 2003 695 2064; x_wconf 88' lang='lat' dir='ltr'>monarchicae,</span> <span class='ocrx_word' id='word_1_146' title='bbox 741 2021 877 2070; x_wconf 86' lang='lat' dir='ltr'>quae</span> <span class='ocrx_word' id='word_1_147' title='bbox 918 2004 1195 2070; x_wconf 88' lang='lat' dir='ltr'>hucusque</span> <span class='ocrx_word' id='word_1_148' title='bbox 1224 2005 1420 2070; x_wconf 86' lang='lat' dir='ltr'>ubique</span> <span class='ocrx_word' id='word_1_149' title='bbox 1450 2009 1783 2057; x_wconf 90' lang='lat' dir='ltr'>communius</span> <span class='ocrx_word' id='word_1_150' title='bbox 1810 2009 1978 2074; x_wconf 85' lang='lat' dir='ltr'>viguit</span> 
     </span>
     <span class='ocr_line' id='line_1_23' title="bbox 75 2085 1976 2153; baseline 0.002 -17"><span class='ocrx_word' id='word_1_151' title='bbox 75 2094 143 2147; x_wconf 91' lang='lat' dir='ltr'>et,</span> <span class='ocrx_word' id='word_1_152' title='bbox 189 2094 448 2152; x_wconf 87' lang='lat' dir='ltr'>quantum</span> <span class='ocrx_word' id='word_1_153' title='bbox 488 2102 556 2134; x_wconf 80' lang='lat' dir='ltr'>eX</span> <span class='ocrx_word' id='word_1_154' title='bbox 598 2085 814 2135; x_wconf 89' lang='lat' dir='ltr'>historia</span> <span class='ocrx_word' id='word_1_155' title='bbox 855 2095 1079 2147; x_wconf 88' lang='lat' dir='ltr'>constat,</span> <span class='ocrx_word' id='word_1_156' title='bbox 1124 2095 1367 2153; x_wconf 91' lang='lat' dir='ltr'>tempore</span> <span class='ocrx_word' id='word_1_157' title='bbox 1409 2089 1578 2153; x_wconf 85' lang='lat' dir='ltr'>prima</span> <span class='ocrx_word' id='word_1_158' title='bbox 1618 2089 1726 2139; x_wconf 88' lang='lat' dir='ltr'>fuit.</span> <span class='ocrx_word' id='word_1_159' title='bbox 1783 2090 1869 2139; x_wconf 75' lang='lat' dir='ltr'>Ex</span> <span class='ocrx_word' id='word_1_160' title='bbox 1910 2091 1976 2140; x_wconf 87' lang='lat' dir='ltr'>fa-</span> 
     </span>
     <span class='ocr_line' id='line_1_24' title="bbox 77 2167 1977 2235; baseline 0.004 -19"><span class='ocrx_word' id='word_1_161' title='bbox 77 2167 217 2217; x_wconf 91' lang='lat' dir='ltr'>milia</span> <span class='ocrx_word' id='word_1_162' title='bbox 272 2168 410 2217; x_wconf 90' lang='lat' dir='ltr'>enim</span> <span class='ocrx_word' id='word_1_163' title='bbox 467 2167 801 2233; x_wconf 89' lang='lat' dir='ltr'>patriarchali</span> <span class='ocrx_word' id='word_1_164' title='bbox 846 2168 1256 2218; x_wconf 84' lang='lat' dir='ltr'>connaturaliter</span> <span class='ocrx_word' id='word_1_165' title='bbox 1299 2170 1533 2235; x_wconf 91' lang='lat' dir='ltr'>regimen</span> <span class='ocrx_word' id='word_1_166' title='bbox 1578 2173 1977 2223; x_wconf 87' lang='lat' dir='ltr'>monarchicum</span> 
     </span>
     <span class='ocr_line' id='line_1_25' title="bbox 76 2250 1978 2319; baseline 0.003 -20"><span class='ocrx_word' id='word_1_167' title='bbox 76 2258 251 2300; x_wconf 91' lang='lat' dir='ltr'>ortum</span> <span class='ocrx_word' id='word_1_168' title='bbox 292 2258 385 2299; x_wconf 93' lang='lat' dir='ltr'>est.</span> <span class='ocrx_word' id='word_1_169' title='bbox 442 2250 499 2298; x_wconf 89' lang='lat' dir='ltr'>In</span> <span class='ocrx_word' id='word_1_170' title='bbox 542 2259 798 2315; x_wconf 85' lang='lat' dir='ltr'>quantum</span> <span class='ocrx_word' id='word_1_171' title='bbox 840 2258 1018 2300; x_wconf 91' lang='lat' dir='ltr'>autem</span> <span class='ocrx_word' id='word_1_172' title='bbox 1047 2268 1116 2300; x_wconf 82' lang='lat' dir='ltr'>eX</span> <span class='ocrx_word' id='word_1_173' title='bbox 1156 2252 1420 2317; x_wconf 85' lang='lat' dir='ltr'>praesenti</span> <span class='ocrx_word' id='word_1_174' title='bbox 1460 2261 1704 2319; x_wconf 91' lang='lat' dir='ltr'>tempore</span> <span class='ocrx_word' id='word_1_175' title='bbox 1746 2255 1978 2304; x_wconf 87' lang='lat' dir='ltr'>futurum</span> 
     </span>
     <span class='ocr_line' id='line_1_26' title="bbox 76 2330 1976 2401; baseline 0.004 -20"><span class='ocrx_word' id='word_1_176' title='bbox 76 2333 376 2398; x_wconf 80' lang='lat' dir='ltr'>praesagire</span> <span class='ocrx_word' id='word_1_177' title='bbox 411 2330 547 2392; x_wconf 90' lang='lat' dir='ltr'>licet,</span> <span class='ocrx_word' id='word_1_178' title='bbox 593 2332 919 2382; x_wconf 85' lang='lat' dir='ltr'>democratia</span> <span class='ocrx_word' id='word_1_179' title='bbox 948 2334 1116 2398; x_wconf 84' lang='lat' dir='ltr'>magis</span> <span class='ocrx_word' id='word_1_180' title='bbox 1145 2334 1423 2399; x_wconf 80' lang='lat' dir='ltr'>magisque</span> <span class='ocrx_word' id='word_1_181' title='bbox 1452 2335 1648 2401; x_wconf 88' lang='lat' dir='ltr'>ubique</span> <span class='ocrx_word' id='word_1_182' title='bbox 1676 2336 1976 2389; x_wconf 83' lang='lat' dir='ltr'>invalescet.</span> 
     </span>
    </p>
   </div>
   <div class='ocr_carea' id='block_1_8' title="bbox 334 2490 1716 2545">
    <p class='ocr_par' dir='ltr' id='par_1_9' title="bbox 334 2490 1716 2545">
     <span class='ocr_line' id='line_1_27' title="bbox 334 2490 1716 2545; baseline 0 -8"><span class='ocrx_word' id='word_1_183' title='bbox 334 2490 361 2544; x_wconf 64' lang='grc' dir='ltr'>ἓ</span> <span class='ocrx_word' id='word_1_184' title='bbox 397 2504 435 2543; x_wconf 79' lang='lat'>3.</span> <span class='ocrx_word' id='word_1_185' title='bbox 486 2495 645 2545; x_wconf 85' lang='lat' dir='ltr'><strong>QUAE</strong></span> <span class='ocrx_word' id='word_1_186' title='bbox 679 2495 882 2534; x_wconf 78' lang='lat' dir='ltr'><strong>EARUM</strong></span> <span class='ocrx_word' id='word_1_187' title='bbox 916 2495 1219 2535; x_wconf 73' lang='lat' dir='ltr'><strong>VIDEATUR</strong></span> <span class='ocrx_word' id='word_1_188' title='bbox 1252 2495 1716 2537; x_wconf 71' lang='lat' dir='ltr'><strong>PRAESTANTIOR.</strong></span> 
     </span>
    </p>
   </div>
   <div class='ocr_carea' id='block_1_9' title="bbox 779 2619 1278 2669">
    <p class='ocr_par' dir='ltr' id='par_1_10' title="bbox 779 2619 1278 2669">
     <span class='ocr_line' id='line_1_28' title="bbox 779 2619 1278 2669; baseline 0.002 -2"><span class='ocrx_word' id='word_1_189' title='bbox 779 2619 1047 2668; x_wconf 90' lang='lat' dir='ltr'><strong>THESIS</strong></span> <span class='ocrx_word' id='word_1_190' title='bbox 1084 2621 1278 2669; x_wconf 89' lang='lat' dir='ltr'><strong>XCIV.</strong></span> 
     </span>
    </p>
   </div>
   <div class='ocr_carea' id='block_1_10' title="bbox 76 2718 1978 2869">
    <p class='ocr_par' dir='ltr' id='par_1_11' title="bbox 76 2718 1978 2869">
     <span class='ocr_line' id='line_1_29' title="bbox 79 2718 1978 2795; baseline 0.004 -20"><span class='ocrx_word' id='word_1_191' title='bbox 79 2718 225 2771; x_wconf 87' lang='lat'><strong>620.</strong></span> <span class='ocrx_word' id='word_1_192' title='bbox 309 2730 476 2777; x_wconf 91' lang='lat' dir='ltr'>Nulla</span> <span class='ocrx_word' id='word_1_193' title='bbox 513 2730 801 2792; x_wconf 84' lang='lat' dir='ltr'>regiminis</span> <span class='ocrx_word' id='word_1_194' title='bbox 838 2731 1020 2779; x_wconf 86' lang='lat' dir='ltr'>forma</span> <span class='ocrx_word' id='word_1_195' title='bbox 1057 2732 1259 2779; x_wconf 87' lang='lat' dir='ltr'>ceteris</span> <span class='ocrx_word' id='word_1_196' title='bbox 1294 2732 1370 2779; x_wconf 88' lang='lat' dir='ltr'>ita</span> <span class='ocrx_word' id='word_1_197' title='bbox 1399 2740 1661 2794; x_wconf 87' lang='lat' dir='ltr'>praestat,</span> <span class='ocrx_word' id='word_1_198' title='bbox 1700 2741 1761 2781; x_wconf 90' lang='lat' dir='ltr'>ut</span> <span class='ocrx_word' id='word_1_199' title='bbox 1785 2734 1850 2781; x_wconf 90' lang='lat' dir='ltr'>iis</span> <span class='ocrx_word' id='word_1_200' title='bbox 1875 2749 1978 2795; x_wconf 87' lang='lat' dir='ltr'>pro</span> 
     </span>
     <span class='ocr_line' id='line_1_30' title="bbox 76 2802 1733 2869; baseline 0.004 -20"><span class='ocrx_word' id='word_1_201' title='bbox 76 2802 528 2865; x_wconf 87' lang='lat' dir='ltr'>quibuscumque</span> <span class='ocrx_word' id='word_1_202' title='bbox 566 2805 843 2853; x_wconf 87' lang='lat' dir='ltr'>adiunctis</span> <span class='ocrx_word' id='word_1_203' title='bbox 879 2807 1249 2866; x_wconf 86' lang='lat' dir='ltr'>praeferenda</span> <span class='ocrx_word' id='word_1_204' title='bbox 1286 2808 1502 2855; x_wconf 89' lang='lat' dir='ltr'>censeri</span> <span class='ocrx_word' id='word_1_205' title='bbox 1539 2808 1733 2869; x_wconf 86' lang='lat' dir='ltr'>possit.</span> 
     </span>
    </p>
   </div>
   <div class='ocr_carea' id='block_1_11' title="bbox 76 2911 1978 3062">
    <p class='ocr_par' dir='ltr' id='par_1_12' title="bbox 76 2911 1978 3062">
     <span class='ocr_line' id='line_1_31' title="bbox 149 2911 1978 2980; baseline 0.004 -19"><span class='ocrx_word' id='word_1_206' title='bbox 149 2911 434 2963; x_wconf 89' lang='lat' dir='ltr'>Praenota:</span> <span class='ocrx_word' id='word_1_207' title='bbox 488 2913 784 2980; x_wconf 89' lang='lat' dir='ltr'>Loquimur</span> <span class='ocrx_word' id='word_1_208' title='bbox 836 2916 904 2966; x_wconf 88' lang='lat' dir='ltr'>de</span> <span class='ocrx_word' id='word_1_209' title='bbox 955 2916 1033 2966; x_wconf 90' lang='lat' dir='ltr'>his</span> <span class='ocrx_word' id='word_1_210' title='bbox 1088 2916 1269 2967; x_wconf 85' lang='lat' dir='ltr'>formis</span> <span class='ocrx_word' id='word_1_211' title='bbox 1310 2917 1582 2979; x_wconf 88' lang='lat' dir='ltr'>absolute,</span> <span class='ocrx_word' id='word_1_212' title='bbox 1638 2936 1726 2968; x_wconf 90' lang='lat' dir='ltr'>eas</span> <span class='ocrx_word' id='word_1_213' title='bbox 1773 2919 1824 2968; x_wconf 90' lang='lat' dir='ltr'>in</span> <span class='ocrx_word' id='word_1_214' title='bbox 1864 2919 1978 2969; x_wconf 89' lang='lat' dir='ltr'>abs-</span> 
     </span>
     <span class='ocr_line' id='line_1_32' title="bbox 76 2995 937 3062; baseline 0.005 -19"><span class='ocrx_word' id='word_1_215' title='bbox 76 3001 245 3044; x_wconf 90' lang='lat' dir='ltr'>tracto</span> <span class='ocrx_word' id='word_1_216' title='bbox 286 2995 420 3045; x_wconf 90' lang='lat' dir='ltr'>inter</span> <span class='ocrx_word' id='word_1_217' title='bbox 458 3012 516 3045; x_wconf 92' lang='lat' dir='ltr'>se</span> <span class='ocrx_word' id='word_1_218' title='bbox 556 2998 937 3062; x_wconf 87' lang='lat' dir='ltr'>comparando.</span> 
     </span>
    </p>
   </div>
   <div class='ocr_carea' id='block_1_12' title="bbox 66 3083 1980 3400">
    <p class='ocr_par' dir='ltr' id='par_1_13' title="bbox 66 3083 1980 3400">
     <span class='ocr_line' id='line_1_33' title="bbox 152 3083 1978 3155; baseline 0.005 -25"><span class='ocrx_word' id='word_1_219' title='bbox 152 3085 316 3131; x_wconf 87' lang='lat' dir='ltr'>Prob.</span> <span class='ocrx_word' id='word_1_220' title='bbox 391 3098 429 3134; x_wconf 93' lang='lat'>1.</span> <span class='ocrx_word' id='word_1_221' title='bbox 474 3083 568 3134; x_wconf 90' lang='lat' dir='ltr'>Illa</span> <span class='ocrx_word' id='word_1_222' title='bbox 608 3086 745 3135; x_wconf 89' lang='lat' dir='ltr'>enim</span> <span class='ocrx_word' id='word_1_223' title='bbox 790 3088 1056 3152; x_wconf 85' lang='lat' dir='ltr'>regiminis</span> <span class='ocrx_word' id='word_1_224' title='bbox 1098 3087 1267 3138; x_wconf 88' lang='lat' dir='ltr'>forma</span> <span class='ocrx_word' id='word_1_225' title='bbox 1308 3089 1510 3154; x_wconf 90' lang='lat' dir='ltr'>optima</span> <span class='ocrx_word' id='word_1_226' title='bbox 1538 3097 1631 3149; x_wconf 92' lang='lat' dir='ltr'>est,</span> <span class='ocrx_word' id='word_1_227' title='bbox 1677 3106 1812 3155; x_wconf 90' lang='lat' dir='ltr'>quae</span> <span class='ocrx_word' id='word_1_228' title='bbox 1853 3106 1978 3155; x_wconf 88' lang='lat' dir='ltr'>prae</span> 
     </span>
     <span class='ocr_line' id='line_1_34' title="bbox 78 3166 1980 3238; baseline 0.004 -24"><span class='ocrx_word' id='word_1_229' title='bbox 78 3166 264 3215; x_wconf 90' lang='lat' dir='ltr'>ceteris</span> <span class='ocrx_word' id='word_1_230' title='bbox 304 3183 371 3216; x_wconf 71' lang='lat' dir='ltr'>ex</span> <span class='ocrx_word' id='word_1_231' title='bbox 410 3183 516 3217; x_wconf 73' lang='lat' dir='ltr'>una</span> <span class='ocrx_word' id='word_1_232' title='bbox 545 3176 711 3233; x_wconf 64' lang='lat' dir='ltr'>parte</span> <span class='ocrx_word' id='word_1_233' title='bbox 751 3170 1050 3220; x_wconf 89' lang='lat' dir='ltr'>auctoritati</span> <span class='ocrx_word' id='word_1_234' title='bbox 1103 3170 1351 3236; x_wconf 87' lang='lat' dir='ltr'>politicae</span> <span class='ocrx_word' id='word_1_235' title='bbox 1405 3169 1711 3220; x_wconf 89' lang='lat' dir='ltr'>facultatem</span> <span class='ocrx_word' id='word_1_236' title='bbox 1758 3172 1980 3238; x_wconf 90' lang='lat' dir='ltr'>praebet</span> 
     </span>
     <span class='ocr_line' id='line_1_35' title="bbox 76 3245 1977 3314; baseline 0.004 -18"><span class='ocrx_word' id='word_1_237' title='bbox 76 3245 253 3309; x_wconf 87' lang='lat' dir='ltr'>libere,</span> <span class='ocrx_word' id='word_1_238' title='bbox 297 3249 564 3314; x_wconf 78' lang='lat' dir='ltr'>expedite,</span> <span class='ocrx_word' id='word_1_239' title='bbox 608 3249 893 3301; x_wconf 86' lang='lat' dir='ltr'>efficaciter</span> <span class='ocrx_word' id='word_1_240' title='bbox 932 3269 1124 3302; x_wconf 88' lang='lat' dir='ltr'>munus</span> <span class='ocrx_word' id='word_1_241' title='bbox 1163 3270 1319 3302; x_wconf 87' lang='lat' dir='ltr'>suurn</span> <span class='ocrx_word' id='word_1_242' title='bbox 1361 3252 1659 3314; x_wconf 76' lang='lat' dir='ltr'>exercendi,</span> <span class='ocrx_word' id='word_1_243' title='bbox 1703 3271 1771 3303; x_wconf 69' lang='lat' dir='ltr'>ex</span> <span class='ocrx_word' id='word_1_244' title='bbox 1797 3253 1977 3304; x_wconf 67' lang='lat' dir='ltr'>altera</span> 
     </span>
     <span class='ocr_line' id='line_1_36' title="bbox 66 3330 1973 3400; baseline 0.004 -22"><span class='ocrx_word' id='word_1_245' title='bbox 66 3337 231 3393; x_wconf 65' lang='lat' dir='ltr'>parte</span> <span class='ocrx_word' id='word_1_246' title='bbox 282 3337 460 3379; x_wconf 87' lang='lat' dir='ltr'>tamen</span> <span class='ocrx_word' id='word_1_247' title='bbox 513 3330 813 3381; x_wconf 86' lang='lat' dir='ltr'>libertatem</span> <span class='ocrx_word' id='word_1_248' title='bbox 854 3341 907 3383; x_wconf 94' lang='lat' dir='ltr'>et</span> <span class='ocrx_word' id='word_1_249' title='bbox 946 3335 1055 3383; x_wconf 90' lang='lat' dir='ltr'>iura</span> <span class='ocrx_word' id='word_1_250' title='bbox 1107 3335 1434 3400; x_wconf 87' lang='lat' dir='ltr'>privatorum</span> <span class='ocrx_word' id='word_1_251' title='bbox 1474 3335 1524 3384; x_wconf 91' lang='lat' dir='ltr'>in</span> <span class='ocrx_word' id='word_1_252' title='bbox 1571 3341 1688 3384; x_wconf 92' lang='lat' dir='ltr'>tuto</span> <span class='ocrx_word' id='word_1_253' title='bbox 1730 3335 1973 3387; x_wconf 90' lang='lat' dir='ltr'>collocat.</span> 
     </span>
    </p>
   </div>
  </div>
 </body>
</html>
