2182 3682
448 160 536 188 LIB.
572 160 618 189 ΙΙ.
665 160 767 189 CAP.
802 160 848 189 11.
901 160 964 188 DE
999 159 1259 188 SOCIETATE
1292 161 1576 189 DOMESTICA.
1855 164 1955 215 333

65 296 174 346 eius
212 293 444 360 aliquam
487 303 692 361 partem
734 303 938 344 tantum
979 312 1076 360 pro
1117 294 1332 360 speciali
1371 294 1475 344 fine
1516 295 1694 356 habet,
1736 303 1793 346 ut
1828 314 1875 346 v.
1908 313 1958 362 g.

62 377 290 428 societas
317 375 494 442 aliqua
521 375 786 426 litteraria.
845 375 1142 426 Societates
1175 376 1454 425 intrinsece
1483 377 1784 441 completae
1811 386 1960 427 sunt:

64 458 360 509 domestica
399 466 452 507 et
491 457 680 519 civilis,
737 458 861 523 quia
899 458 1151 507 socialem
1193 456 1421 506 hominis
1468 457 1847 522 perfectionem
1890 477 1964 509 se-

63 540 294 590 cundum
335 539 655 590 totalitatem
697 548 1119 606 prosequuntur,
1171 539 1411 605 quamvis
1459 540 1682 588 eaedem
1722 539 1825 589 fine
1865 557 1961 590 suo

63 622 311 688 proximo
353 622 487 671 inter
525 639 582 671 se
624 621 883 682 differant,
927 629 1190 686 quatenus
1230 620 1376 670 illum
1418 620 1579 670 finem
1619 621 1716 670 sub
1753 622 1962 671 diverso

63 711 306 770 respectu
347 712 399 753 et
440 703 661 753 diversis
702 703 890 753 mediis
930 704 1177 769 proxime
1219 704 1500 768 attingunt.

135 799 454 850 Extrinsece
494 800 752 866 completa
794 808 874 850 est
913 800 1156 860 societas,
1202 817 1338 865 quae
1371 800 1652 849 intrinsece
1694 799 1963 866 completa

61 891 113 932 et
151 882 304 932 simul
346 883 425 932 sui
465 883 588 932 iuris
628 900 720 932 seu
755 882 956 932 alienae
997 883 1251 948 potestati
1290 882 1479 932 saltem
1509 883 1707 932 directe
1748 899 1854 932 non
1884 891 1964 932 est

59 964 314 1015 subiecta.
397 964 548 1015 Haec
600 974 821 1015 vocatur
872 966 1030 1014 etiam
1083 982 1332 1030 suprema
1388 965 1738 1030 (souverain).
1819 964 1962 1013 Eius-

60 1047 208 1096 modi
259 1053 340 1096 est
391 1046 505 1096 sola
555 1048 784 1097 societas
836 1046 1011 1096 civilis.
1094 1047 1234 1095 Nam
1286 1046 1480 1096 familia
1531 1051 1718 1096 natura
1770 1063 1864 1096 sua
1911 1048 1962 1095 in

59 1129 372 1179 societatem
415 1128 620 1179 civilem
661 1147 717 1179 se
759 1128 981 1189 evolvit,
1032 1129 1316 1178 societates
1357 1146 1482 1178 vero
1524 1129 1727 1178 interne
1766 1129 1961 1178 incom-

60 1209 250 1277 pletae,
293 1212 336 1260 si
362 1211 660 1261 Ecclesiam
690 1211 941 1277 excipias,
985 1212 1284 1261 necessario
1313 1211 1553 1276 indigent
1587 1210 1772 1260 altiore
1800 1212 1962 1261 socie-

58 1301 186 1354 tate,
231 1294 313 1343 cui
354 1302 628 1359 tamquam
670 1302 847 1360 partes
886 1293 1209 1343 inhaereant.

130 1405 181 1453 4.
236 1390 489 1455 Perfecta
546 1400 598 1441 et
653 1391 986 1456 z'mpelfecta.
1079 1391 1166 1439 EX
1223 1390 1420 1457 duplici
1478 1391 1679 1441 ratione
1734 1391 1961 1441 societas

58 1481 235 1538 potest
264 1473 367 1523 dici
394 1473 654 1539 perfecta;
708 1474 753 1536 Ι)
796 1482 1080 1539 propterea
1121 1474 1244 1539 quia
1273 1474 1546 1523 ordinatur
1573 1473 1638 1523 ad
1670 1473 1958 1539 perfectam

57 1554 424 1605 sufficientiam
477 1556 616 1604 vitae
667 1555 932 1604 humanae
985 1564 1037 1604 et
1077 1555 1176 1604 sibi
1227 1555 1294 1604 ad
1342 1555 1483 1605 hunc
1537 1556 1698 1605 finem
1749 1554 1958 1615 sufficit,

59 1643 113 1685 et
151 1635 256 1687 hoc
306 1654 463 1687 sensu
515 1638 658 1686 idem
711 1645 792 1687 est
842 1655 905 1686 ac
955 1638 1184 1687 societas
1234 1638 1515 1687 intrinsece
1568 1646 1619 1687 et
1661 1638 1959 1687 extrinsece

59 1718 354 1785 completa3
400 1720 452 1782 2)
494 1729 778 1785 propterea
819 1720 942 1785 quia
982 1720 1159 1769 media
1186 1720 1253 1769 ad
1283 1720 1441 1769 finem
1484 1737 1639 1769 suum
1681 1736 1959 1786 assequen-

59 1801 188 1850 dum
229 1802 524 1851 necessaria
563 1803 614 1851 in
654 1819 711 1851 se
753 1811 805 1851 et
845 1819 939 1868 per
969 1819 1026 1851 se
1069 1803 1210 1866 (actu
1252 1800 1334 1851 vel
1376 1802 1584 1865 virtute)
1627 1802 1867 1868 possidet
1908 1811 1959 1851 et

58 1882 127 1933 ab
167 1882 278 1933 aliis
317 1884 661 1934 societatibus
702 1884 891 1934 saltem
933 1884 1132 1933 directe
1174 1901 1279 1933 non
1319 1884 1617 1950 dependet:
1662 1885 1765 1934 hoc
1806 1901 1962 1934 sensu

58 1972 110 2014 et
151 1966 332 2015 civitas
360 1974 413 2015 et
441 1966 681 2016 Ecclesia
720 1976 842 2016 sunt
871 1967 1154 2017 societates
1188 1966 1470 2032 perfectae,
1516 1966 1746 2033 reliquae
1776 1984 1962 2016 omnes

57 2056 180 2097 sunt
218 2048 580 2114 imperfectae.

849 2183 1076 2231 CAPUT
1114 2185 1173 2229 Π.

402 2311 517 2368 DE
566 2310 1049 2369 SOCIETATE
1097 2310 1617 2369 DOMESTICA.

59 2472 206 2524 434.
288 2460 528 2512 Societas
571 2463 869 2513 domestica
896 2464 1031 2513 inter
1070 2464 1355 2513 societates
1383 2463 1642 2512 humanas
1670 2471 1749 2512 est
1777 2462 1962 2513 ordine

58 2544 227 2609 prima
278 2552 332 2593 et
381 2546 533 2610 quasi
583 2562 774 2611 parens
825 2553 878 2595 et
929 2546 1332 2595 fundamentum
1385 2555 1679 2596 ceterarum
1730 2545 1962 2611 ideoque

59 2626 230 2691 primo
282 2625 403 2676 loco
456 2628 747 2677 tractanda.
829 2628 992 2678 Porro
1045 2629 1301 2695 quoniam
1357 2628 1550 2678 familia
1606 2636 1684 2677 est
1735 2628 1962 2677 societas

59 2708 374 2774 composita,
418 2717 471 2758 et
499 2710 816 2759 docentibus
844 2711 1139 2760 Aristotele
1168 2712 1210 2776 (Ι
1239 2710 1389 2760 Polit.
1421 2728 1462 2760 0.
1504 2711 1549 2775 1)
1579 2720 1631 2760 et
1660 2709 1712 2759 S.
1756 2708 1960 2759 leoma

60 2789 380 2854 (Comment.
414 2791 465 2840 in
494 2791 524 2842 1.
557 2793 623 2856 0.)
666 2794 732 2841 ad
776 2794 1137 2859 cognitionem
1169 2794 1592 2859 compositorum
1626 2793 1796 2858 primo
1826 2808 1962 2857 opus

59 2879 140 2921 est
177 2873 261 2923 via
301 2872 662 2935 resolutionis,
713 2883 768 2923 ut
808 2874 898 2925 scl.
944 2875 1245 2925 dividamus
1286 2876 1645 2941 compositum
1685 2891 1851 2939 usque
1892 2874 1960 2922 ad

59 2953 342 3020 simplicia,
397 2965 587 3022 postea
626 2958 711 3006 via
762 2958 1167 3023 compositionis
1218 2968 1274 3008 ut
1315 2976 1383 3007 ex
1425 2957 1690 3024 principiis
1737 2956 1960 3005 indivisi-

24 3035 251 3099 -bilibus
292 3038 394 3087 iam
436 3040 575 3088 notis
617 3039 981 3101 diiudicemus,
1026 3058 1161 3106 quae
1198 3058 1267 3090 ex
1302 3035 1361 3089 iis
1398 3047 1693 3099 causantur,
1738 3054 1960 3103 agemus

58 3118 230 3183 primo
272 3119 340 3169 de
381 3120 571 3187 triplici
612 3121 904 3183 elemento,
960 3140 1029 3172 ex
1071 3141 1178 3189 quo
1220 3122 1414 3172 familia
1455 3121 1820 3187 componitur,
1863 3119 1954 3169 scl.

61 3200 128 3249 de
166 3201 421 3252 societate
469 3203 760 3270 coniugali,
816 3204 1099 3270 parentali,
1155 3205 1328 3266 herili,
1385 3205 1615 3269 denique
1657 3203 1724 3251 de
1765 3201 1958 3251 familia

61 3282 327 3348 complete
367 3293 624 3350 spectata.
