2182 3682
535 187 622 216 LIB.
657 187 704 215 11.
751 187 850 215 CAP.
885 186 950 215 ΙΙΙ.
998 186 1060 213 DE
1095 185 1356 213 SOCIETATE
1390 185 1548 214 CIVILI.
1867 186 1971 236 403

808 321 1136 362 ARTICULUS
1168 322 1241 361 IV.

312 428 406 474 DE
444 427 670 474 CAUSA
707 427 1020 500 FORMALI
1058 425 1456 473 SOCIETATis
1494 424 1737 471 civiLis

570 504 679 569 (DE
717 508 1216 556 AUCTORITATE
1255 501 1495 566 civim).

85 617 230 684 538.
309 618 559 668 spsatc’rz'a
588 619 858 668 societatis
879 618 1040 669 civilis
1063 625 1143 668 est
1163 616 1448 666 multitudo
1471 616 1978 680 hominum,f01‘ma

82 701 317 752 eiusdem
357 701 720 766 metaphysica
763 708 843 750 est
882 701 996 767 ipsa
1036 700 1248 750 moralis
1289 707 1341 749 et
1382 707 1631 748 constans
1672 698 1796 746 unio
1828 697 1980 746 huius

81 782 445 834 multitudinis.
520 781 790 848 Quoniam
829 800 955 832 vero
997 783 1047 832 in
1090 782 1274 832 ordine
1315 781 1439 830 reali
1480 780 1564 830 illa
1604 780 1726 829 unio
1768 779 1980 829 moralis

81 874 134 915 et
173 873 424 915 constans
464 866 717 914 exsistere
758 882 865 914 non
907 873 1086 931 potest
1125 865 1237 914 sine
1279 863 1592 913 auctoritate
1621 870 1884 922 concreta,
1929 870 1982 910 et

81 964 151 997 ex
201 947 300 997 hac
352 947 466 1013 ipsa
517 948 641 997 unio
694 946 907 997 moralis
949 946 1098 996 facile
1138 946 1487 1011 intellegitur,
1541 946 1656 1010 ipsa
1696 944 1980 993 auctoritas

81 1046 241 1096 saepe
282 1030 430 1095 quasi
472 1029 639 1079 forma
680 1029 1002 1079 considerari
1042 1028 1194 1089 solet,
1239 1028 1479 1094 quamvis
1506 1027 1684 1076 stricte
1708 1026 1980 1092 loquendo

80 1112 147 1161 sit
204 1110 379 1161 solum
436 1112 732 1177 proprietas
792 1110 1083 1161 essentialis
1143 1128 1211 1160 ex
1269 1110 1538 1160 societatis
1597 1109 1824 1158 essentia
1878 1108 1982 1158 iam

81 1194 370 1243 constituta
420 1193 678 1243 resultans
719 1195 788 1258 (n.
833 1195 976 1258 429).
1058 1194 1143 1242 De
1195 1192 1294 1242 hac
1346 1191 1663 1242 auctoritate
1717 1189 1850 1240 civili
1897 1190 1982 1239 hic

82 1275 237 1325 nobis
303 1275 575 1341 agendum
640 1284 734 1326 est.
830 1276 992 1325 Porro
1059 1276 1182 1341 quia
1247 1275 1574 1324 auctoritatis
1641 1272 1804 1322 civilis
1869 1282 1982 1322 tum

82 1366 325 1406 naturam
376 1364 429 1407 et
481 1358 741 1423 originem
792 1365 905 1407 tum
959 1358 1298 1423 originarium
1350 1357 1651 1407 subiectum
1703 1355 1802 1404 iam
1863 1372 1981 1404 con-

81 1439 426 1489 sideravimus
491 1440 560 1504 (n.
620 1442 721 1502 485
786 1442 940 1506 sqq),
1002 1447 1194 1501 restat,
1262 1448 1318 1489 ut
1378 1439 1603 1489 totidem
1657 1438 1984 1487 sectionibus

83 1521 345 1572 dicamus:
409 1536 449 1572 Ι.
494 1522 562 1571 de
604 1522 1081 1588 comprehensione
1124 1523 1388 1572 obiectiva
1428 1520 1754 1571 auctoritatis
1795 1518 1982 1583 civilis3

86 1618 130 1653 2.
195 1605 263 1654 de
322 1604 496 1654 modis
553 1604 877 1665 derivativis,
941 1605 1132 1670 quibus
1192 1605 1504 1670 acquiritur3
1571 1617 1615 1667 3.
1676 1603 1743 1651 de
1803 1602 1983 1651 formis

79 1686 374 1752 regiminis3
416 1700 465 1748 4.
510 1687 578 1736 de
620 1686 976 1737 functionibus
1016 1687 1344 1737 auctoritatis
1386 1686 1561 1736 civilis.
1985 1689 1993 1694 ’

914 1839 1088 1872 SECTIO
1114 1840 1143 1876 Ι,

79 1924 167 1962 DE
200 1923 801 1964 COMPREHENSIONE
837 1925 1185 1966 OBIECTIVA
1213 1925 1621 1965 POTESTATIS
1649 1925 1982 1964 PUBLICAE.

85 2035 230 2088 539.
312 2026 627 2092 Quaerimus
668 2027 771 2078 hoc
813 2026 960 2089 loco,
1017 2030 1132 2095 quis
1173 2030 1239 2078 sit
1279 2030 1509 2078 ambitus
1550 2030 1878 2080 auctoritatis
1920 2031 1983 2080 ci-

78 2107 207 2169 vilis,
250 2125 342 2158 seu
384 2126 645 2175 quaenam
686 2111 788 2160 sint
830 2111 1056 2171 obiecta,
1101 2112 1167 2161 ad
1211 2129 1347 2177 quae
1390 2113 1627 2162 activitas
1655 2113 1983 2163 auctoritatis

79 2189 240 2240 civilis
293 2191 479 2240 intuitu
533 2192 650 2241 finis
701 2194 778 2242 sui
830 2210 887 2242 se
940 2195 1232 2244 extendere
1284 2195 1453 2260 possit
1492 2194 1576 2244 vel
1634 2195 1842 2245 debeat.
1924 2196 1982 2244 In

78 2289 184 2338 qua
224 2274 535 2339 quaestione
575 2274 834 2325 solvenda
874 2276 1044 2341 primo
1086 2283 1381 2326 statuemus
1423 2277 1685 2343 quaedam
1729 2278 1982 2344 principia

78 2354 216 2404 circa
267 2355 585 2405 obiectivam
641 2358 1010 2407 extensionem
1062 2359 1390 2408 auctoritatis
1433 2358 1620 2420 civilis,
1678 2360 1872 2409 deinde
1911 2361 1981 2410 ad

77 2436 363 2503 praecipua
403 2438 614 2488 obiecta
657 2430 1047 2490 descendentes
1089 2441 1587 2503 determinabimus,
1644 2442 1758 2507 quis
1801 2443 1979 2508 quoad

76 2517 283 2584 singula
321 2521 387 2570 sit
427 2521 658 2570 ambitus
699 2523 979 2572 activitatis
1020 2523 1281 2589 publicae.

169 2677 196 2732 ξ
235 2692 268 2720 1.
319 2682 612 2732 QUAEDAM
647 2685 989 2724 GENERALIA
1024 2687 1200 2725 CIRCA
1232 2687 1503 2725 AMBITL'M
1537 2686 1890 2726 POTESTATIS

493 2751 802 2791 POLITICAE
837 2753 1128 2791 PRINCIPIA
1162 2754 1566 2794 STATKUNTUR.

783 2850 1044 2902 (Moralphil.
1079 2852 1120 2889 Π
1156 2849 1276 2903 538.)

81 2955 226 3009 540.
315 2963 355 2998 Ι.
398 2948 641 3000 Potestas
678 2951 859 3002 civilis
886 2971 949 3002 ea
980 2953 1159 3002 onznia
1189 2962 1239 3003 et
1263 2954 1380 3003 sola
1409 2954 1536 3003 iura
1565 2954 1738 3015 habel,
1768 2972 1902 3020 qaae
1930 2956 1981 3005 ei

78 3028 158 3077 ad
177 3030 561 3081 convenientem
591 3035 1151 3101 [07125ec'2l2‘2'07lelllfillis
1176 3037 1264 3086 sni
1281 3037 1588 3086 necessaria
1609 3045 1739 3086 sunl.
1797 3037 1979 3088 Habet

79 3125 141 3159 ea
179 3111 290 3161 iura
332 3114 526 3164 omnia.
597 3114 702 3181 Qui
735 3117 874 3165 enim
902 3117 1015 3168 vult
1043 3117 1218 3179 finem,
1264 3120 1426 3169 debet
1455 3120 1612 3169 etiam
1640 3118 1774 3168 velle
1802 3119 1978 3169 media

78 3194 386 3245 necessaria.
467 3196 636 3262 Atqui
673 3197 821 3248 Deus
861 3199 996 3261 vult,
1052 3209 1109 3250 ut
1158 3202 1442 3251 auctoritas
1483 3200 1671 3261 civilis,
1727 3218 1862 3266 quae
1901 3219 1977 3251 se-

79 3275 311 3326 cundum
362 3294 419 3327 se
469 3278 776 3330 immediate
828 3282 895 3331 ab
949 3300 1013 3332 eo
1071 3283 1374 3344 descendit,
1436 3283 1594 3332 finem
1645 3300 1798 3332 suum
1856 3301 1975 3334 con-

78 3365 354 3421 sequatur:
398 3367 452 3410 et
491 3361 667 3411 media
695 3363 761 3411 ad
791 3363 931 3413 hunc
960 3364 1121 3414 finem
1149 3373 1272 3414 sunt
1298 3366 1423 3426 iura,
1469 3365 1663 3430 quibus
1691 3367 1976 3416 auctoritas

1627 3454 1679 3492 26
1700 3454 1721 3478 ἢ
