2182 3682
136 175 240 214 VIII
1004 170 1169 201 INDEX.

138 313 271 362 Caput
300 310 387 350 III.
455 311 522 350 De
553 310 727 350 bonitate
756 317 796 350 et
823 311 982 350 malitia
1014 310 1165 350 morali
1192 315 1359 349 actuum
1391 309 1684 349 humanorum.

252 394 341 433 Art.
383 404 417 433 Ι.
471 394 539 432 De
572 393 806 433 moralitate
840 393 883 433 in
915 406 1070 446 genere

251 463 342 500 Art.
380 472 417 501 2.
472 462 540 501 De
573 461 799 502 intrinseco
833 461 1072 501 discrimine
1105 461 1213 499 inter
1243 460 1403 500 bonum
1435 468 1477 499 et
1508 460 1662 498 malum
1705 459 1864 498 morale

251 530 342 569 Art.
377 539 417 578 3.
470 529 538 569 De
571 543 717 568 norma
749 528 979 568 honestatis
1049 561 1055 567 .

316 593 344 647 ἓ
383 607 417 636 Ι.
472 597 583 635 Vera
617 610 763 636 norma
795 596 986 635 statuitur
1049 628 1055 634 .

384 675 422 702 2.
477 664 689 703 Erroneae
721 664 789 703 vel
828 663 966 702 minus
1006 670 1145 703 rectae
1178 662 1529 715 philosophorum
1561 663 1785 715 opiniones
1817 664 1869 701 de

534 745 680 770 norma
711 731 950 770 moralitatis
982 738 1255 773 recensentur
1319 762 1327 769 .

473 799 691 851 Praecipui
725 813 887 838 errores
919 799 1149 838 refutantur
1183 830 1190 837 .

471 874 539 913 De
571 874 759 913 bonitate
794 882 835 913 et
866 872 1025 913 malitia
1057 874 1221 912 formali
1254 880 1421 913 actuum
1453 873 1732 913 humanorum

472 942 539 981 De
573 943 759 982 bonitate
793 942 958 982 formali
992 949 1159 982 actuum
1190 942 1432 982 interiorum

473 1010 540 1048 De
573 1011 728 1050 malitia
761 1011 925 1050 formali
958 1018 1127 1050 actuum
1160 1010 1405 1049 interiorum
1454 1042 1461 1048 .

473 1078 539 1117 De
573 1077 853 1117 indifferentia
886 1084 1053 1117 actuum
1086 1078 1329 1117 interiorum

317 1140 345 1195 ξ
378 1155 418 1193 4.
477 1145 543 1183 De
575 1145 766 1185 bonitate
800 1154 839 1184 et
873 1146 1027 1185 malitia
1060 1145 1222 1185 formali
1256 1153 1425 1184 actuum
1457 1145 1710 1184 exteriorum

137 1235 272 1286 Caput
298 1231 370 1274 IV.
434 1236 500 1275 De
531 1237 750 1275 virtutibus
781 1241 819 1276 et
846 1237 965 1276 vitiis.

254 1318 343 1357 Art.
384 1328 417 1357 Ι.
472 1318 539 1357 De
572 1319 783 1359 habitibus

254 1386 346 1425 Art,
382 1396 419 1425 2.
475 1386 541 1424 De
575 1387 747 1425 notione
781 1396 821 1426 et
854 1387 1044 1426 subiecto
1076 1386 1236 1424 virtutis

254 1453 343 1491 Art.
381 1463 419 1503 3.
474 1454 541 1491 De
574 1454 767 1492 virtutum
802 1454 1039 1493 diversitate
1074 1461 1115 1492 et
1148 1453 1383 1492 conexione

320 1516 347 1571 ξ
386 1531 420 1559 Ι.
475 1520 637 1559 Divisio
669 1521 869 1560 virtutum
918 1553 925 1560 .

319 1584 347 1638 ἓν
382 1598 418 1626 2.
474 1588 541 1627 De
573 1588 773 1627 virtutum
809 1589 1043 1628 conexione

320 1651 348 1706 ξ
382 1666 420 1705 3.
476 1655 542 1694 De
574 1656 686 1695 vitiis

380 1740 418 1778 4.
473 1730 540 1768 De
572 1731 793 1770 virtutibus
827 1730 1110 1770 cardinalibus
1144 1730 1186 1768 in
1220 1730 1359 1781 specie

386 1807 420 1835 1.
476 1797 702 1837 Prudentia

321 1860 349 1915 ξ
384 1874 423 1902 2.
477 1865 640 1904 Iustitia

322 1927 350 1982 ξ
384 1942 422 1982 3.
478 1932 698 1971 Fortitudo

322 1994 350 2049 ξ
383 2009 423 2046 4.
478 1999 776 2051 Temperantia

317 794 346 1128 unwan-”cm
322 660 350 714 w)

379 808 419 1127 snae-⁴222.»

141 2087 273 2138 Capul
301 2087 344 2127 V.
409 2089 475 2128 De
506 2089 589 2140 lege
620 2090 818 2128 naturali.

257 2170 348 2208 Art.
388 2180 422 2208 1.
476 2170 543 2209 De
577 2177 724 2209 natura
757 2179 798 2209 et
830 2170 1067 2209 exsistentia
1099 2169 1206 2222 legis
1239 2170 1437 2209 naturalis

323 2233 350 2287 ξ
389 2248 423 2276 1.
478 2237 546 2275 De
579 2238 673 2290 lege
706 2238 940 2290 generatim

323 2300 351 2355 ξ
386 2314 424 2342 2.
480 2304 546 2343 De
579 2305 673 2357 lege
707 2313 874 2344 aeterna
923 2338 929 2344 .

323 2367 350 2421 ξ
384 2382 422 2421 3.
476 2372 543 2410 De
576 2371 682 2424 legis
715 2372 915 2411 naturalis
949 2372 1121 2411 notione
1154 2380 1195 2412 et
1228 2372 1466 2412 exsistentia

257 2446 348 2484 Art.
384 2456 422 2484 2.
477 2446 543 2484 De
575 2446 788 2499 principio
821 2446 1093 2500 obligationis
1125 2448 1229 2500 legis
1261 2447 1463 2487 naturalis

259 2514 347 2550 Art.
385 2522 422 2562 3.
478 2513 544 2552 De
577 2514 792 2553 sanctione
826 2514 933 2566 legis
967 2514 1168 2553 naturalis

258 2580 348 2617 Art.
383 2590 422 2627 4.
478 2580 544 2618 De
577 2580 681 2633 legis
714 2582 914 2620 naturalis
947 2582 1278 2635 proprietatibus
1321 2615 1328 2621 .

324 2643 352 2697 ἓ
391 2657 425 2685 Ι.
480 2647 780 2687 Universalitas

325 2710 352 2764 ξ
387 2724 423 2752 2.
479 2714 794 2754 Immutabilitas

260 2788 350 2827 Art.
387 2796 424 2838 5.
479 2789 545 2827 De
579 2802 739 2828 summo
772 2790 875 2843 legis
909 2791 1109 2830 naturalis
1142 2799 1370 2843 praecepto

260 2855 349 2893 Art.
386 2855 423 2893 6.
468 2855 536 2894 De
568 2856 662 2909 lege
695 2857 875 2909 positiva
923 2890 929 2897 .

325 2918 353 2971 ξ
393 2932 426 2961 1.
480 2923 546 2961 De
580 2924 754 2963 notione
787 2925 891 2977 legis
924 2926 1130 2977 positivae
1164 2927 1333 2978 eiusque
1366 2925 1612 2964 habitudine
1644 2925 1698 2963 ad
1729 2924 1868 2977 legem

543 2991 770 3029 naturalem

328 3054 355 3105 ξ
390 3066 427 3094 2.
483 3057 549 3094 De
583 3059 909 3109 proprietatibus
942 3060 1045 3112 legis
1078 3061 1282 3112 positivae
1322 3093 1329 3099 .

149 3141 281 3191 Caput
309 3142 376 3181 Vl.
445 3145 506 3184 De
537 3149 787 3187 conscientia.

263 3224 353 3263 Art.
393 3235 427 3263 Ι.
485 3226 715 3267 Generales
749 3230 800 3268 de
835 3230 1091 3269 conscientia
1124 3231 1319 3269 notiones

330 3288 356 3341 ξ
396 3303 428 3330 1.
485 3293 596 3342 Quid
628 3295 678 3334 sit
922 3329 929 3337 .

331 3354 357 3407 ξ
392 3369 428 3397 2.
485 3360 726 3413 Quotuplex
760 3364 1037 3416 distinguatur

1966 2993 2047 3032 160

1966 3232 2043 3281 164

1965 3299 2046 3348 164

1966 3367 2042 3418 165
