2182 3682
201 151 306 213 384
597 159 711 188 PARS
746 160 793 189 11.
845 159 1159 188 PHILOSOPHIA
1193 160 1401 189 MORALIS
1437 160 1688 189 SPECIALIS.

198 295 497 345 aucteritas
524 293 578 345 S.
618 295 680 345 P.
718 295 916 346 Leonis
954 295 1125 357 XIII,
1169 296 1258 362 qui
1299 296 1349 345 in
1390 313 1485 346 sua
1524 295 1796 362 praeclara
1835 295 2110 362 encyclica

201 378 436 427 «Rerum
488 395 776 427 novarum»
825 377 988 444 longe
1039 377 1190 428 aliter
1242 378 1310 428 de
1363 377 1466 428 fine
1509 379 1733 428 civitatis
1772 379 1947 429 sentit.
2029 379 2108 428 In-

196 460 424 526 quirens,
468 469 633 526 quota
673 477 795 526 pars
836 460 1057 509 remedii
1097 469 1282 510 contra
1318 460 1458 510 mala
1486 459 1745 511 hodierna
1773 478 1803 511 a
1831 460 2107 527 republica

195 543 562 608 exspectanda
600 543 679 603 sit,
724 543 821 592 ait:
873 542 1091 608 «Itaque
1119 560 1214 608 per
1242 559 1377 609 quos
1407 543 1589 592 civitas
1618 544 1833 609 regitur,
1876 543 2106 609 primum

195 623 438 674 conferre
489 642 710 691 operam
763 624 1057 690 generatim
1111 631 1275 691 atque
1327 626 1569 675 universe
1624 625 1824 675 debent
1879 633 1994 675 tota
2033 642 2108 675 ra-

193 708 339 757 tione
390 707 573 772 legum
625 713 786 773 atque
832 707 1218 767 institutorum,
1272 706 1363 758 scl.
1420 707 1734 769 efficiendo,
1788 716 1847 758 ut
1887 725 1956 757 ex
1994 708 2110 774 ipsa

195 788 619 839 conforrnatione
674 796 835 855 atque
889 789 1349 839 administratione
1406 789 1543 839 ultro
1589 789 1941 854 prosperitas
1995 797 2108 839 tam

195 871 588 921 communitate&
620 889 784 937 quam
801 872 1154 937 privatorum
1184 870 1506 937 efflorescat.
1577 871 1639 922 Id
1669 880 1749 922 est
1777 871 1918 922 enim
1946 871 2110 922 civilis

194 953 509 1021 prudentiae
551 971 742 1004 munus
783 954 1168 1020 propriumque
1210 971 1396 1004 eorum
1439 955 1527 1021 qui
1570 963 1823 1020 praesunt
1851 953 2104 1004 officium.

194 1037 353 1086 Nunc
393 1054 520 1086 vero
568 1036 656 1087 illa
697 1037 931 1086 maxime
973 1036 1207 1086 efficiunt
1248 1053 1533 1103 prosperas
1575 1037 1842 1099 civitates,
1899 1054 2109 1087 morum

196 1119 450 1186 probitas,
496 1126 638 1169 recte
676 1128 839 1185 atque
868 1120 1054 1169 ordine
1083 1120 1407 1169 constitutae
1437 1118 1680 1180 familiae,
1724 1118 1971 1169 custodia
1999 1119 2109 1168 reli-

197 1202 369 1268 gionis
410 1211 463 1251 et
490 1202 732 1263 iustitiae,
778 1219 1000 1252 onerum
1030 1201 1371 1268 publicorum
1400 1219 1522 1251 cum
1552 1202 1830 1251 moderata
1857 1201 2111 1267 irrogatio

198 1293 312 1334 tum
353 1301 525 1350 aequa
566 1285 794 1350 partitiO,
839 1285 1165 1334 incrementa
1206 1285 1397 1334 artium
1438 1293 1490 1334 et
1531 1293 1873 1346 mercaturae,
1917 1283 2113 1334 florens

199 1383 448 1433 agrorum
493 1366 710 1428 cultura,
761 1376 813 1416 et
853 1368 895 1416 si
937 1384 1073 1433 quae
1113 1376 1237 1416 sunt
1277 1366 1377 1416 alia
1417 1368 1626 1432 generis
1667 1366 1929 1428 eiusdem,
1973 1383 2113 1432 quae

204 1467 313 1516 quo
366 1450 564 1499 maiore
615 1450 794 1499 studio
825 1449 1229 1515 provelmnlm‘,
1285 1467 1349 1499 eo
1404 1449 1591 1499 melius
1646 1458 1768 1499 sunt
1819 1449 2005 1499 victuri
2060 1457 2113 1498 et

204 1533 457 1582 beatius.»
537 1531 694 1582 Certe
724 1531 1033 1596 provehere
1074 1533 1400 1582 incrementa
1442 1533 1632 1581 artium
1674 1541 1728 1581 et
1767 1539 2115 1592 mercaturae,

207 1614 486 1664 florentem
555 1632 806 1680 agrorum
873 1613 1164 1675 culturam,
1246 1632 1455 1664 morum
1523 1615 1877 1681 probitatem,
1947 1620 2119 1663 custo-

205 1697 348 1748 diam
391 1696 658 1762 religionis
699 1703 797 1746 etc.
844 1714 950 1746 non
984 1698 1252 1763 pertinent
1280 1697 1348 1746 ad
1378 1714 1578 1747 meram
1607 1698 1888 1747 tuitionem
1917 1696 2116 1746 ordinis

204 1780 421 1830 iuridici.
503 1779 681 1845 Pergit
733 1778 784 1830 S.
845 1779 1119 1829 Pontifex:
1187 1780 1423 1829 «Harum
1478 1781 1638 1845 igitur
1692 1780 1884 1829 virtute
1941 1795 2114 1828 rerum

205 1863 255 1912 in
308 1869 578 1929 potestate
620 1871 888 1912 rectorum
931 1862 1154 1912 civitatis
1195 1872 1301 1923 est,
1356 1872 1413 1912 ut
1455 1863 1642 1912 ceteris
1683 1862 1941 1928 prodesse
1982 1861 2116 1911 ordi-

206 1945 387 2006 nibus,
442 1946 518 1994 sic
570 1953 623 1994 et
677 1943 1085 2010 proletariorum
1140 1944 1514 1994 condicionem
1556 1944 1750 1994 invare
1801 1943 2113 2010 plurimum:

206 2028 368 2094 idque
408 2028 519 2077 iure
560 2044 657 2076 suo
701 2028 934 2093 optimo,
979 2044 1153 2092 neque
1193 2026 1297 2076 ulla
1340 2044 1461 2076 cum
1502 2026 1917 2092 importunitatis
1956 2026 2119 2092 suspi-

207 2111 386 2172 cione;
443 2110 607 2159 debet
660 2110 801 2159 enim
854 2108 1153 2175 respublica
1207 2127 1275 2158 ex
1331 2108 1450 2173 lege
1492 2110 1724 2158 muneris
1763 2109 1843 2158 sui
1883 2109 1935 2158 in
1977 2125 2119 2159 corn-

206 2210 367 2242 mune
409 2192 703 2243 consulere.
774 2189 899 2256 Quo
943 2200 1121 2241 autem
1165 2192 1579 2241 commodorum
1620 2191 1776 2257 copia
1816 2191 2120 2257 provenerit

205 2293 272 2325 en:
312 2274 415 2324 stac
448 2275 708 2340 generali
734 2274 1087 2339 providentia
1131 2275 1313 2335 maior,
1359 2292 1423 2324 eo
1466 2275 1639 2323 minus
1681 2273 1954 2339 oportebit
1989 2271 2118 2323 alias

206 2358 274 2408 ad
327 2357 583 2424 opificum
633 2357 859 2407 salutem
909 2356 1135 2422 experiri
1177 2357 1335 2407 vias.»
1423 2356 1574 2406 Haec
1617 2364 1670 2405 et
1709 2354 1923 2416 similia,
1978 2371 2117 2422 quae

206 2441 402 2507 passim
444 2440 495 2490 in
537 2441 680 2490 dicta
721 2438 995 2505 encyclica
1037 2447 1350 2499 occurrunt,
1395 2440 1575 2489 nescio
1618 2437 1898 2504 quomodo
1939 2454 1969 2486 a
2010 2437 2118 2503 qui-

206 2523 434 2573 busdam
499 2523 701 2572 sincere
767 2523 834 2572 ad
903 2538 1104 2571 meram
1170 2522 1562 2588 protectionem
1628 2521 1816 2570 iurium
1877 2519 2119 2584 restringi

206 2603 438 2672 possint!
537 2603 918 2654 Commemoro
978 2605 1193 2669 insuper
1252 2603 1385 2653 haec
1441 2603 1630 2653 verba:
1701 2601 1786 2653 «Si
1847 2602 2015 2662 cives,
2076 2601 2119 2649 si

208 2687 461 2748 familiae,
517 2687 791 2736 convictus
831 2687 1211 2752 societatisque
1253 2687 1538 2752 participes
1580 2685 1830 2745 effectae,
1889 2701 1985 2750 pro
2027 2682 2118 2732 ad-

208 2770 436 2820 iumento
493 2769 872 2829 offensionem,
933 2786 1029 2834 pro
1082 2768 1248 2817 tutela
1301 2769 1706 2817 diminutionem
1761 2766 1884 2816 iuris
1935 2765 2015 2814 sui
2066 2765 2117 2814 in

209 2851 482 2918 republica
523 2851 826 2917 reperirent,
871 2850 1190 2900 fastidienda
1233 2850 1382 2900 citius
1425 2866 1587 2916 quam
1628 2855 1851 2915 optanta
1891 2848 2119 2897 societas

209 2943 397 2984 esset.»
483 2933 587 2983 Hic
629 2933 736 2982 duo
779 2933 1043 2982 elementa
1085 2933 1388 2998 distinguit:
1441 2946 1482 2983 Ι.
1526 2932 1907 2990 adiumentum,
1953 2942 2000 2978 2.
2045 2934 2120 2977 tu-

209 3016 372 3066 telam
422 3017 558 3065 iuris.
603 3046 674 3050 ——
714 3015 772 3064 In
828 3014 1099 3079 encyclica
1159 3013 1497 3064 «Immortale
1550 3014 1682 3063 Dei»
1729 3012 2000 3078 propriam
2051 3010 2121 3059 in-

211 3098 392 3148 dolem
449 3098 670 3148 civitatis
725 3098 776 3146 in
831 3114 895 3146 eo
945 3097 1099 3146 sitam
1157 3113 1272 3145 esse
1325 3096 1477 3157 dicit,
1537 3095 1684 3161 quod
1747 3092 2120 3159 «suppeditare

210 3181 356 3230 vilae
395 3180 775 3247 sufficicntiam
806 3179 1111 3244 pelfcclcmz
1154 3177 1267 3227 sola
1307 3186 1539 3244 potest».
