<?xml version="1.0" encoding="UTF-8"?>
<!DOCTYPE html PUBLIC "-//W3C//DTD XHTML 1.0 Transitional//EN"
    "http://www.w3.org/TR/xhtml1/DTD/xhtml1-transitional.dtd">
<html xmlns="http://www.w3.org/1999/xhtml" xml:lang="en" lang="en">
 <head>
  <title>
</title>
<meta http-equiv="Content-Type" content="text/html;charset=utf-8" />
  <meta name='ocr-system' content='tesseract 3.04.00' />
  <meta name='ocr-capabilities' content='ocr_page ocr_carea ocr_par ocr_line ocrx_word'/>
</head>
<body>
  <div class='ocr_page' id='page_1' title='image "./philosophiamoral00cath_0061.png"; bbox 0 0 2182 3682; ppageno 0'>
   <div class='ocr_carea' id='block_1_1' title="bbox 282 178 1953 230">
    <p class='ocr_par' dir='ltr' id='par_1_1' title="bbox 282 178 1953 230">
     <span class='ocr_line' id='line_1_1' title="bbox 282 178 1953 230; baseline -0.001 -21"><span class='ocrx_word' id='word_1_1' title='bbox 282 180 435 210; x_wconf 84' lang='lat' dir='ltr'><strong>CAPUT</strong></span> <span class='ocrx_word' id='word_1_2' title='bbox 468 180 515 210; x_wconf 88' lang='lat'><strong>11.</strong></span> <span class='ocrx_word' id='word_1_3' title='bbox 566 180 628 207; x_wconf 88' lang='lat' dir='ltr'><strong>DE</strong></span> <span class='ocrx_word' id='word_1_4' title='bbox 660 179 856 208; x_wconf 87' lang='lat' dir='ltr'><strong>ACTIBUS</strong></span> <span class='ocrx_word' id='word_1_5' title='bbox 891 178 1108 207; x_wconf 86' lang='lat' dir='ltr'>HUMANIS</span> <span class='ocrx_word' id='word_1_6' title='bbox 1146 178 1344 207; x_wconf 87' lang='lat' dir='ltr'>PHYSICE</span> <span class='ocrx_word' id='word_1_7' title='bbox 1377 178 1736 208; x_wconf 86' lang='lat' dir='ltr'>CONSIDERATIS.</span> <span class='ocrx_word' id='word_1_8' title='bbox 1887 178 1953 230; x_wconf 74' lang='lat'><strong>37</strong></span> 
     </span>
    </p>
   </div>
   <div class='ocr_carea' id='block_1_2' title="bbox 58 312 1961 1692">
    <p class='ocr_par' dir='ltr' id='par_1_2' title="bbox 60 312 1958 776">
     <span class='ocr_line' id='line_1_2' title="bbox 63 312 1956 383; baseline -0.001 -16"><span class='ocrx_word' id='word_1_9' title='bbox 63 316 351 383; x_wconf 90' lang='lat' dir='ltr'><strong>legendum</strong></span> <span class='ocrx_word' id='word_1_10' title='bbox 406 317 858 375; x_wconf 91' lang='lat' dir='ltr'><strong>concomitanter,</strong></span> <span class='ocrx_word' id='word_1_11' title='bbox 915 314 1012 363; x_wconf 89' lang='lat' dir='ltr'><strong>sed</strong></span> <span class='ocrx_word' id='word_1_12' title='bbox 1067 313 1227 363; x_wconf 88' lang='lat' dir='ltr'><strong>etiam</strong></span> <span class='ocrx_word' id='word_1_13' title='bbox 1282 312 1587 379; x_wconf 51' lang='lat' dir='ltr'><strong>‘PQffllstfflfly</strong></span> <span class='ocrx_word' id='word_1_14' title='bbox 1644 315 1717 364; x_wconf 80' lang='lat' dir='ltr'><strong>ita</strong></span> <span class='ocrx_word' id='word_1_15' title='bbox 1772 324 1828 365; x_wconf 89' lang='lat' dir='ltr'><strong>ut</strong></span> <span class='ocrx_word' id='word_1_16' title='bbox 1870 333 1956 366; x_wconf 91' lang='lat' dir='ltr'><strong>co-</strong></span> 
     </span>
     <span class='ocr_line' id='line_1_3' title="bbox 63 393 1955 465; baseline -0.002 -16"><span class='ocrx_word' id='word_1_17' title='bbox 63 399 230 465; x_wconf 87' lang='lat' dir='ltr'><strong>gnitio</strong></span> <span class='ocrx_word' id='word_1_18' title='bbox 252 399 320 448; x_wconf 90' lang='lat' dir='ltr'><strong>sit</strong></span> <span class='ocrx_word' id='word_1_19' title='bbox 344 397 522 463; x_wconf 88' lang='lat' dir='ltr'><strong>aliquo</strong></span> <span class='ocrx_word' id='word_1_20' title='bbox 552 397 717 446; x_wconf 89' lang='lat' dir='ltr'><strong>modo</strong></span> <span class='ocrx_word' id='word_1_21' title='bbox 748 396 865 446; x_wconf 90' lang='lat' dir='ltr'><strong>fons</strong></span> <span class='ocrx_word' id='word_1_22' title='bbox 893 403 946 445; x_wconf 93' lang='lat' dir='ltr'><strong>et</strong></span> <span class='ocrx_word' id='word_1_23' title='bbox 974 395 1124 459; x_wconf 88' lang='lat' dir='ltr'><strong>origo</strong></span> <span class='ocrx_word' id='word_1_24' title='bbox 1145 393 1440 444; x_wconf 84' lang='lat' dir='ltr'><strong>voluntarii.</strong></span> <span class='ocrx_word' id='word_1_25' title='bbox 1498 394 1659 445; x_wconf 91' lang='lat' dir='ltr'><strong>Unde</strong></span> <span class='ocrx_word' id='word_1_26' title='bbox 1687 396 1955 462; x_wconf 86' lang='lat' dir='ltr'><strong>distingui-</strong></span> 
     </span>
     <span class='ocr_line' id='line_1_4' title="bbox 62 475 1958 540; baseline -0.001 -10"><span class='ocrx_word' id='word_1_27' title='bbox 62 489 146 530; x_wconf 86' lang='lat' dir='ltr'><strong>tur</strong></span> <span class='ocrx_word' id='word_1_28' title='bbox 183 478 537 530; x_wconf 87' lang='lat' dir='ltr'><strong>voluntarium</strong></span> <span class='ocrx_word' id='word_1_29' title='bbox 577 494 609 527; x_wconf 89' lang='lat' dir='ltr'><strong>a</strong></span> <span class='ocrx_word' id='word_1_30' title='bbox 647 478 827 527; x_wconf 77' lang='lat' dir='ltr'><strong>volito.</strong></span> <span class='ocrx_word' id='word_1_31' title='bbox 908 476 1151 526; x_wconf 82' lang='lat' dir='ltr'><strong>Volitum</strong></span> <span class='ocrx_word' id='word_1_32' title='bbox 1192 483 1273 525; x_wconf 90' lang='lat' dir='ltr'><strong>est</strong></span> <span class='ocrx_word' id='word_1_33' title='bbox 1311 475 1395 535; x_wconf 83' lang='lat' dir='ltr'><strong>id,</strong></span> <span class='ocrx_word' id='word_1_34' title='bbox 1436 476 1486 524; x_wconf 90' lang='lat' dir='ltr'><strong>in</strong></span> <span class='ocrx_word' id='word_1_35' title='bbox 1527 476 1672 540; x_wconf 89' lang='lat' dir='ltr'><strong>quod</strong></span> <span class='ocrx_word' id='word_1_36' title='bbox 1712 477 1958 528; x_wconf 86' lang='lat' dir='ltr'><strong>voluntas</strong></span> 
     </span>
     <span class='ocr_line' id='line_1_5' title="bbox 62 557 1958 629; baseline -0.001 -18"><span class='ocrx_word' id='word_1_37' title='bbox 62 562 239 622; x_wconf 86' lang='lat' dir='ltr'><strong>fertur,</strong></span> <span class='ocrx_word' id='word_1_38' title='bbox 283 577 445 626; x_wconf 89' lang='lat' dir='ltr'><strong>quare</strong></span> <span class='ocrx_word' id='word_1_39' title='bbox 485 576 514 610; x_wconf 91' lang='lat' dir='ltr'><strong>a</strong></span> <span class='ocrx_word' id='word_1_40' title='bbox 543 558 863 625; x_wconf 88' lang='lat' dir='ltr'><strong>quibusdam</strong></span> <span class='ocrx_word' id='word_1_41' title='bbox 893 557 1245 608; x_wconf 83' lang='lat' dir='ltr'><strong>voluntarium</strong></span> <span class='ocrx_word' id='word_1_42' title='bbox 1274 557 1540 629; x_wconf 60' lang='lat' dir='ltr'><strong>obz&#39;eclz’z&#39;e&#39;,</strong></span> <span class='ocrx_word' id='word_1_43' title='bbox 1582 574 1688 607; x_wconf 90' lang='lat' dir='ltr'><strong>non</strong></span> <span class='ocrx_word' id='word_1_44' title='bbox 1717 559 1958 609; x_wconf 80' lang='lat' dir='ltr'><strong>effective</strong></span> 
     </span>
     <span class='ocr_line' id='line_1_6' title="bbox 60 629 1958 701; baseline -0.002 -8"><span class='ocrx_word' id='word_1_45' title='bbox 60 661 154 693; x_wconf 93' lang='lat' dir='ltr'><strong>seu</strong></span> <span class='ocrx_word' id='word_1_46' title='bbox 195 643 473 693; x_wconf 84' lang='lat' dir='ltr'><strong>causaliter</strong></span> <span class='ocrx_word' id='word_1_47' title='bbox 509 650 746 692; x_wconf 87' lang='lat' dir='ltr'><strong>vocatur.</strong></span> <span class='ocrx_word' id='word_1_48' title='bbox 829 640 1004 691; x_wconf 88' lang='lat' dir='ltr'><strong>Omne</strong></span> <span class='ocrx_word' id='word_1_49' title='bbox 1044 629 1397 689; x_wconf 84' lang='lat' dir='ltr'><strong>voluntarium</strong></span> <span class='ocrx_word' id='word_1_50' title='bbox 1439 647 1519 688; x_wconf 92' lang='lat' dir='ltr'><strong>est</strong></span> <span class='ocrx_word' id='word_1_51' title='bbox 1558 638 1810 701; x_wconf 85' lang='lat' dir='ltr'><strong>volitum,</strong></span> <span class='ocrx_word' id='word_1_52' title='bbox 1864 642 1958 690; x_wconf 91' lang='lat' dir='ltr'><strong>sed</strong></span> 
     </span>
     <span class='ocr_line' id='line_1_7' title="bbox 60 725 490 776; baseline -0.005 0"><span class='ocrx_word' id='word_1_53' title='bbox 60 743 168 776; x_wconf 91' lang='lat' dir='ltr'><strong>non</strong></span> <span class='ocrx_word' id='word_1_54' title='bbox 207 725 490 774; x_wconf 88' lang='lat' dir='ltr'><strong>viceversa.</strong></span> 
     </span>
    </p>

    <p class='ocr_par' dir='ltr' id='par_1_3' title="bbox 58 802 1961 1692">
     <span class='ocr_line' id='line_1_8' title="bbox 135 802 1958 871; baseline -0.002 -15"><span class='ocrx_word' id='word_1_55' title='bbox 135 807 416 871; x_wconf 88' lang='lat' dir='ltr'><strong>Distingue</strong></span> <span class='ocrx_word' id='word_1_56' title='bbox 455 813 817 870; x_wconf 74' lang='lat' dir='ltr'><strong>spontaneum,</strong></span> <span class='ocrx_word' id='word_1_57' title='bbox 861 803 1247 862; x_wconf 71' lang='lat' dir='ltr'><strong>voluntam&#39;mn,</strong></span> <span class='ocrx_word' id='word_1_58' title='bbox 1287 802 1531 853; x_wconf 62' lang='lat' dir='ltr'><strong>liberum.</strong></span> <span class='ocrx_word' id='word_1_59' title='bbox 1602 802 1958 867; x_wconf 73' lang='lat' dir='ltr'><strong>Spontcmenm</strong></span> 
     </span>
     <span class='ocr_line' id='line_1_9' title="bbox 60 884 1960 955; baseline -0.002 -17"><span class='ocrx_word' id='word_1_60' title='bbox 60 897 139 938; x_wconf 91' lang='lat' dir='ltr'><strong>est</strong></span> <span class='ocrx_word' id='word_1_61' title='bbox 180 888 328 955; x_wconf 93' lang='lat' dir='ltr'><strong>quod</strong></span> <span class='ocrx_word' id='word_1_62' title='bbox 385 887 628 954; x_wconf 83' lang='lat' dir='ltr'><strong>procedit</strong></span> <span class='ocrx_word' id='word_1_63' title='bbox 667 904 697 935; x_wconf 90' lang='lat' dir='ltr'><strong>a</strong></span> <span class='ocrx_word' id='word_1_64' title='bbox 737 886 995 951; x_wconf 88' lang='lat' dir='ltr'><strong>principio</strong></span> <span class='ocrx_word' id='word_1_65' title='bbox 1036 886 1267 947; x_wconf 79' lang='lat' dir='ltr'><strong>interno3</strong></span> <span class='ocrx_word' id='word_1_66' title='bbox 1322 884 1444 934; x_wconf 92' lang='lat' dir='ltr'><strong>hinc</strong></span> <span class='ocrx_word' id='word_1_67' title='bbox 1498 885 1746 934; x_wconf 86' lang='lat' dir='ltr'><strong>convenit</strong></span> <span class='ocrx_word' id='word_1_68' title='bbox 1801 886 1960 935; x_wconf 87' lang='lat' dir='ltr'><strong>etiam</strong></span> 
     </span>
     <span class='ocr_line' id='line_1_10' title="bbox 59 960 1957 1033; baseline -0.002 -13"><span class='ocrx_word' id='word_1_69' title='bbox 59 960 265 1020; x_wconf 83' lang='lat' dir='ltr'><strong>actibus</strong></span> <span class='ocrx_word' id='word_1_70' title='bbox 304 968 635 1029; x_wconf 87' lang='lat' dir='ltr'><strong>intellectus,</strong></span> <span class='ocrx_word' id='word_1_71' title='bbox 679 968 769 1033; x_wconf 94' lang='lat' dir='ltr'><strong>qui</strong></span> <span class='ocrx_word' id='word_1_72' title='bbox 809 967 1135 1017; x_wconf 89' lang='lat' dir='ltr'><strong>antecedunt</strong></span> <span class='ocrx_word' id='word_1_73' title='bbox 1176 984 1392 1016; x_wconf 89' lang='lat' dir='ltr'><strong>omnem</strong></span> <span class='ocrx_word' id='word_1_74' title='bbox 1434 975 1613 1016; x_wconf 88' lang='lat' dir='ltr'><strong>actum</strong></span> <span class='ocrx_word' id='word_1_75' title='bbox 1654 965 1957 1028; x_wconf 83' lang='lat' dir='ltr'><strong>voluntatis,</strong></span> 
     </span>
     <span class='ocr_line' id='line_1_11' title="bbox 59 1048 1960 1115; baseline -0.003 -12"><span class='ocrx_word' id='word_1_76' title='bbox 59 1053 224 1103; x_wconf 90' lang='lat' dir='ltr'><strong>immo</strong></span> <span class='ocrx_word' id='word_1_77' title='bbox 269 1051 517 1102; x_wconf 86' lang='lat' dir='ltr'><strong>omnibus</strong></span> <span class='ocrx_word' id='word_1_78' title='bbox 572 1050 806 1100; x_wconf 90' lang='lat' dir='ltr'><strong>motibus</strong></span> <span class='ocrx_word' id='word_1_79' title='bbox 857 1048 1118 1099; x_wconf 86' lang='lat' dir='ltr'><strong>vitalibus.</strong></span> <span class='ocrx_word' id='word_1_80' title='bbox 1199 1048 1308 1098; x_wconf 83' lang='lat' dir='ltr'><strong>Alii</strong></span> <span class='ocrx_word' id='word_1_81' title='bbox 1348 1057 1527 1097; x_wconf 88' lang='lat' dir='ltr'><strong>tamen</strong></span> <span class='ocrx_word' id='word_1_82' title='bbox 1568 1066 1764 1098; x_wconf 90' lang='lat' dir='ltr'><strong>nornen</strong></span> <span class='ocrx_word' id='word_1_83' title='bbox 1804 1066 1960 1115; x_wconf 88' lang='lat' dir='ltr'><strong>spon-</strong></span> 
     </span>
     <span class='ocr_line' id='line_1_12' title="bbox 59 1131 1960 1199; baseline -0.002 -14"><span class='ocrx_word' id='word_1_84' title='bbox 59 1134 200 1185; x_wconf 84' lang='lat' dir='ltr'><strong>tanei</strong></span> <span class='ocrx_word' id='word_1_85' title='bbox 241 1133 563 1199; x_wconf 88' lang='lat' dir='ltr'><strong>restringunt</strong></span> <span class='ocrx_word' id='word_1_86' title='bbox 613 1132 682 1181; x_wconf 91' lang='lat' dir='ltr'><strong>ad</strong></span> <span class='ocrx_word' id='word_1_87' title='bbox 734 1131 818 1191; x_wconf 83' lang='lat' dir='ltr'><strong>id,</strong></span> <span class='ocrx_word' id='word_1_88' title='bbox 877 1131 1025 1196; x_wconf 94' lang='lat' dir='ltr'><strong>quod</strong></span> <span class='ocrx_word' id='word_1_89' title='bbox 1080 1131 1325 1196; x_wconf 83' lang='lat' dir='ltr'><strong>procedit</strong></span> <span class='ocrx_word' id='word_1_90' title='bbox 1375 1148 1405 1180; x_wconf 92' lang='lat' dir='ltr'><strong>a</strong></span> <span class='ocrx_word' id='word_1_91' title='bbox 1445 1131 1703 1196; x_wconf 91' lang='lat' dir='ltr'><strong>principio</strong></span> <span class='ocrx_word' id='word_1_92' title='bbox 1755 1132 1960 1181; x_wconf 89' lang='lat' dir='ltr'><strong>interno</strong></span> 
     </span>
     <span class='ocr_line' id='line_1_13' title="bbox 60 1212 1961 1280; baseline -0.002 -14"><span class='ocrx_word' id='word_1_93' title='bbox 60 1234 181 1267; x_wconf 91' lang='lat' dir='ltr'><strong>cum</strong></span> <span class='ocrx_word' id='word_1_94' title='bbox 221 1216 528 1280; x_wconf 80' lang='lat' dir='ltr'><strong>cognitione</strong></span> <span class='ocrx_word' id='word_1_95' title='bbox 568 1214 685 1264; x_wconf 88' lang='lat' dir='ltr'><strong>finis</strong></span> <span class='ocrx_word' id='word_1_96' title='bbox 727 1215 857 1278; x_wconf 84' lang='lat' dir='ltr'><strong>(sive</strong></span> <span class='ocrx_word' id='word_1_97' title='bbox 899 1213 1107 1263; x_wconf 88' lang='lat' dir='ltr'><strong>formali</strong></span> <span class='ocrx_word' id='word_1_98' title='bbox 1147 1214 1255 1263; x_wconf 82' lang='lat' dir='ltr'><strong>sive</strong></span> <span class='ocrx_word' id='word_1_99' title='bbox 1296 1212 1588 1275; x_wconf 84' lang='lat' dir='ltr'><strong>materiali),</strong></span> <span class='ocrx_word' id='word_1_100' title='bbox 1633 1220 1686 1263; x_wconf 94' lang='lat' dir='ltr'><strong>et</strong></span> <span class='ocrx_word' id='word_1_101' title='bbox 1725 1214 1799 1263; x_wconf 91' lang='lat' dir='ltr'><strong>sic</strong></span> <span class='ocrx_word' id='word_1_102' title='bbox 1840 1231 1961 1263; x_wconf 90' lang='lat' dir='ltr'><strong>con-</strong></span> 
     </span>
     <span class='ocr_line' id='line_1_14' title="bbox 58 1295 1959 1362; baseline -0.003 -13"><span class='ocrx_word' id='word_1_103' title='bbox 58 1299 203 1358; x_wconf 80' lang='lat' dir='ltr'><strong>venit</strong></span> <span class='ocrx_word' id='word_1_104' title='bbox 241 1297 367 1348; x_wconf 90' lang='lat' dir='ltr'><strong>solis</strong></span> <span class='ocrx_word' id='word_1_105' title='bbox 407 1297 787 1359; x_wconf 81' lang='lat' dir='ltr'><strong>animantibus3</strong></span> <span class='ocrx_word' id='word_1_106' title='bbox 844 1296 1071 1346; x_wconf 71' lang='lat' dir='ltr'><strong>liberum</strong></span> <span class='ocrx_word' id='word_1_107' title='bbox 1128 1304 1208 1345; x_wconf 89' lang='lat' dir='ltr'><strong>est</strong></span> <span class='ocrx_word' id='word_1_108' title='bbox 1261 1295 1408 1362; x_wconf 91' lang='lat' dir='ltr'><strong>quod</strong></span> <span class='ocrx_word' id='word_1_109' title='bbox 1461 1313 1491 1345; x_wconf 89' lang='lat' dir='ltr'><strong>a</strong></span> <span class='ocrx_word' id='word_1_110' title='bbox 1530 1295 1804 1345; x_wconf 75' lang='lat' dir='ltr'><strong>voluntate</strong></span> <span class='ocrx_word' id='word_1_111' title='bbox 1844 1314 1959 1361; x_wconf 94' lang='lat' dir='ltr'><strong>pro-</strong></span> 
     </span>
     <span class='ocr_line' id='line_1_15' title="bbox 61 1377 1961 1445; baseline -0.002 -15"><span class='ocrx_word' id='word_1_112' title='bbox 61 1381 202 1431; x_wconf 88' lang='lat' dir='ltr'><strong>cedit</strong></span> <span class='ocrx_word' id='word_1_113' title='bbox 241 1397 298 1430; x_wconf 90' lang='lat' dir='ltr'><strong>se</strong></span> <span class='ocrx_word' id='word_1_114' title='bbox 351 1380 521 1445; x_wconf 84' lang='lat' dir='ltr'><strong>ipsam</strong></span> <span class='ocrx_word' id='word_1_115' title='bbox 577 1379 964 1428; x_wconf 86' lang='lat' dir='ltr'><strong>determinante</strong></span> <span class='ocrx_word' id='word_1_116' title='bbox 1019 1395 1111 1428; x_wconf 92' lang='lat' dir='ltr'><strong>seu</strong></span> <span class='ocrx_word' id='word_1_117' title='bbox 1165 1378 1368 1444; x_wconf 79' lang='lat' dir='ltr'><strong>absque</strong></span> <span class='ocrx_word' id='word_1_118' title='bbox 1419 1378 1623 1427; x_wconf 89' lang='lat' dir='ltr'><strong>interna</strong></span> <span class='ocrx_word' id='word_1_119' title='bbox 1672 1377 1961 1428; x_wconf 85' lang='lat' dir='ltr'><strong>voluntatis</strong></span> 
     </span>
     <span class='ocr_line' id='line_1_16' title="bbox 61 1458 1956 1525; baseline -0.002 -12"><span class='ocrx_word' id='word_1_120' title='bbox 61 1462 501 1513; x_wconf 85' lang='lat' dir='ltr'><strong>determinatione</strong></span> <span class='ocrx_word' id='word_1_121' title='bbox 542 1461 609 1510; x_wconf 89' lang='lat' dir='ltr'><strong>ad</strong></span> <span class='ocrx_word' id='word_1_122' title='bbox 638 1478 814 1511; x_wconf 89' lang='lat' dir='ltr'><strong>unum.</strong></span> <span class='ocrx_word' id='word_1_123' title='bbox 886 1459 991 1525; x_wconf 86' lang='lat' dir='ltr'><strong>(De</strong></span> <span class='ocrx_word' id='word_1_124' title='bbox 1020 1460 1263 1510; x_wconf 86' lang='lat' dir='ltr'><strong>libertate</strong></span> <span class='ocrx_word' id='word_1_125' title='bbox 1304 1458 1368 1510; x_wconf 91' lang='lat' dir='ltr'><strong>cf.</strong></span> <span class='ocrx_word' id='word_1_126' title='bbox 1400 1459 1670 1520; x_wconf 71' lang='lat' dir='ltr'><strong>Boedder,</strong></span> <span class='ocrx_word' id='word_1_127' title='bbox 1710 1460 1956 1525; x_wconf 89' lang='lat' dir='ltr'><strong>Psychol.</strong></span> 
     </span>
     <span class='ocr_line' id='line_1_17' title="bbox 59 1542 1959 1608; baseline -0.002 -14"><span class='ocrx_word' id='word_1_128' title='bbox 59 1563 108 1596; x_wconf 91' lang='lat' dir='ltr'><strong>n.</strong></span> <span class='ocrx_word' id='word_1_129' title='bbox 142 1546 275 1608; x_wconf 84' lang='lat'><em>3803</em></span> <span class='ocrx_word' id='word_1_130' title='bbox 306 1542 493 1603; x_wconf 66' lang='lat' dir='ltr'><strong>Frins,</strong></span> <span class='ocrx_word' id='word_1_131' title='bbox 525 1542 610 1591; x_wconf 93' lang='lat' dir='ltr'><strong>De</strong></span> <span class='ocrx_word' id='word_1_132' title='bbox 638 1551 738 1592; x_wconf 89' lang='lat' dir='ltr'><strong>act.</strong></span> <span class='ocrx_word' id='word_1_133' title='bbox 770 1543 913 1593; x_wconf 89' lang='lat' dir='ltr'><strong>hum.</strong></span> <span class='ocrx_word' id='word_1_134' title='bbox 946 1543 983 1603; x_wconf 89' lang='lat' dir='ltr'><strong>I,</strong></span> <span class='ocrx_word' id='word_1_135' title='bbox 1014 1560 1062 1593; x_wconf 90' lang='lat' dir='ltr'><strong>n.</strong></span> <span class='ocrx_word' id='word_1_136' title='bbox 1094 1544 1204 1607; x_wconf 79' lang='lat'><strong>93.)</strong></span> <span class='ocrx_word' id='word_1_137' title='bbox 1254 1542 1393 1592; x_wconf 90' lang='lat' dir='ltr'><strong>Hinc</strong></span> <span class='ocrx_word' id='word_1_138' title='bbox 1421 1549 1777 1607; x_wconf 89' lang='lat' dir='ltr'><strong>spontaneum</strong></span> <span class='ocrx_word' id='word_1_139' title='bbox 1805 1542 1959 1592; x_wconf 89' lang='lat' dir='ltr'><strong>latius</strong></span> 
     </span>
     <span class='ocr_line' id='line_1_18' title="bbox 59 1623 1956 1692; baseline -0.002 -16"><span class='ocrx_word' id='word_1_140' title='bbox 59 1633 209 1692; x_wconf 89' lang='lat' dir='ltr'><strong>patet</strong></span> <span class='ocrx_word' id='word_1_141' title='bbox 262 1641 423 1691; x_wconf 90' lang='lat' dir='ltr'><strong>quam</strong></span> <span class='ocrx_word' id='word_1_142' title='bbox 470 1623 852 1685; x_wconf 76' lang='lat' dir='ltr'><strong>voluntarium,</strong></span> <span class='ocrx_word' id='word_1_143' title='bbox 906 1623 1261 1674; x_wconf 81' lang='lat' dir='ltr'><strong>voluntarium</strong></span> <span class='ocrx_word' id='word_1_144' title='bbox 1312 1623 1467 1674; x_wconf 88' lang='lat' dir='ltr'><strong>latius</strong></span> <span class='ocrx_word' id='word_1_145' title='bbox 1516 1641 1678 1690; x_wconf 91' lang='lat' dir='ltr'><strong>quam</strong></span> <span class='ocrx_word' id='word_1_146' title='bbox 1719 1623 1956 1674; x_wconf 85' lang='lat' dir='ltr'><strong>liberum.</strong></span> 
     </span>
    </p>
   </div>
   <div class='ocr_carea' id='block_1_3' title="bbox 57 1771 1960 1922">
    <p class='ocr_par' dir='ltr' id='par_1_4' title="bbox 57 1771 1960 1922">
     <span class='ocr_line' id='line_1_19' title="bbox 62 1771 1960 1847; baseline -0.001 -25"><span class='ocrx_word' id='word_1_147' title='bbox 62 1783 163 1835; x_wconf 88' lang='lat'><strong>33.</strong></span> <span class='ocrx_word' id='word_1_148' title='bbox 243 1773 305 1823; x_wconf 93' lang='grc' dir='ltr'><strong>Π.</strong></span> <span class='ocrx_word' id='word_1_149' title='bbox 351 1773 727 1847; x_wconf 55' lang='lat' dir='ltr'><strong>Qz&#39;slinguitm‘</strong></span> <span class='ocrx_word' id='word_1_150' title='bbox 769 1773 1135 1823; x_wconf 65' lang='lat' dir='ltr'><strong>volunlm‘itmz</strong></span> <span class='ocrx_word' id='word_1_151' title='bbox 1177 1790 1273 1838; x_wconf 92' lang='lat' dir='ltr'><strong>pro</strong></span> <span class='ocrx_word' id='word_1_152' title='bbox 1316 1772 1620 1822; x_wconf 66' lang='lat' dir='ltr'><strong>diversitate</strong></span> <span class='ocrx_word' id='word_1_153' title='bbox 1649 1771 1809 1833; x_wconf 72' lang='lat' dir='ltr'><strong>modi,</strong></span> <span class='ocrx_word' id='word_1_154' title='bbox 1853 1788 1960 1836; x_wconf 89' lang='lat' dir='ltr'><strong>quo</strong></span> 
     </span>
     <span class='ocr_line' id='line_1_20' title="bbox 57 1854 711 1922; baseline 0.003 -18"><span class='ocrx_word' id='word_1_155' title='bbox 57 1871 89 1905; x_wconf 87' lang='lat' dir='ltr'><strong>a</strong></span> <span class='ocrx_word' id='word_1_156' title='bbox 127 1854 401 1905; x_wconf 89' lang='lat' dir='ltr'><strong>voluntate</strong></span> <span class='ocrx_word' id='word_1_157' title='bbox 441 1856 711 1922; x_wconf 87' lang='lat' dir='ltr'><strong>procedit:</strong></span> 
     </span>
    </p>
   </div>
   <div class='ocr_carea' id='block_1_4' title="bbox 54 1949 1963 3414">
    <p class='ocr_par' dir='ltr' id='par_1_5' title="bbox 54 1949 1963 2426">
     <span class='ocr_line' id='line_1_21' title="bbox 137 1949 1960 2019; baseline -0.001 -18"><span class='ocrx_word' id='word_1_158' title='bbox 137 1965 178 2001; x_wconf 90' lang='grc' dir='ltr'><strong>Ι.</strong></span> <span class='ocrx_word' id='word_1_159' title='bbox 223 1951 455 2002; x_wconf 74' lang='lat' dir='ltr'><strong>elicitum</strong></span> <span class='ocrx_word' id='word_1_160' title='bbox 496 1961 549 2002; x_wconf 93' lang='lat' dir='ltr'><strong>et</strong></span> <span class='ocrx_word' id='word_1_161' title='bbox 599 1953 954 2018; x_wconf 65' lang='lat' dir='ltr'><strong>imperatum.</strong></span> <span class='ocrx_word' id='word_1_162' title='bbox 1011 1960 1173 2019; x_wconf 90' lang='lat' dir='ltr'><strong>prout</strong></span> <span class='ocrx_word' id='word_1_163' title='bbox 1224 1951 1307 2001; x_wconf 69' lang='lat' dir='ltr'><strong>vel</strong></span> <span class='ocrx_word' id='word_1_164' title='bbox 1362 1952 1668 2001; x_wconf 90' lang='lat' dir='ltr'><strong>immediate</strong></span> <span class='ocrx_word' id='word_1_165' title='bbox 1710 1968 1740 1999; x_wconf 92' lang='lat' dir='ltr'><strong>a</strong></span> <span class='ocrx_word' id='word_1_166' title='bbox 1779 1949 1960 1999; x_wconf 79' lang='lat' dir='ltr'><strong>volun-</strong></span> 
     </span>
     <span class='ocr_line' id='line_1_22' title="bbox 54 2032 1961 2101; baseline -0.001 -18"><span class='ocrx_word' id='word_1_167' title='bbox 54 2042 162 2084; x_wconf 88' lang='lat' dir='ltr'><strong>tate</strong></span> <span class='ocrx_word' id='word_1_168' title='bbox 202 2042 474 2100; x_wconf 86' lang='lat' dir='ltr'><strong>tamquam</strong></span> <span class='ocrx_word' id='word_1_169' title='bbox 516 2051 675 2085; x_wconf 91' lang='lat' dir='ltr'><strong>causa</strong></span> <span class='ocrx_word' id='word_1_170' title='bbox 715 2034 963 2084; x_wconf 87' lang='lat' dir='ltr'><strong>efficienti</strong></span> <span class='ocrx_word' id='word_1_171' title='bbox 1003 2034 1273 2101; x_wconf 87' lang='lat' dir='ltr'><strong>procedit,</strong></span> <span class='ocrx_word' id='word_1_172' title='bbox 1327 2033 1410 2084; x_wconf 77' lang='lat' dir='ltr'><strong>vel</strong></span> <span class='ocrx_word' id='word_1_173' title='bbox 1452 2034 1683 2083; x_wconf 89' lang='lat' dir='ltr'><strong>mediate</strong></span> <span class='ocrx_word' id='word_1_174' title='bbox 1723 2032 1814 2083; x_wconf 91' lang='lat' dir='ltr'><strong>scl.</strong></span> <span class='ocrx_word' id='word_1_175' title='bbox 1858 2049 1961 2082; x_wconf 89' lang='lat' dir='ltr'><strong>me-</strong></span> 
     </span>
     <span class='ocr_line' id='line_1_23' title="bbox 57 2114 1962 2183; baseline -0.002 -17"><span class='ocrx_word' id='word_1_176' title='bbox 57 2116 222 2166; x_wconf 89' lang='lat' dir='ltr'><strong>dianti</strong></span> <span class='ocrx_word' id='word_1_177' title='bbox 274 2116 563 2167; x_wconf 87' lang='lat' dir='ltr'><strong>voluntatis</strong></span> <span class='ocrx_word' id='word_1_178' title='bbox 618 2118 841 2183; x_wconf 90' lang='lat' dir='ltr'><strong>imperio</strong></span> <span class='ocrx_word' id='word_1_179' title='bbox 897 2118 948 2166; x_wconf 92' lang='lat' dir='ltr'><strong>in</strong></span> <span class='ocrx_word' id='word_1_180' title='bbox 1004 2116 1132 2167; x_wconf 85' lang='lat' dir='ltr'><strong>alias</strong></span> <span class='ocrx_word' id='word_1_181' title='bbox 1185 2115 1477 2166; x_wconf 83' lang='lat' dir='ltr'><strong>facultates.</strong></span> <span class='ocrx_word' id='word_1_182' title='bbox 1574 2115 1748 2165; x_wconf 85' lang='lat' dir='ltr'><strong>Actus</strong></span> <span class='ocrx_word' id='word_1_183' title='bbox 1800 2114 1962 2181; x_wconf 91' lang='lat' dir='ltr'><strong>ipsius</strong></span> 
     </span>
     <span class='ocr_line' id='line_1_24' title="bbox 55 2197 1960 2265; baseline -0.001 -18"><span class='ocrx_word' id='word_1_184' title='bbox 55 2197 344 2249; x_wconf 87' lang='lat' dir='ltr'><strong>voluntatis</strong></span> <span class='ocrx_word' id='word_1_185' title='bbox 402 2208 614 2265; x_wconf 89' lang='lat' dir='ltr'><strong>semper</strong></span> <span class='ocrx_word' id='word_1_186' title='bbox 669 2208 750 2249; x_wconf 91' lang='lat' dir='ltr'><strong>est</strong></span> <span class='ocrx_word' id='word_1_187' title='bbox 805 2199 1036 2262; x_wconf 88' lang='lat' dir='ltr'><strong>elicitus;</strong></span> <span class='ocrx_word' id='word_1_188' title='bbox 1096 2208 1275 2265; x_wconf 90' lang='lat' dir='ltr'><strong>potest</strong></span> <span class='ocrx_word' id='word_1_189' title='bbox 1331 2207 1509 2248; x_wconf 88' lang='lat' dir='ltr'><strong>tamen</strong></span> <span class='ocrx_word' id='word_1_190' title='bbox 1566 2197 1747 2264; x_wconf 84' lang='lat' dir='ltr'><strong>aliquo</strong></span> <span class='ocrx_word' id='word_1_191' title='bbox 1802 2214 1960 2246; x_wconf 89' lang='lat' dir='ltr'><strong>sensu</strong></span> 
     </span>
     <span class='ocr_line' id='line_1_25' title="bbox 56 2279 1963 2348; baseline 0 -19"><span class='ocrx_word' id='word_1_192' title='bbox 56 2280 212 2330; x_wconf 89' lang='lat' dir='ltr'><strong>simul</strong></span> <span class='ocrx_word' id='word_1_193' title='bbox 252 2298 368 2331; x_wconf 86' lang='lat' dir='ltr'><strong>esse</strong></span> <span class='ocrx_word' id='word_1_194' title='bbox 408 2282 713 2348; x_wconf 89' lang='lat' dir='ltr'><strong>imperatus,</strong></span> <span class='ocrx_word' id='word_1_195' title='bbox 757 2282 809 2331; x_wconf 91' lang='lat' dir='ltr'><strong>in</strong></span> <span class='ocrx_word' id='word_1_196' title='bbox 839 2293 1096 2348; x_wconf 89' lang='lat' dir='ltr'><strong>quantum</strong></span> <span class='ocrx_word' id='word_1_197' title='bbox 1123 2299 1257 2331; x_wconf 88' lang='lat' dir='ltr'><strong>unus</strong></span> <span class='ocrx_word' id='word_1_198' title='bbox 1286 2290 1436 2330; x_wconf 84' lang='lat' dir='ltr'><strong>actus</strong></span> <span class='ocrx_word' id='word_1_199' title='bbox 1463 2279 1752 2330; x_wconf 78' lang='lat' dir='ltr'><strong>voluntatis</strong></span> <span class='ocrx_word' id='word_1_200' title='bbox 1780 2288 1963 2329; x_wconf 83' lang='lat' dir='ltr'><strong>movet</strong></span> 
     </span>
     <span class='ocr_line' id='line_1_26' title="bbox 56 2362 351 2426; baseline -0.007 -13"><span class='ocrx_word' id='word_1_201' title='bbox 56 2362 126 2413; x_wconf 92' lang='lat' dir='ltr'><strong>ad</strong></span> <span class='ocrx_word' id='word_1_202' title='bbox 166 2362 351 2426; x_wconf 91' lang='lat' dir='ltr'><strong>alium;</strong></span> 
     </span>
    </p>

    <p class='ocr_par' dir='ltr' id='par_1_6' title="bbox 56 2443 1961 2593">
     <span class='ocr_line' id='line_1_27' title="bbox 133 2443 1961 2512; baseline -0.001 -18"><span class='ocrx_word' id='word_1_203' title='bbox 133 2459 179 2495; x_wconf 89' lang='lat'><strong>2.</strong></span> <span class='ocrx_word' id='word_1_204' title='bbox 210 2444 564 2495; x_wconf 88' lang='lat' dir='ltr'><strong>voluntarium</strong></span> <span class='ocrx_word' id='word_1_205' title='bbox 577 2447 878 2510; x_wconf 66' lang='lat' dir='ltr'><strong>perfectum</strong></span> <span class='ocrx_word' id='word_1_206' title='bbox 902 2456 955 2496; x_wconf 93' lang='lat' dir='ltr'><strong>et</strong></span> <span class='ocrx_word' id='word_1_207' title='bbox 975 2446 1361 2511; x_wconf 73' lang='lat' dir='ltr'><strong>imperfi‘ctzml,</strong></span> <span class='ocrx_word' id='word_1_208' title='bbox 1387 2453 1544 2512; x_wconf 92' lang='lat' dir='ltr'><strong>prout</strong></span> <span class='ocrx_word' id='word_1_209' title='bbox 1566 2462 1635 2494; x_wconf 77' lang='lat' dir='ltr'><strong>ex</strong></span> <span class='ocrx_word' id='word_1_210' title='bbox 1657 2443 1961 2509; x_wconf 79' lang='lat' dir='ltr'><strong>cognitione</strong></span> 
     </span>
     <span class='ocr_line' id='line_1_28' title="bbox 56 2526 1883 2593; baseline -0.001 -17"><span class='ocrx_word' id='word_1_211' title='bbox 56 2526 294 2592; x_wconf 88' lang='lat' dir='ltr'><strong>perfecta</strong></span> <span class='ocrx_word' id='word_1_212' title='bbox 332 2526 416 2577; x_wconf 87' lang='lat' dir='ltr'><strong>vel</strong></span> <span class='ocrx_word' id='word_1_213' title='bbox 455 2528 766 2593; x_wconf 87' lang='lat' dir='ltr'><strong>imperfecta</strong></span> <span class='ocrx_word' id='word_1_214' title='bbox 807 2528 923 2577; x_wconf 89' lang='lat' dir='ltr'><strong>finis</strong></span> <span class='ocrx_word' id='word_1_215' title='bbox 964 2537 1017 2578; x_wconf 93' lang='lat' dir='ltr'><strong>et</strong></span> <span class='ocrx_word' id='word_1_216' title='bbox 1057 2528 1569 2578; x_wconf 82' lang='lat' dir='ltr'><strong>circumstantiarum</strong></span> <span class='ocrx_word' id='word_1_217' title='bbox 1611 2526 1883 2593; x_wconf 79' lang='lat' dir='ltr'><strong>procedit3</strong></span> 
     </span>
    </p>

    <p class='ocr_par' dir='ltr' id='par_1_7' title="bbox 54 2606 1961 3165">
     <span class='ocr_line' id='line_1_29' title="bbox 133 2606 1955 2673; baseline 0 -15"><span class='ocrx_word' id='word_1_218' title='bbox 133 2622 179 2672; x_wconf 82' lang='lat'><strong>3,</strong></span> <span class='ocrx_word' id='word_1_219' title='bbox 222 2608 577 2659; x_wconf 89' lang='lat' dir='ltr'><strong>voluntarium</strong></span> <span class='ocrx_word' id='word_1_220' title='bbox 630 2610 686 2659; x_wconf 78' lang='lat' dir='ltr'><strong>in</strong></span> <span class='ocrx_word' id='word_1_221' title='bbox 740 2628 796 2659; x_wconf 80' lang='lat' dir='ltr'><strong>se</strong></span> <span class='ocrx_word' id='word_1_222' title='bbox 835 2606 905 2660; x_wconf 65' lang='lat' dir='ltr'><strong>⁴et</strong></span> <span class='ocrx_word' id='word_1_223' title='bbox 953 2610 1311 2660; x_wconf 84' lang='lat' dir='ltr'><strong>voluntarium</strong></span> <span class='ocrx_word' id='word_1_224' title='bbox 1365 2610 1421 2659; x_wconf 76' lang='lat' dir='ltr'><strong>in</strong></span> <span class='ocrx_word' id='word_1_225' title='bbox 1471 2610 1584 2659; x_wconf 75' lang='lat' dir='ltr'><strong>alio</strong></span> <span class='ocrx_word' id='word_1_226' title='bbox 1637 2609 1708 2673; x_wconf 85' lang='lat' dir='ltr'><strong>(in</strong></span> <span class='ocrx_word' id='word_1_227' title='bbox 1761 2608 1955 2672; x_wconf 82' lang='lat' dir='ltr'><strong>causa).</strong></span> 
     </span>
     <span class='ocr_line' id='line_1_30' title="bbox 56 2690 1959 2758; baseline -0.001 -18"><span class='ocrx_word' id='word_1_228' title='bbox 56 2690 222 2740; x_wconf 69' lang='lat' dir='ltr'><strong>Prius</strong></span> <span class='ocrx_word' id='word_1_229' title='bbox 261 2698 342 2741; x_wconf 93' lang='lat' dir='ltr'><strong>est</strong></span> <span class='ocrx_word' id='word_1_230' title='bbox 380 2690 525 2752; x_wconf 89' lang='lat' dir='ltr'><strong>illud,</strong></span> <span class='ocrx_word' id='word_1_231' title='bbox 570 2692 717 2758; x_wconf 90' lang='lat' dir='ltr'><strong>quod</strong></span> <span class='ocrx_word' id='word_1_232' title='bbox 758 2693 808 2741; x_wconf 92' lang='lat' dir='ltr'><strong>in</strong></span> <span class='ocrx_word' id='word_1_233' title='bbox 837 2710 893 2742; x_wconf 79' lang='lat' dir='ltr'><strong>se</strong></span> <span class='ocrx_word' id='word_1_234' title='bbox 932 2693 1047 2757; x_wconf 71' lang='lat' dir='ltr'><strong>ipso</strong></span> <span class='ocrx_word' id='word_1_235' title='bbox 1075 2709 1168 2742; x_wconf 87' lang='lat' dir='ltr'><strong>seu</strong></span> <span class='ocrx_word' id='word_1_236' title='bbox 1197 2701 1306 2757; x_wconf 70' lang='lat' dir='ltr'><strong>per</strong></span> <span class='ocrx_word' id='word_1_237' title='bbox 1342 2710 1398 2741; x_wconf 79' lang='lat' dir='ltr'><strong>se</strong></span> <span class='ocrx_word' id='word_1_238' title='bbox 1439 2692 1728 2741; x_wconf 88' lang='lat' dir='ltr'><strong>intenditur</strong></span> <span class='ocrx_word' id='word_1_239' title='bbox 1762 2699 1814 2740; x_wconf 92' lang='lat' dir='ltr'><strong>et</strong></span> <span class='ocrx_word' id='word_1_240' title='bbox 1842 2707 1959 2740; x_wconf 91' lang='lat' dir='ltr'><strong>cau-</strong></span> 
     </span>
     <span class='ocr_line' id='line_1_31' title="bbox 55 2773 1961 2840; baseline 0 -19"><span class='ocrx_word' id='word_1_241' title='bbox 55 2780 228 2834; x_wconf 85' lang='lat' dir='ltr'><strong>satur,</strong></span> <span class='ocrx_word' id='word_1_242' title='bbox 287 2780 344 2823; x_wconf 94' lang='lat' dir='ltr'><strong>ut</strong></span> <span class='ocrx_word' id='word_1_243' title='bbox 395 2790 437 2823; x_wconf 90' lang='lat' dir='ltr'><strong>e.</strong></span> <span class='ocrx_word' id='word_1_244' title='bbox 482 2791 532 2840; x_wconf 88' lang='lat' dir='ltr'><strong>g.</strong></span> <span class='ocrx_word' id='word_1_245' title='bbox 578 2774 774 2824; x_wconf 91' lang='lat' dir='ltr'><strong>occisio</strong></span> <span class='ocrx_word' id='word_1_246' title='bbox 831 2775 898 2824; x_wconf 91' lang='lat' dir='ltr'><strong>ab</strong></span> <span class='ocrx_word' id='word_1_247' title='bbox 952 2773 1221 2824; x_wconf 88' lang='lat' dir='ltr'><strong>homicida</strong></span> <span class='ocrx_word' id='word_1_248' title='bbox 1261 2776 1476 2824; x_wconf 91' lang='lat' dir='ltr'><strong>intenta.</strong></span> <span class='ocrx_word' id='word_1_249' title='bbox 1557 2773 1834 2823; x_wconf 67' lang='lat' dir='ltr'><strong>Posterius</strong></span> <span class='ocrx_word' id='word_1_250' title='bbox 1881 2781 1961 2822; x_wconf 91' lang='lat' dir='ltr'><strong>est</strong></span> 
     </span>
     <span class='ocr_line' id='line_1_32' title="bbox 54 2853 1956 2921; baseline 0.001 -18"><span class='ocrx_word' id='word_1_251' title='bbox 54 2853 211 2916; x_wconf 91' lang='lat' dir='ltr'><strong>illud,</strong></span> <span class='ocrx_word' id='word_1_252' title='bbox 265 2855 414 2921; x_wconf 90' lang='lat' dir='ltr'><strong>quod</strong></span> <span class='ocrx_word' id='word_1_253' title='bbox 469 2872 577 2917; x_wconf 77' lang='lat' dir='ltr'><strong>non</strong></span> <span class='ocrx_word' id='word_1_254' title='bbox 633 2863 713 2906; x_wconf 81' lang='lat' dir='ltr'><strong>est</strong></span> <span class='ocrx_word' id='word_1_255' title='bbox 752 2855 1106 2906; x_wconf 85' lang='lat' dir='ltr'><strong>voluntarium</strong></span> <span class='ocrx_word' id='word_1_256' title='bbox 1148 2857 1203 2906; x_wconf 76' lang='lat' dir='ltr'><strong>in</strong></span> <span class='ocrx_word' id='word_1_257' title='bbox 1242 2875 1324 2918; x_wconf 77' lang='lat' dir='ltr'><strong>se,</strong></span> <span class='ocrx_word' id='word_1_258' title='bbox 1381 2857 1477 2906; x_wconf 86' lang='lat' dir='ltr'><strong>sed</strong></span> <span class='ocrx_word' id='word_1_259' title='bbox 1517 2855 1691 2906; x_wconf 90' lang='lat' dir='ltr'><strong>solum</strong></span> <span class='ocrx_word' id='word_1_260' title='bbox 1733 2855 1788 2904; x_wconf 71' lang='lat' dir='ltr'><strong>in</strong></span> <span class='ocrx_word' id='word_1_261' title='bbox 1829 2854 1956 2915; x_wconf 72' lang='lat' dir='ltr'><strong>alie,</strong></span> 
     </span>
     <span class='ocr_line' id='line_1_33' title="bbox 55 2936 1958 3004; baseline -0.001 -18"><span class='ocrx_word' id='word_1_262' title='bbox 55 2950 290 3001; x_wconf 89' lang='lat' dir='ltr'><strong>quocum</strong></span> <span class='ocrx_word' id='word_1_263' title='bbox 330 2945 606 3003; x_wconf 88' lang='lat' dir='ltr'><strong>tamquam</strong></span> <span class='ocrx_word' id='word_1_264' title='bbox 648 2954 807 2988; x_wconf 89' lang='lat' dir='ltr'><strong>causa</strong></span> <span class='ocrx_word' id='word_1_265' title='bbox 863 2956 1132 2988; x_wconf 82' lang='lat' dir='ltr'><strong>conexum</strong></span> <span class='ocrx_word' id='word_1_266' title='bbox 1186 2948 1291 3000; x_wconf 89' lang='lat' dir='ltr'><strong>est,</strong></span> <span class='ocrx_word' id='word_1_267' title='bbox 1346 2947 1404 2989; x_wconf 92' lang='lat' dir='ltr'><strong>ut</strong></span> <span class='ocrx_word' id='word_1_268' title='bbox 1443 2957 1490 2988; x_wconf 86' lang='lat' dir='ltr'><strong>v.</strong></span> <span class='ocrx_word' id='word_1_269' title='bbox 1536 2954 1585 3004; x_wconf 84' lang='lat' dir='ltr'><strong>g.</strong></span> <span class='ocrx_word' id='word_1_270' title='bbox 1631 2938 1827 2987; x_wconf 90' lang='lat' dir='ltr'><strong>occisio</strong></span> <span class='ocrx_word' id='word_1_271' title='bbox 1868 2936 1958 2985; x_wconf 88' lang='lat' dir='ltr'><strong>ho-</strong></span> 
     </span>
     <span class='ocr_line' id='line_1_34' title="bbox 56 3019 1961 3087; baseline 0 -20"><span class='ocrx_word' id='word_1_272' title='bbox 56 3019 212 3068; x_wconf 91' lang='lat' dir='ltr'><strong>minis</strong></span> <span class='ocrx_word' id='word_1_273' title='bbox 252 3036 322 3069; x_wconf 83' lang='lat' dir='ltr'><strong>ex</strong></span> <span class='ocrx_word' id='word_1_274' title='bbox 361 3021 639 3070; x_wconf 85' lang='lat' dir='ltr'><strong>temeraria</strong></span> <span class='ocrx_word' id='word_1_275' title='bbox 689 3021 1019 3087; x_wconf 89' lang='lat' dir='ltr'><strong>proiectione</strong></span> <span class='ocrx_word' id='word_1_276' title='bbox 1071 3021 1261 3087; x_wconf 90' lang='lat' dir='ltr'><strong>lapidis</strong></span> <span class='ocrx_word' id='word_1_277' title='bbox 1312 3022 1364 3071; x_wconf 91' lang='lat' dir='ltr'><strong>in</strong></span> <span class='ocrx_word' id='word_1_278' title='bbox 1405 3020 1610 3081; x_wconf 90' lang='lat' dir='ltr'><strong>locum,</strong></span> <span class='ocrx_word' id='word_1_279' title='bbox 1670 3019 1761 3068; x_wconf 86' lang='lat' dir='ltr'><strong>ubi</strong></span> <span class='ocrx_word' id='word_1_280' title='bbox 1800 3019 1961 3068; x_wconf 89' lang='lat' dir='ltr'><strong>scitur</strong></span> 
     </span>
     <span class='ocr_line' id='line_1_35' title="bbox 58 3099 594 3165; baseline 0.006 -16"><span class='ocrx_word' id='word_1_281' title='bbox 58 3099 303 3151; x_wconf 89' lang='lat' dir='ltr'><strong>homines</strong></span> <span class='ocrx_word' id='word_1_282' title='bbox 343 3102 594 3165; x_wconf 87' lang='lat' dir='ltr'><strong>transire;</strong></span> 
     </span>
    </p>

    <p class='ocr_par' dir='ltr' id='par_1_8' title="bbox 54 3183 1958 3414">
     <span class='ocr_line' id='line_1_36' title="bbox 129 3183 1958 3251; baseline -0.001 -19"><span class='ocrx_word' id='word_1_283' title='bbox 129 3196 179 3245; x_wconf 83' lang='lat'><strong>4.</strong></span> <span class='ocrx_word' id='word_1_284' title='bbox 213 3183 511 3247; x_wconf 71' lang='lat' dir='ltr'><strong>positivum</strong></span> <span class='ocrx_word' id='word_1_285' title='bbox 553 3193 607 3234; x_wconf 93' lang='lat' dir='ltr'><strong>et</strong></span> <span class='ocrx_word' id='word_1_286' title='bbox 646 3186 973 3250; x_wconf 72' lang='lat' dir='ltr'><strong>negativum,</strong></span> <span class='ocrx_word' id='word_1_287' title='bbox 1017 3192 1177 3251; x_wconf 93' lang='lat' dir='ltr'><strong>prout</strong></span> <span class='ocrx_word' id='word_1_288' title='bbox 1204 3201 1233 3235; x_wconf 87' lang='lat' dir='ltr'><strong>a</strong></span> <span class='ocrx_word' id='word_1_289' title='bbox 1261 3184 1538 3235; x_wconf 83' lang='lat' dir='ltr'><strong>voluntate</strong></span> <span class='ocrx_word' id='word_1_290' title='bbox 1577 3183 1823 3251; x_wconf 89' lang='lat' dir='ltr'><strong>procedit</strong></span> <span class='ocrx_word' id='word_1_291' title='bbox 1862 3199 1958 3248; x_wconf 86' lang='lat' dir='ltr'><strong>per</strong></span> 
     </span>
     <span class='ocr_line' id='line_1_37' title="bbox 55 3264 1953 3330; baseline 0 -17"><span class='ocrx_word' id='word_1_292' title='bbox 55 3273 204 3314; x_wconf 87' lang='lat' dir='ltr'><strong>actus</strong></span> <span class='ocrx_word' id='word_1_293' title='bbox 230 3265 554 3330; x_wconf 87' lang='lat' dir='ltr'><strong>positionem</strong></span> <span class='ocrx_word' id='word_1_294' title='bbox 580 3266 664 3316; x_wconf 86' lang='lat' dir='ltr'><strong>vel</strong></span> <span class='ocrx_word' id='word_1_295' title='bbox 693 3267 802 3317; x_wconf 91' lang='lat' dir='ltr'><strong>eius</strong></span> <span class='ocrx_word' id='word_1_296' title='bbox 831 3268 1174 3317; x_wconf 88' lang='lat' dir='ltr'><strong>omissionem</strong></span> <span class='ocrx_word' id='word_1_297' title='bbox 1204 3284 1326 3317; x_wconf 90' lang='lat' dir='ltr'><strong>cum</strong></span> <span class='ocrx_word' id='word_1_298' title='bbox 1355 3266 1685 3316; x_wconf 84' lang='lat' dir='ltr'><strong>advertentia</strong></span> <span class='ocrx_word' id='word_1_299' title='bbox 1713 3264 1953 3327; x_wconf 82' lang='lat' dir='ltr'><strong>rationis;</strong></span> 
     </span>
     <span class='ocr_line' id='line_1_38' title="bbox 54 3345 1955 3414; baseline 0 -20"><span class='ocrx_word' id='word_1_300' title='bbox 54 3345 176 3395; x_wconf 89' lang='lat' dir='ltr'><strong>hinc</strong></span> <span class='ocrx_word' id='word_1_301' title='bbox 217 3346 483 3412; x_wconf 84' lang='lat' dir='ltr'><strong>distingue</strong></span> <span class='ocrx_word' id='word_1_302' title='bbox 523 3348 657 3397; x_wconf 89' lang='lat' dir='ltr'><strong>inter</strong></span> <span class='ocrx_word' id='word_1_303' title='bbox 695 3347 832 3398; x_wconf 84' lang='lat' dir='ltr'><strong>velle</strong></span> <span class='ocrx_word' id='word_1_304' title='bbox 886 3366 994 3398; x_wconf 90' lang='lat' dir='ltr'><strong>non</strong></span> <span class='ocrx_word' id='word_1_305' title='bbox 1050 3366 1209 3414; x_wconf 86' lang='lat' dir='ltr'><strong>agere</strong></span> <span class='ocrx_word' id='word_1_306' title='bbox 1251 3358 1304 3397; x_wconf 91' lang='lat' dir='ltr'><strong>et</strong></span> <span class='ocrx_word' id='word_1_307' title='bbox 1344 3365 1451 3397; x_wconf 91' lang='lat' dir='ltr'><strong>non</strong></span> <span class='ocrx_word' id='word_1_308' title='bbox 1490 3346 1625 3396; x_wconf 83' lang='lat' dir='ltr'><strong>velle</strong></span> <span class='ocrx_word' id='word_1_309' title='bbox 1665 3362 1840 3410; x_wconf 86' lang='lat' dir='ltr'><strong>agere.</strong></span> <span class='ocrx_word' id='word_1_310' title='bbox 1883 3374 1955 3380; x_wconf 92' lang='lat'><strong>-—-</strong></span> 
     </span>
    </p>
   </div>
  </div>
 </body>
</html>
