<?xml version="1.0" encoding="UTF-8"?>
<!DOCTYPE html PUBLIC "-//W3C//DTD XHTML 1.0 Transitional//EN"
    "http://www.w3.org/TR/xhtml1/DTD/xhtml1-transitional.dtd">
<html xmlns="http://www.w3.org/1999/xhtml" xml:lang="en" lang="en">
 <head>
  <title>
</title>
<meta http-equiv="Content-Type" content="text/html;charset=utf-8" />
  <meta name='ocr-system' content='tesseract 3.04.00' />
  <meta name='ocr-capabilities' content='ocr_page ocr_carea ocr_par ocr_line ocrx_word'/>
</head>
<body>
  <div class='ocr_page' id='page_1' title='image "./philosophiamoral00cath_0276.png"; bbox 0 0 2182 3682; ppageno 0'>
   <div class='ocr_carea' id='block_1_1' title="bbox 215 169 1700 224">
    <p class='ocr_par' dir='ltr' id='par_1_1' title="bbox 215 169 1700 224">
     <span class='ocr_line' id='line_1_1' title="bbox 215 169 1700 224; baseline -0.001 -23"><span class='ocrx_word' id='word_1_1' title='bbox 215 170 317 224; x_wconf 78' lang='lat'><strong>252</strong></span> <span class='ocrx_word' id='word_1_2' title='bbox 610 171 724 200; x_wconf 90' lang='lat' dir='ltr'>PARS</span> <span class='ocrx_word' id='word_1_3' title='bbox 760 171 806 201; x_wconf 84' lang='grc' dir='ltr'><strong>ΙΙ.</strong></span> <span class='ocrx_word' id='word_1_4' title='bbox 857 170 1180 200; x_wconf 89' lang='lat' dir='ltr'><strong>PHILOSOPHIA</strong></span> <span class='ocrx_word' id='word_1_5' title='bbox 1214 169 1416 199; x_wconf 86' lang='lat' dir='ltr'>MORALIS</span> <span class='ocrx_word' id='word_1_6' title='bbox 1452 169 1700 199; x_wconf 89' lang='lat' dir='ltr'>SPECIALIS.</span> 
     </span>
    </p>
   </div>
   <div class='ocr_carea' id='block_1_2' title="bbox 212 306 2117 441">
    <p class='ocr_par' dir='ltr' id='par_1_2' title="bbox 212 306 2117 441">
     <span class='ocr_line' id='line_1_2' title="bbox 212 306 2117 373; baseline 0 -15"><span class='ocrx_word' id='word_1_7' title='bbox 212 309 371 358; x_wconf 92' lang='lat' dir='ltr'><strong>etiam</strong></span> <span class='ocrx_word' id='word_1_8' title='bbox 432 307 610 357; x_wconf 89' lang='lat' dir='ltr'><strong>duella</strong></span> <span class='ocrx_word' id='word_1_9' title='bbox 667 308 999 359; x_wconf 82' lang='lat' dir='ltr'>studentium</span> <span class='ocrx_word' id='word_1_10' title='bbox 1056 308 1332 358; x_wconf 92' lang='lat' dir='ltr'><strong>subiacere</strong></span> <span class='ocrx_word' id='word_1_11' title='bbox 1390 307 1579 373; x_wconf 90' lang='lat' dir='ltr'><strong>poenis</strong></span> <span class='ocrx_word' id='word_1_12' title='bbox 1636 306 2005 359; x_wconf 89' lang='lat' dir='ltr'><strong>ecclesiasticis</strong></span> <span class='ocrx_word' id='word_1_13' title='bbox 2066 308 2117 358; x_wconf 92' lang='lat' dir='ltr'><strong>in</strong></span> 
     </span>
     <span class='ocr_line' id='line_1_3' title="bbox 213 389 682 441; baseline 0 -1"><span class='ocrx_word' id='word_1_14' title='bbox 213 390 510 441; x_wconf 90' lang='lat' dir='ltr'><strong>duellantes</strong></span> <span class='ocrx_word' id='word_1_15' title='bbox 550 389 682 440; x_wconf 91' lang='lat' dir='ltr'><strong>latis.</strong></span> 
     </span>
    </p>
   </div>
   <div class='ocr_carea' id='block_1_3' title="bbox 211 528 2163 1420">
    <p class='ocr_par' dir='ltr' id='par_1_3' title="bbox 211 528 2163 1420">
     <span class='ocr_line' id='line_1_4' title="bbox 216 528 2116 597; baseline 0.002 -18"><span class='ocrx_word' id='word_1_16' title='bbox 216 540 361 593; x_wconf 86' lang='lat'><strong>317.</strong></span> <span class='ocrx_word' id='word_1_17' title='bbox 444 529 620 581; x_wconf 73' lang='lat' dir='ltr'><strong>Sclml.</strong></span> <span class='ocrx_word' id='word_1_18' title='bbox 664 546 711 581; x_wconf 79' lang='lat'><strong>2.</strong></span> <span class='ocrx_word' id='word_1_19' title='bbox 781 529 941 580; x_wconf 91' lang='lat' dir='ltr'><strong>Nulla</strong></span> <span class='ocrx_word' id='word_1_20' title='bbox 982 537 1062 580; x_wconf 91' lang='lat' dir='ltr'><strong>est</strong></span> <span class='ocrx_word' id='word_1_21' title='bbox 1102 530 1298 597; x_wconf 90' lang='lat' dir='ltr'><strong>paritas</strong></span> <span class='ocrx_word' id='word_1_22' title='bbox 1344 531 1480 580; x_wconf 92' lang='lat' dir='ltr'><strong>inter</strong></span> <span class='ocrx_word' id='word_1_23' title='bbox 1519 529 1758 580; x_wconf 90' lang='lat' dir='ltr'><strong>duellum</strong></span> <span class='ocrx_word' id='word_1_24' title='bbox 1807 538 1861 580; x_wconf 94' lang='lat' dir='ltr'><strong>et</strong></span> <span class='ocrx_word' id='word_1_25' title='bbox 1900 528 2116 582; x_wconf 90' lang='lat' dir='ltr'><strong>bellum.</strong></span> 
     </span>
     <span class='ocr_line' id='line_1_5' title="bbox 212 610 2163 680; baseline 0.001 -19"><span class='ocrx_word' id='word_1_26' title='bbox 212 611 479 663; x_wconf 84' lang='lat' dir='ltr'><strong>Differunt</strong></span> <span class='ocrx_word' id='word_1_27' title='bbox 519 614 685 664; x_wconf 91' lang='lat' dir='ltr'><strong>enim:</strong></span> <span class='ocrx_word' id='word_1_28' title='bbox 746 616 791 677; x_wconf 87' lang='grc' dir='ltr'><strong>Ι)</strong></span> <span class='ocrx_word' id='word_1_29' title='bbox 816 612 952 680; x_wconf 79' lang='lat' dir='ltr'><strong>fine,</strong></span> <span class='ocrx_word' id='word_1_30' title='bbox 994 613 1117 679; x_wconf 83' lang='lat' dir='ltr'><strong>quia</strong></span> <span class='ocrx_word' id='word_1_31' title='bbox 1157 611 1357 662; x_wconf 91' lang='lat' dir='ltr'><strong>bellum</strong></span> <span class='ocrx_word' id='word_1_32' title='bbox 1399 630 1469 662; x_wconf 79' lang='lat' dir='ltr'><strong>ex</strong></span> <span class='ocrx_word' id='word_1_33' title='bbox 1510 629 1669 663; x_wconf 90' lang='lat' dir='ltr'><strong>causa</strong></span> <span class='ocrx_word' id='word_1_34' title='bbox 1708 610 1925 679; x_wconf 88' lang='lat' dir='ltr'><strong>publica</strong></span> <span class='ocrx_word' id='word_1_35' title='bbox 1963 612 2120 662; x_wconf 88' lang='lat' dir='ltr'><strong>susci·</strong></span> <span class='ocrx_word' id='word_1_36' title='bbox 2158 619 2163 620; x_wconf 48' lang='lat'><em>⁷</em></span> 
     </span>
     <span class='ocr_line' id='line_1_6' title="bbox 213 694 2121 761; baseline 0 -17"><span class='ocrx_word' id='word_1_37' title='bbox 213 695 377 761; x_wconf 88' lang='lat' dir='ltr'><strong>pitur;</strong></span> <span class='ocrx_word' id='word_1_38' title='bbox 424 696 475 760; x_wconf 77' lang='lat'><strong>2)</strong></span> <span class='ocrx_word' id='word_1_39' title='bbox 517 696 690 755; x_wconf 79' lang='lat' dir='ltr'><strong>modo,</strong></span> <span class='ocrx_word' id='word_1_40' title='bbox 731 696 855 761; x_wconf 88' lang='lat' dir='ltr'><strong>quia</strong></span> <span class='ocrx_word' id='word_1_41' title='bbox 882 694 1083 745; x_wconf 91' lang='lat' dir='ltr'><strong>bellum</strong></span> <span class='ocrx_word' id='word_1_42' title='bbox 1119 712 1227 744; x_wconf 91' lang='lat' dir='ltr'><strong>non</strong></span> <span class='ocrx_word' id='word_1_43' title='bbox 1267 695 1551 761; x_wconf 88' lang='lat' dir='ltr'><strong>suscipitur</strong></span> <span class='ocrx_word' id='word_1_44' title='bbox 1583 713 1653 745; x_wconf 79' lang='lat' dir='ltr'><strong>ex</strong></span> <span class='ocrx_word' id='word_1_45' title='bbox 1692 694 1944 746; x_wconf 89' lang='lat' dir='ltr'><strong>condicto</strong></span> <span class='ocrx_word' id='word_1_46' title='bbox 1985 695 2121 745; x_wconf 92' lang='lat' dir='ltr'><strong>sicut</strong></span> 
     </span>
     <span class='ocr_line' id='line_1_7' title="bbox 212 774 2122 828; baseline 0 -1"><span class='ocrx_word' id='word_1_47' title='bbox 212 776 464 828; x_wconf 88' lang='lat' dir='ltr'><strong>duellum.</strong></span> <span class='ocrx_word' id='word_1_48' title='bbox 546 777 738 828; x_wconf 79' lang='lat' dir='ltr'>Privati</span> <span class='ocrx_word' id='word_1_49' title='bbox 777 786 929 827; x_wconf 79' lang='lat' dir='ltr'><strong>extra</strong></span> <span class='ocrx_word' id='word_1_50' title='bbox 971 794 1153 827; x_wconf 87' lang='lat' dir='ltr'><strong>casum</strong></span> <span class='ocrx_word' id='word_1_51' title='bbox 1201 777 1530 828; x_wconf 82' lang='lat' dir='ltr'><strong>necessariae</strong></span> <span class='ocrx_word' id='word_1_52' title='bbox 1571 774 1895 828; x_wconf 88' lang='lat' dir='ltr'><strong>defensionis</strong></span> <span class='ocrx_word' id='word_1_53' title='bbox 1936 776 2122 827; x_wconf 86' lang='lat' dir='ltr'><strong>contra</strong></span> 
     </span>
     <span class='ocr_line' id='line_1_8' title="bbox 212 858 2123 927; baseline 0 -19"><span class='ocrx_word' id='word_1_54' title='bbox 212 858 475 909; x_wconf 81' lang='lat' dir='ltr'><strong>actualem</strong></span> <span class='ocrx_word' id='word_1_55' title='bbox 532 860 933 927; x_wconf 78' lang='lat' dir='ltr'><strong>aggressionem</strong></span> <span class='ocrx_word' id='word_1_56' title='bbox 983 860 1052 910; x_wconf 90' lang='lat' dir='ltr'><strong>ad</strong></span> <span class='ocrx_word' id='word_1_57' title='bbox 1107 877 1203 910; x_wconf 88' lang='lat' dir='ltr'><strong>sua</strong></span> <span class='ocrx_word' id='word_1_58' title='bbox 1253 861 1365 910; x_wconf 93' lang='lat' dir='ltr'><strong>iura</strong></span> <span class='ocrx_word' id='word_1_59' title='bbox 1415 860 1616 910; x_wconf 90' lang='lat' dir='ltr'><strong>tuenda</strong></span> <span class='ocrx_word' id='word_1_60' title='bbox 1667 859 1751 910; x_wconf 87' lang='lat' dir='ltr'><strong>vel</strong></span> <span class='ocrx_word' id='word_1_61' title='bbox 1801 859 2123 910; x_wconf 89' lang='lat' dir='ltr'><strong>vindicanda</strong></span> 
     </span>
     <span class='ocr_line' id='line_1_9' title="bbox 211 942 2121 1009; baseline 0.001 -19"><span class='ocrx_word' id='word_1_62' title='bbox 211 942 318 991; x_wconf 84' lang='lat' dir='ltr'><strong>vim</strong></span> <span class='ocrx_word' id='word_1_63' title='bbox 370 942 625 992; x_wconf 92' lang='lat' dir='ltr'><strong>adhibere</strong></span> <span class='ocrx_word' id='word_1_64' title='bbox 681 960 789 993; x_wconf 91' lang='lat' dir='ltr'><strong>non</strong></span> <span class='ocrx_word' id='word_1_65' title='bbox 840 951 1092 1009; x_wconf 86' lang='lat' dir='ltr'><strong>possunt,</strong></span> <span class='ocrx_word' id='word_1_66' title='bbox 1150 943 1246 992; x_wconf 90' lang='lat' dir='ltr'><strong>sed</strong></span> <span class='ocrx_word' id='word_1_67' title='bbox 1299 942 1500 992; x_wconf 94' lang='lat' dir='ltr'><strong>debent</strong></span> <span class='ocrx_word' id='word_1_68' title='bbox 1552 943 1696 992; x_wconf 88' lang='lat' dir='ltr'><strong>adire</strong></span> <span class='ocrx_word' id='word_1_69' title='bbox 1748 942 2121 992; x_wconf 90' lang='lat' dir='ltr'><strong>auctoritatem</strong></span> 
     </span>
     <span class='ocr_line' id='line_1_10' title="bbox 213 1023 2122 1091; baseline 0 -18"><span class='ocrx_word' id='word_1_70' title='bbox 213 1023 497 1090; x_wconf 84' lang='lat' dir='ltr'><strong>publicam.</strong></span> <span class='ocrx_word' id='word_1_71' title='bbox 576 1024 728 1075; x_wconf 90' lang='lat' dir='ltr'><strong>Haec</strong></span> <span class='ocrx_word' id='word_1_72' title='bbox 769 1025 933 1075; x_wconf 86' lang='lat' dir='ltr'><strong>habet</strong></span> <span class='ocrx_word' id='word_1_73' title='bbox 972 1025 1051 1075; x_wconf 91' lang='lat' dir='ltr'><strong>ius</strong></span> <span class='ocrx_word' id='word_1_74' title='bbox 1091 1025 1356 1075; x_wconf 82' lang='lat' dir='ltr'><strong>vindictae</strong></span> <span class='ocrx_word' id='word_1_75' title='bbox 1398 1034 1450 1075; x_wconf 91' lang='lat' dir='ltr'><strong>et</strong></span> <span class='ocrx_word' id='word_1_76' title='bbox 1490 1023 1675 1091; x_wconf 83' lang='lat' dir='ltr'><strong>gladii,</strong></span> <span class='ocrx_word' id='word_1_77' title='bbox 1720 1032 1834 1075; x_wconf 91' lang='lat' dir='ltr'><strong>tum</strong></span> <span class='ocrx_word' id='word_1_78' title='bbox 1875 1031 2122 1090; x_wconf 88' lang='lat' dir='ltr'><strong>respectu</strong></span> 
     </span>
     <span class='ocr_line' id='line_1_11' title="bbox 212 1106 2124 1174; baseline 0 -18"><span class='ocrx_word' id='word_1_79' title='bbox 212 1106 550 1156; x_wconf 86' lang='lat' dir='ltr'><strong>subditorum</strong></span> <span class='ocrx_word' id='word_1_80' title='bbox 583 1116 697 1157; x_wconf 93' lang='lat' dir='ltr'><strong>tum</strong></span> <span class='ocrx_word' id='word_1_81' title='bbox 738 1114 985 1174; x_wconf 88' lang='lat' dir='ltr'><strong>respectu</strong></span> <span class='ocrx_word' id='word_1_82' title='bbox 1016 1107 1251 1157; x_wconf 90' lang='lat' dir='ltr'><strong>hostium</strong></span> <span class='ocrx_word' id='word_1_83' title='bbox 1293 1115 1651 1157; x_wconf 80' lang='lat' dir='ltr'><strong>externorum.</strong></span> <span class='ocrx_word' id='word_1_84' title='bbox 1711 1106 1923 1156; x_wconf 80' lang='lat' dir='ltr'><strong>Exinde</strong></span> <span class='ocrx_word' id='word_1_85' title='bbox 1964 1106 2124 1156; x_wconf 91' lang='lat' dir='ltr'><strong>etiam</strong></span> 
     </span>
     <span class='ocr_line' id='line_1_12' title="bbox 212 1189 2122 1256; baseline -0.001 -17"><span class='ocrx_word' id='word_1_86' title='bbox 212 1196 387 1255; x_wconf 83' lang='lat' dir='ltr'><strong>patet,</strong></span> <span class='ocrx_word' id='word_1_87' title='bbox 447 1207 540 1239; x_wconf 86' lang='lat' dir='ltr'><strong>cur</strong></span> <span class='ocrx_word' id='word_1_88' title='bbox 589 1191 877 1240; x_wconf 85' lang='lat' dir='ltr'><strong>auctoritas</strong></span> <span class='ocrx_word' id='word_1_89' title='bbox 926 1189 1142 1256; x_wconf 90' lang='lat' dir='ltr'><strong>publica</strong></span> <span class='ocrx_word' id='word_1_90' title='bbox 1194 1190 1363 1256; x_wconf 88' lang='lat' dir='ltr'><strong>possit</strong></span> <span class='ocrx_word' id='word_1_91' title='bbox 1414 1190 1720 1256; x_wconf 80' lang='lat' dir='ltr'><strong>permittere</strong></span> <span class='ocrx_word' id='word_1_92' title='bbox 1762 1197 2031 1239; x_wconf 90' lang='lat' dir='ltr'><strong>certarnen</strong></span> <span class='ocrx_word' id='word_1_93' title='bbox 2071 1189 2122 1238; x_wconf 90' lang='lat' dir='ltr'><strong>in</strong></span> 
     </span>
     <span class='ocr_line' id='line_1_13' title="bbox 215 1271 2124 1339; baseline -0.001 -17"><span class='ocrx_word' id='word_1_94' title='bbox 215 1288 374 1322; x_wconf 86' lang='lat' dir='ltr'><strong>causa</strong></span> <span class='ocrx_word' id='word_1_95' title='bbox 425 1272 641 1338; x_wconf 89' lang='lat' dir='ltr'><strong>publica</strong></span> <span class='ocrx_word' id='word_1_96' title='bbox 692 1271 984 1339; x_wconf 89' lang='lat' dir='ltr'><strong>singulare,</strong></span> <span class='ocrx_word' id='word_1_97' title='bbox 1039 1273 1081 1321; x_wconf 92' lang='lat' dir='ltr'><strong>si</strong></span> <span class='ocrx_word' id='word_1_98' title='bbox 1134 1290 1228 1338; x_wconf 93' lang='lat' dir='ltr'><strong>per</strong></span> <span class='ocrx_word' id='word_1_99' title='bbox 1268 1271 1372 1322; x_wconf 92' lang='lat' dir='ltr'><strong>hoc</strong></span> <span class='ocrx_word' id='word_1_100' title='bbox 1413 1271 1615 1321; x_wconf 91' lang='lat' dir='ltr'><strong>bellum</strong></span> <span class='ocrx_word' id='word_1_101' title='bbox 1654 1271 1737 1322; x_wconf 90' lang='lat' dir='ltr'><strong>vel</strong></span> <span class='ocrx_word' id='word_1_102' title='bbox 1779 1288 1961 1338; x_wconf 88' lang='lat' dir='ltr'><strong>pugna</strong></span> <span class='ocrx_word' id='word_1_103' title='bbox 2001 1288 2124 1321; x_wconf 90' lang='lat' dir='ltr'><strong>cum</strong></span> 
     </span>
     <span class='ocr_line' id='line_1_14' title="bbox 213 1354 1303 1420; baseline 0 -16"><span class='ocrx_word' id='word_1_104' title='bbox 213 1355 320 1405; x_wconf 93' lang='lat' dir='ltr'><strong>suis</strong></span> <span class='ocrx_word' id='word_1_105' title='bbox 360 1354 511 1404; x_wconf 90' lang='lat' dir='ltr'><strong>malis</strong></span> <span class='ocrx_word' id='word_1_106' title='bbox 552 1356 874 1420; x_wconf 81' lang='lat' dir='ltr'><strong>gravissimis</strong></span> <span class='ocrx_word' id='word_1_107' title='bbox 914 1355 1078 1404; x_wconf 71' lang='lat' dir='ltr'><strong>averti</strong></span> <span class='ocrx_word' id='word_1_108' title='bbox 1119 1355 1303 1420; x_wconf 91' lang='lat' dir='ltr'><strong>possit.</strong></span> 
     </span>
    </p>
   </div>
   <div class='ocr_carea' id='block_1_4' title="bbox 216 1459 2125 1923">
    <p class='ocr_par' dir='ltr' id='par_1_4' title="bbox 216 1459 2125 1923">
     <span class='ocr_line' id='line_1_15' title="bbox 290 1459 2123 1526; baseline -0.001 -17"><span class='ocrx_word' id='word_1_109' title='bbox 290 1459 465 1510; x_wconf 67' lang='lat' dir='ltr'><strong>Sellol.</strong></span> <span class='ocrx_word' id='word_1_110' title='bbox 496 1476 549 1524; x_wconf 65' lang='lat'><strong>3.</strong></span> <span class='ocrx_word' id='word_1_111' title='bbox 608 1461 730 1510; x_wconf 82' lang='lat' dir='ltr'><strong>Non</strong></span> <span class='ocrx_word' id='word_1_112' title='bbox 765 1469 1028 1526; x_wconf 87' lang='lat' dir='ltr'><strong>repugnat</strong></span> <span class='ocrx_word' id='word_1_113' title='bbox 1057 1478 1151 1526; x_wconf 91' lang='lat' dir='ltr'><strong>per</strong></span> <span class='ocrx_word' id='word_1_114' title='bbox 1179 1460 1527 1510; x_wconf 88' lang='lat' dir='ltr'><strong>accidentalia</strong></span> <span class='ocrx_word' id='word_1_115' title='bbox 1559 1460 1809 1510; x_wconf 91' lang='lat' dir='ltr'><strong>adiuncta</strong></span> <span class='ocrx_word' id='word_1_116' title='bbox 1837 1459 2123 1526; x_wconf 87' lang='lat' dir='ltr'><strong>aliquando</strong></span> 
     </span>
     <span class='ocr_line' id='line_1_16' title="bbox 216 1541 2124 1609; baseline 0 -18"><span class='ocrx_word' id='word_1_117' title='bbox 216 1542 451 1602; x_wconf 82' lang='lat' dir='ltr'><strong>evenire,</strong></span> <span class='ocrx_word' id='word_1_118' title='bbox 508 1550 564 1591; x_wconf 90' lang='lat' dir='ltr'><strong>ut</strong></span> <span class='ocrx_word' id='word_1_119' title='bbox 617 1542 761 1592; x_wconf 90' lang='lat' dir='ltr'><strong>nullo</strong></span> <span class='ocrx_word' id='word_1_120' title='bbox 816 1542 1054 1609; x_wconf 89' lang='lat' dir='ltr'><strong>legitimo</strong></span> <span class='ocrx_word' id='word_1_121' title='bbox 1109 1542 1286 1592; x_wconf 90' lang='lat' dir='ltr'><strong>medio</strong></span> <span class='ocrx_word' id='word_1_122' title='bbox 1338 1542 1512 1592; x_wconf 90' lang='lat' dir='ltr'><strong>honor</strong></span> <span class='ocrx_word' id='word_1_123' title='bbox 1551 1541 1634 1592; x_wconf 81' lang='lat' dir='ltr'><strong>vel</strong></span> <span class='ocrx_word' id='word_1_124' title='bbox 1687 1542 1831 1592; x_wconf 92' lang='lat' dir='ltr'><strong>bona</strong></span> <span class='ocrx_word' id='word_1_125' title='bbox 1883 1542 2124 1591; x_wconf 91' lang='lat' dir='ltr'><strong>fortunae</strong></span> 
     </span>
     <span class='ocr_line' id='line_1_17' title="bbox 217 1623 2125 1691; baseline -0.001 -17"><span class='ocrx_word' id='word_1_126' title='bbox 217 1624 515 1690; x_wconf 90' lang='lat' dir='ltr'><strong>recuperari</strong></span> <span class='ocrx_word' id='word_1_127' title='bbox 554 1624 637 1674; x_wconf 85' lang='lat' dir='ltr'><strong>vel</strong></span> <span class='ocrx_word' id='word_1_128' title='bbox 679 1626 873 1674; x_wconf 87' lang='lat' dir='ltr'><strong>servari</strong></span> <span class='ocrx_word' id='word_1_129' title='bbox 913 1625 1133 1691; x_wconf 88' lang='lat' dir='ltr'><strong>possint.</strong></span> <span class='ocrx_word' id='word_1_130' title='bbox 1200 1624 1323 1674; x_wconf 91' lang='lat' dir='ltr'><strong>Hoc</strong></span> <span class='ocrx_word' id='word_1_131' title='bbox 1365 1625 1504 1674; x_wconf 90' lang='lat' dir='ltr'><strong>enim</strong></span> <span class='ocrx_word' id='word_1_132' title='bbox 1545 1625 1596 1674; x_wconf 93' lang='lat' dir='ltr'><strong>in</strong></span> <span class='ocrx_word' id='word_1_133' title='bbox 1638 1624 1887 1674; x_wconf 91' lang='lat' dir='ltr'><strong>omnibus</strong></span> <span class='ocrx_word' id='word_1_134' title='bbox 1926 1623 2125 1674; x_wconf 90' lang='lat' dir='ltr'><strong>iuribus</strong></span> 
     </span>
     <span class='ocr_line' id='line_1_18' title="bbox 217 1707 2125 1774; baseline -0.001 -17"><span class='ocrx_word' id='word_1_135' title='bbox 217 1707 460 1757; x_wconf 89' lang='lat' dir='ltr'><strong>accidere</strong></span> <span class='ocrx_word' id='word_1_136' title='bbox 507 1716 687 1773; x_wconf 90' lang='lat' dir='ltr'><strong>potest</strong></span> <span class='ocrx_word' id='word_1_137' title='bbox 738 1716 791 1757; x_wconf 90' lang='lat' dir='ltr'><strong>et</strong></span> <span class='ocrx_word' id='word_1_138' title='bbox 841 1707 1016 1757; x_wconf 91' lang='lat' dir='ltr'><strong>solum</strong></span> <span class='ocrx_word' id='word_1_139' title='bbox 1059 1707 1392 1757; x_wconf 87' lang='lat' dir='ltr'><strong>demonstrat</strong></span> <span class='ocrx_word' id='word_1_140' title='bbox 1442 1707 1900 1774; x_wconf 87' lang='lat' dir='ltr'><strong>imperfectionem</strong></span> <span class='ocrx_word' id='word_1_141' title='bbox 1951 1724 2125 1757; x_wconf 93' lang='lat' dir='ltr'><strong>rerum</strong></span> 
     </span>
     <span class='ocr_line' id='line_1_19' title="bbox 219 1789 2124 1856; baseline 0 -18"><span class='ocrx_word' id='word_1_142' title='bbox 219 1789 570 1840; x_wconf 88' lang='lat' dir='ltr'><strong>humanarum</strong></span> <span class='ocrx_word' id='word_1_143' title='bbox 630 1790 946 1856; x_wconf 82' lang='lat' dir='ltr'><strong>plerumque</strong></span> <span class='ocrx_word' id='word_1_144' title='bbox 1012 1808 1081 1839; x_wconf 79' lang='lat' dir='ltr'><strong>ex</strong></span> <span class='ocrx_word' id='word_1_145' title='bbox 1140 1790 1310 1840; x_wconf 90' lang='lat' dir='ltr'><strong>abusu</strong></span> <span class='ocrx_word' id='word_1_146' title='bbox 1371 1789 1627 1840; x_wconf 89' lang='lat' dir='ltr'><strong>libertatis</strong></span> <span class='ocrx_word' id='word_1_147' title='bbox 1686 1790 1949 1840; x_wconf 89' lang='lat' dir='ltr'><strong>humanae</strong></span> <span class='ocrx_word' id='word_1_148' title='bbox 2009 1806 2124 1856; x_wconf 94' lang='lat' dir='ltr'><strong>pro-</strong></span> 
     </span>
     <span class='ocr_line' id='line_1_20' title="bbox 219 1873 533 1923; baseline 0.003 -1"><span class='ocrx_word' id='word_1_149' title='bbox 219 1873 533 1923; x_wconf 83' lang='lat' dir='ltr'><strong>venientem.</strong></span> 
     </span>
    </p>
   </div>
   <div class='ocr_carea' id='block_1_5' title="bbox 211 2012 2127 2236">
    <p class='ocr_par' dir='ltr' id='par_1_5' title="bbox 211 2012 2127 2236">
     <span class='ocr_line' id='line_1_21' title="bbox 223 2012 2127 2083; baseline -0.002 -12"><span class='ocrx_word' id='word_1_150' title='bbox 223 2012 368 2077; x_wconf 85' lang='lat'>318.</span> <span class='ocrx_word' id='word_1_151' title='bbox 445 2030 545 2071; x_wconf 86' lang='lat' dir='ltr'><strong>Obi.</strong></span> <span class='ocrx_word' id='word_1_152' title='bbox 583 2044 614 2069; x_wconf 84' lang='lat' dir='ltr'><strong>I.</strong></span> <span class='ocrx_word' id='word_1_153' title='bbox 687 2022 827 2070; x_wconf 88' lang='lat' dir='ltr'><strong>Licet</strong></span> <span class='ocrx_word' id='word_1_154' title='bbox 862 2022 1101 2069; x_wconf 89' lang='lat' dir='ltr'><strong>adhibere</strong></span> <span class='ocrx_word' id='word_1_155' title='bbox 1150 2021 1367 2068; x_wconf 86' lang='lat' dir='ltr'><strong>medium</strong></span> <span class='ocrx_word' id='word_1_156' title='bbox 1415 2029 1584 2083; x_wconf 85' lang='lat' dir='ltr'><strong>aptum</strong></span> <span class='ocrx_word' id='word_1_157' title='bbox 1622 2028 1671 2068; x_wconf 88' lang='lat' dir='ltr'><strong>et</strong></span> <span class='ocrx_word' id='word_1_158' title='bbox 1705 2021 1904 2069; x_wconf 87' lang='lat' dir='ltr'><strong>unicum</strong></span> <span class='ocrx_word' id='word_1_159' title='bbox 1942 2020 2006 2068; x_wconf 90' lang='lat' dir='ltr'><strong>ad</strong></span> <span class='ocrx_word' id='word_1_160' title='bbox 2042 2021 2127 2068; x_wconf 91' lang='lat' dir='ltr'><strong>ho-</strong></span> 
     </span>
     <span class='ocr_line' id='line_1_22' title="bbox 211 2095 2124 2159; baseline -0.002 -14"><span class='ocrx_word' id='word_1_161' title='bbox 211 2113 386 2146; x_wconf 89' lang='lat' dir='ltr'><strong>norem</strong></span> <span class='ocrx_word' id='word_1_162' title='bbox 423 2098 658 2146; x_wconf 86' lang='lat' dir='ltr'><strong>tuendum</strong></span> <span class='ocrx_word' id='word_1_163' title='bbox 696 2100 773 2145; x_wconf 81' lang='lat' dir='ltr'><strong>vel</strong></span> <span class='ocrx_word' id='word_1_164' title='bbox 799 2098 1147 2159; x_wconf 87' lang='lat' dir='ltr'><strong>reparandum.</strong></span> <span class='ocrx_word' id='word_1_165' title='bbox 1198 2097 1352 2158; x_wconf 74' lang='lat' dir='ltr'><em>Atqui</em></span> <span class='ocrx_word' id='word_1_166' title='bbox 1374 2097 1590 2145; x_wconf 88' lang='lat' dir='ltr'><strong>duellum</strong></span> <span class='ocrx_word' id='word_1_167' title='bbox 1616 2104 1689 2143; x_wconf 89' lang='lat' dir='ltr'><strong>est</strong></span> <span class='ocrx_word' id='word_1_168' title='bbox 1713 2095 1933 2144; x_wconf 91' lang='lat' dir='ltr'><strong>medium</strong></span> <span class='ocrx_word' id='word_1_169' title='bbox 1957 2103 2124 2157; x_wconf 88' lang='lat' dir='ltr'><strong>aptum</strong></span> 
     </span>
     <span class='ocr_line' id='line_1_23' title="bbox 213 2174 1062 2236; baseline -0.001 -15"><span class='ocrx_word' id='word_1_170' title='bbox 213 2182 261 2221; x_wconf 89' lang='lat' dir='ltr'><strong>et</strong></span> <span class='ocrx_word' id='word_1_171' title='bbox 298 2189 447 2236; x_wconf 89' lang='lat' dir='ltr'><strong>saepe</strong></span> <span class='ocrx_word' id='word_1_172' title='bbox 484 2174 698 2221; x_wconf 85' lang='lat' dir='ltr'><strong>unicum.</strong></span> <span class='ocrx_word' id='word_1_173' title='bbox 773 2174 914 2234; x_wconf 69' lang='lat' dir='ltr'><strong>Ergo</strong></span> <span class='ocrx_word' id='word_1_174' title='bbox 953 2212 960 2220; x_wconf 94' lang='lat'><strong><em>.</em></strong></span> <span class='ocrx_word' id='word_1_175' title='bbox 1004 2212 1011 2220; x_wconf 91' lang='lat'><strong><em>.</em></strong></span> <span class='ocrx_word' id='word_1_176' title='bbox 1055 2211 1062 2220; x_wconf 86' lang='lat'>.</span> 
     </span>
    </p>
   </div>
   <div class='ocr_carea' id='block_1_6' title="bbox 212 2259 2124 2552">
    <p class='ocr_par' dir='ltr' id='par_1_6' title="bbox 212 2259 2124 2552">
     <span class='ocr_line' id='line_1_24' title="bbox 291 2259 2122 2323; baseline -0.002 -13"><span class='ocrx_word' id='word_1_177' title='bbox 291 2274 442 2322; x_wconf 83' lang='lat' dir='ltr'><strong>Resp.</strong></span> <span class='ocrx_word' id='word_1_178' title='bbox 509 2265 641 2311; x_wconf 73' lang='lat' dir='ltr'><em>Dist.</em></span> <span class='ocrx_word' id='word_1_179' title='bbox 680 2265 826 2310; x_wconf 64' lang='lat' dir='ltr'><strong>mazl:</strong></span> <span class='ocrx_word' id='word_1_180' title='bbox 876 2263 1019 2310; x_wconf 89' lang='lat' dir='ltr'><strong>Licet</strong></span> <span class='ocrx_word' id='word_1_181' title='bbox 1071 2261 1310 2310; x_wconf 88' lang='lat' dir='ltr'><strong>adhibere</strong></span> <span class='ocrx_word' id='word_1_182' title='bbox 1348 2261 1567 2308; x_wconf 90' lang='lat' dir='ltr'><strong>medium</strong></span> <span class='ocrx_word' id='word_1_183' title='bbox 1615 2269 1785 2323; x_wconf 89' lang='lat' dir='ltr'><strong>aptum</strong></span> <span class='ocrx_word' id='word_1_184' title='bbox 1822 2269 1872 2309; x_wconf 92' lang='lat' dir='ltr'><strong>et</strong></span> <span class='ocrx_word' id='word_1_185' title='bbox 1906 2259 2122 2318; x_wconf 88' lang='lat' dir='ltr'><strong>unicum,</strong></span> 
     </span>
     <span class='ocr_line' id='line_1_25' title="bbox 213 2335 2123 2400; baseline -0.003 -12"><span class='ocrx_word' id='word_1_186' title='bbox 213 2340 251 2388; x_wconf 89' lang='lat' dir='ltr'><strong>si</strong></span> <span class='ocrx_word' id='word_1_187' title='bbox 277 2349 349 2388; x_wconf 91' lang='lat' dir='ltr'><strong>est</strong></span> <span class='ocrx_word' id='word_1_188' title='bbox 373 2339 572 2398; x_wconf 87' lang='lat' dir='ltr'><strong>licitum,</strong></span> <span class='ocrx_word' id='word_1_189' title='bbox 600 2354 734 2395; x_wconf 60' lang='lat' dir='ltr'><strong>conc„</strong></span> <span class='ocrx_word' id='word_1_190' title='bbox 761 2338 981 2386; x_wconf 89' lang='lat' dir='ltr'><strong>medium</strong></span> <span class='ocrx_word' id='word_1_191' title='bbox 1008 2338 1375 2400; x_wconf 83' lang='lat' dir='ltr'><strong>quodcumque,</strong></span> <span class='ocrx_word' id='word_1_192' title='bbox 1404 2353 1537 2397; x_wconf 74' lang='lat' dir='ltr'><strong>nego.</strong></span> <span class='ocrx_word' id='word_1_193' title='bbox 1565 2337 1695 2383; x_wconf 76' lang='lat' dir='ltr'><strong>Dist.</strong></span> <span class='ocrx_word' id='word_1_194' title='bbox 1723 2337 1833 2383; x_wconf 81' lang='lat' dir='ltr'><strong>min.</strong></span> <span class='ocrx_word' id='word_1_195' title='bbox 1853 2354 1867 2383; x_wconf 91' lang='lat'><strong>.·</strong></span> <span class='ocrx_word' id='word_1_196' title='bbox 1891 2335 2123 2383; x_wconf 90' lang='lat' dir='ltr'><strong>Duellum</strong></span> 
     </span>
     <span class='ocr_line' id='line_1_26' title="bbox 214 2411 2124 2477; baseline -0.003 -14"><span class='ocrx_word' id='word_1_197' title='bbox 214 2424 286 2463; x_wconf 87' lang='lat' dir='ltr'><strong>est</strong></span> <span class='ocrx_word' id='word_1_198' title='bbox 322 2424 490 2477; x_wconf 89' lang='lat' dir='ltr'><strong>aptum</strong></span> <span class='ocrx_word' id='word_1_199' title='bbox 528 2430 617 2477; x_wconf 92' lang='lat' dir='ltr'><strong>per</strong></span> <span class='ocrx_word' id='word_1_200' title='bbox 654 2429 705 2462; x_wconf 89' lang='lat' dir='ltr'><strong>se</strong></span> <span class='ocrx_word' id='word_1_201' title='bbox 743 2422 791 2462; x_wconf 92' lang='lat' dir='ltr'><strong>et</strong></span> <span class='ocrx_word' id='word_1_202' title='bbox 827 2422 1000 2460; x_wconf 86' lang='lat' dir='ltr'><strong>natura</strong></span> <span class='ocrx_word' id='word_1_203' title='bbox 1037 2429 1147 2470; x_wconf 86' lang='lat' dir='ltr'><strong>sua,</strong></span> <span class='ocrx_word' id='word_1_204' title='bbox 1202 2428 1342 2472; x_wconf 76' lang='lat' dir='ltr'><strong>nego,</strong></span> <span class='ocrx_word' id='word_1_205' title='bbox 1396 2428 1485 2474; x_wconf 89' lang='lat' dir='ltr'><strong>per</strong></span> <span class='ocrx_word' id='word_1_206' title='bbox 1522 2411 1758 2459; x_wconf 87' lang='lat' dir='ltr'><strong>accidens</strong></span> <span class='ocrx_word' id='word_1_207' title='bbox 1795 2427 1855 2459; x_wconf 82' lang='lat' dir='ltr'><strong>ex</strong></span> <span class='ocrx_word' id='word_1_208' title='bbox 1890 2426 2124 2473; x_wconf 87' lang='lat' dir='ltr'><strong>perversa</strong></span> 
     </span>
     <span class='ocr_line' id='line_1_27' title="bbox 212 2489 1304 2552; baseline -0.004 -14"><span class='ocrx_word' id='word_1_209' title='bbox 212 2490 472 2538; x_wconf 89' lang='lat' dir='ltr'><strong>hominum</strong></span> <span class='ocrx_word' id='word_1_210' title='bbox 510 2489 762 2552; x_wconf 82' lang='lat' dir='ltr'><strong>opinione,</strong></span> <span class='ocrx_word' id='word_1_211' title='bbox 802 2504 918 2536; x_wconf 74' lang='lat' dir='ltr'><em>conc.</em></span> <span class='ocrx_word' id='word_1_212' title='bbox 958 2494 1004 2535; x_wconf 80' lang='lat' dir='ltr'><strong>et</strong></span> <span class='ocrx_word' id='word_1_213' title='bbox 1037 2504 1152 2548; x_wconf 72' lang='lat' dir='ltr'><strong>nego</strong></span> <span class='ocrx_word' id='word_1_214' title='bbox 1187 2503 1304 2535; x_wconf 78' lang='lat' dir='ltr'><em>cons.</em></span> 
     </span>
    </p>
   </div>
   <div class='ocr_carea' id='block_1_7' title="bbox 214 2583 2123 2793">
    <p class='ocr_par' dir='ltr' id='par_1_7' title="bbox 214 2583 2123 2793">
     <span class='ocr_line' id='line_1_28' title="bbox 297 2583 2123 2646; baseline -0.003 -12"><span class='ocrx_word' id='word_1_215' title='bbox 297 2595 399 2635; x_wconf 86' lang='lat' dir='ltr'><strong>Obi.</strong></span> <span class='ocrx_word' id='word_1_216' title='bbox 434 2607 477 2634; x_wconf 93' lang='lat'><strong>2.</strong></span> <span class='ocrx_word' id='word_1_217' title='bbox 546 2587 779 2634; x_wconf 88' lang='lat' dir='ltr'><strong>Duellum</strong></span> <span class='ocrx_word' id='word_1_218' title='bbox 830 2586 1007 2633; x_wconf 89' lang='lat' dir='ltr'><strong>dicitur</strong></span> <span class='ocrx_word' id='word_1_219' title='bbox 1060 2585 1305 2642; x_wconf 88' lang='lat' dir='ltr'><strong>illicitum,</strong></span> <span class='ocrx_word' id='word_1_220' title='bbox 1362 2584 1477 2646; x_wconf 87' lang='lat' dir='ltr'><strong>quia</strong></span> <span class='ocrx_word' id='word_1_221' title='bbox 1537 2585 1742 2631; x_wconf 85' lang='lat' dir='ltr'><strong>effectus</strong></span> <span class='ocrx_word' id='word_1_222' title='bbox 1800 2583 1960 2630; x_wconf 91' lang='lat' dir='ltr'><strong>bonus</strong></span> <span class='ocrx_word' id='word_1_223' title='bbox 2019 2598 2123 2630; x_wconf 88' lang='lat' dir='ltr'><strong>non</strong></span> 
     </span>
     <span class='ocr_line' id='line_1_29' title="bbox 214 2658 2120 2725; baseline -0.003 -15"><span class='ocrx_word' id='word_1_224' title='bbox 214 2662 619 2725; x_wconf 86' lang='lat' dir='ltr'><strong>proportionatur</strong></span> <span class='ocrx_word' id='word_1_225' title='bbox 638 2662 836 2709; x_wconf 84' lang='lat' dir='ltr'><strong>effectui</strong></span> <span class='ocrx_word' id='word_1_226' title='bbox 856 2662 1003 2708; x_wconf 84' lang='lat' dir='ltr'><strong>malo.</strong></span> <span class='ocrx_word' id='word_1_227' title='bbox 1055 2660 1208 2722; x_wconf 67' lang='lat' dir='ltr'><em>Atqui</em></span> <span class='ocrx_word' id='word_1_228' title='bbox 1228 2659 1647 2722; x_wconf 88' lang='lat' dir='ltr'><strong>proportionatur.</strong></span> <span class='ocrx_word' id='word_1_229' title='bbox 1698 2658 1837 2718; x_wconf 79' lang='lat' dir='ltr'><strong>Ergo</strong></span> <span class='ocrx_word' id='word_1_230' title='bbox 1865 2696 1873 2705; x_wconf 94' lang='lat'><strong>.</strong></span> <span class='ocrx_word' id='word_1_231' title='bbox 1904 2696 1911 2706; x_wconf 93' lang='lat'><strong>.</strong></span> <span class='ocrx_word' id='word_1_232' title='bbox 1943 2697 1951 2706; x_wconf 92' lang='lat'><strong>.</strong></span> <span class='ocrx_word' id='word_1_233' title='bbox 1978 2658 2120 2705; x_wconf 75' lang='lat' dir='ltr'><strong>Proh.</strong></span> 
     </span>
     <span class='ocr_line' id='line_1_30' title="bbox 214 2731 2120 2793; baseline -0.003 -9"><span class='ocrx_word' id='word_1_234' title='bbox 214 2740 324 2785; x_wconf 76' lang='lat' dir='ltr'><strong>min.</strong></span> <span class='ocrx_word' id='word_1_235' title='bbox 375 2738 593 2784; x_wconf 86' lang='lat' dir='ltr'><strong>Effectus</strong></span> <span class='ocrx_word' id='word_1_236' title='bbox 619 2737 779 2784; x_wconf 90' lang='lat' dir='ltr'><strong>bonus</strong></span> <span class='ocrx_word' id='word_1_237' title='bbox 806 2744 877 2784; x_wconf 89' lang='lat' dir='ltr'><strong>est</strong></span> <span class='ocrx_word' id='word_1_238' title='bbox 903 2735 1216 2783; x_wconf 80' lang='lat' dir='ltr'><strong>conservatio</strong></span> <span class='ocrx_word' id='word_1_239' title='bbox 1242 2735 1459 2793; x_wconf 88' lang='lat' dir='ltr'><strong>honoris,</strong></span> <span class='ocrx_word' id='word_1_240' title='bbox 1499 2733 1789 2791; x_wconf 87' lang='lat' dir='ltr'><strong>officiorum,</strong></span> <span class='ocrx_word' id='word_1_241' title='bbox 1829 2731 2120 2780; x_wconf 90' lang='lat' dir='ltr'><strong>divitiarum.</strong></span> 
     </span>
    </p>
   </div>
   <div class='ocr_carea' id='block_1_8' title="bbox 217 2828 2123 3349">
    <p class='ocr_par' dir='ltr' id='par_1_8' title="bbox 217 2828 2123 3349">
     <span class='ocr_line' id='line_1_31' title="bbox 294 2828 2123 2892; baseline -0.003 -11"><span class='ocrx_word' id='word_1_242' title='bbox 294 2844 445 2892; x_wconf 84' lang='lat' dir='ltr'><strong>Resp.</strong></span> <span class='ocrx_word' id='word_1_243' title='bbox 512 2835 644 2881; x_wconf 79' lang='lat' dir='ltr'><strong>Dz&#39;st.</strong></span> <span class='ocrx_word' id='word_1_244' title='bbox 684 2835 792 2880; x_wconf 82' lang='lat' dir='ltr'><strong>mai.</strong></span> <span class='ocrx_word' id='word_1_245' title='bbox 813 2850 826 2879; x_wconf 93' lang='lat'><strong>.·</strong></span> <span class='ocrx_word' id='word_1_246' title='bbox 876 2831 1068 2880; x_wconf 90' lang='lat' dir='ltr'><strong>Dicitur</strong></span> <span class='ocrx_word' id='word_1_247' title='bbox 1115 2831 1362 2889; x_wconf 85' lang='lat' dir='ltr'><strong>illicitum,</strong></span> <span class='ocrx_word' id='word_1_248' title='bbox 1414 2831 1530 2892; x_wconf 87' lang='lat' dir='ltr'><strong>quia</strong></span> <span class='ocrx_word' id='word_1_249' title='bbox 1581 2831 1784 2878; x_wconf 84' lang='lat' dir='ltr'><strong>effectus</strong></span> <span class='ocrx_word' id='word_1_250' title='bbox 1830 2830 1991 2877; x_wconf 88' lang='lat' dir='ltr'><strong>bonus</strong></span> <span class='ocrx_word' id='word_1_251' title='bbox 2038 2828 2123 2875; x_wconf 92' lang='lat' dir='ltr'><strong>im-</strong></span> 
     </span>
     <span class='ocr_line' id='line_1_32' title="bbox 218 2905 2122 2970; baseline -0.003 -13"><span class='ocrx_word' id='word_1_252' title='bbox 218 2910 432 2958; x_wconf 87' lang='lat' dir='ltr'><strong>mediate</strong></span> <span class='ocrx_word' id='word_1_253' title='bbox 470 2923 684 2970; x_wconf 87' lang='lat' dir='ltr'><strong>sequens</strong></span> <span class='ocrx_word' id='word_1_254' title='bbox 722 2923 824 2955; x_wconf 89' lang='lat' dir='ltr'><strong>non</strong></span> <span class='ocrx_word' id='word_1_255' title='bbox 862 2907 1267 2969; x_wconf 85' lang='lat' dir='ltr'><strong>proportionatur</strong></span> <span class='ocrx_word' id='word_1_256' title='bbox 1303 2905 1500 2953; x_wconf 87' lang='lat' dir='ltr'><strong>effectui</strong></span> <span class='ocrx_word' id='word_1_257' title='bbox 1536 2906 1694 2963; x_wconf 87' lang='lat' dir='ltr'><strong>malo,</strong></span> <span class='ocrx_word' id='word_1_258' title='bbox 1735 2920 1879 2961; x_wconf 67' lang='lat' dir='ltr'><strong>cona,</strong></span> <span class='ocrx_word' id='word_1_259' title='bbox 1919 2905 2122 2952; x_wconf 87' lang='lat' dir='ltr'><strong>effectus</strong></span> 
     </span>
     <span class='ocr_line' id='line_1_33' title="bbox 217 2979 2120 3046; baseline -0.003 -14"><span class='ocrx_word' id='word_1_260' title='bbox 217 2993 406 3033; x_wconf 88' lang='lat' dir='ltr'><strong>remote</strong></span> <span class='ocrx_word' id='word_1_261' title='bbox 443 2999 656 3046; x_wconf 85' lang='lat' dir='ltr'><strong>sequens</strong></span> <span class='ocrx_word' id='word_1_262' title='bbox 694 2992 742 3030; x_wconf 93' lang='lat' dir='ltr'><strong>et</strong></span> <span class='ocrx_word' id='word_1_263' title='bbox 778 2982 980 3044; x_wconf 84' lang='lat' dir='ltr'><strong>quidem</strong></span> <span class='ocrx_word' id='word_1_264' title='bbox 1019 2997 1154 3030; x_wconf 87' lang='lat' dir='ltr'><strong>mere</strong></span> <span class='ocrx_word' id='word_1_265' title='bbox 1190 2997 1281 3043; x_wconf 92' lang='lat' dir='ltr'><strong>per</strong></span> <span class='ocrx_word' id='word_1_266' title='bbox 1318 2980 1577 3037; x_wconf 86' lang='lat' dir='ltr'><strong>accidens,</strong></span> <span class='ocrx_word' id='word_1_267' title='bbox 1617 2995 1743 3040; x_wconf 77' lang='lat' dir='ltr'><em>nego.</em></span> <span class='ocrx_word' id='word_1_268' title='bbox 1822 2979 2120 3027; x_wconf 75' lang='lat' dir='ltr'><strong>Condradist.</strong></span> 
     </span>
     <span class='ocr_line' id='line_1_34' title="bbox 217 3054 2123 3118; baseline -0.004 -11"><span class='ocrx_word' id='word_1_269' title='bbox 217 3064 325 3108; x_wconf 80' lang='lat' dir='ltr'><strong>min.</strong></span> <span class='ocrx_word' id='word_1_270' title='bbox 390 3061 485 3107; x_wconf 84' lang='lat' dir='ltr'><strong>Sel.</strong></span> <span class='ocrx_word' id='word_1_271' title='bbox 534 3058 844 3105; x_wconf 83' lang='lat' dir='ltr'><strong>immediatus</strong></span> <span class='ocrx_word' id='word_1_272' title='bbox 893 3059 1123 3114; x_wconf 87' lang='lat' dir='ltr'><strong>effectus,</strong></span> <span class='ocrx_word' id='word_1_273' title='bbox 1178 3056 1262 3118; x_wconf 87' lang='lat' dir='ltr'><strong>qui</strong></span> <span class='ocrx_word' id='word_1_274' title='bbox 1314 3072 1404 3117; x_wconf 90' lang='lat' dir='ltr'><strong>per</strong></span> <span class='ocrx_word' id='word_1_275' title='bbox 1451 3056 1669 3103; x_wconf 89' lang='lat' dir='ltr'><strong>duellum</strong></span> <span class='ocrx_word' id='word_1_276' title='bbox 1717 3054 1996 3112; x_wconf 88' lang='lat' dir='ltr'><strong>obtinetur,</strong></span> <span class='ocrx_word' id='word_1_277' title='bbox 2050 3062 2123 3101; x_wconf 87' lang='lat' dir='ltr'><strong>est</strong></span> 
     </span>
     <span class='ocr_line' id='line_1_35' title="bbox 219 3128 2119 3192; baseline -0.003 -9"><span class='ocrx_word' id='word_1_278' title='bbox 219 3135 482 3184; x_wconf 86' lang='lat' dir='ltr'><strong>ostendere</strong></span> <span class='ocrx_word' id='word_1_279' title='bbox 520 3134 795 3192; x_wconf 84' lang='lat' dir='ltr'><strong>audaciam,</strong></span> <span class='ocrx_word' id='word_1_280' title='bbox 836 3143 883 3181; x_wconf 90' lang='lat' dir='ltr'><strong>et</strong></span> <span class='ocrx_word' id='word_1_281' title='bbox 919 3134 1077 3180; x_wconf 88' lang='lat' dir='ltr'><strong>solum</strong></span> <span class='ocrx_word' id='word_1_282' title='bbox 1104 3140 1292 3179; x_wconf 87' lang='lat' dir='ltr'><strong>remote</strong></span> <span class='ocrx_word' id='word_1_283' title='bbox 1320 3130 1539 3191; x_wconf 85' lang='lat' dir='ltr'><strong>sequitur</strong></span> <span class='ocrx_word' id='word_1_284' title='bbox 1564 3128 1877 3177; x_wconf 87' lang='lat' dir='ltr'><strong>conservatio</strong></span> <span class='ocrx_word' id='word_1_285' title='bbox 1901 3128 2119 3177; x_wconf 90' lang='lat' dir='ltr'><strong>honoris.</strong></span> 
     </span>
     <span class='ocr_line' id='line_1_36' title="bbox 221 3203 2122 3271; baseline -0.005 -13"><span class='ocrx_word' id='word_1_286' title='bbox 221 3212 342 3271; x_wconf 84' lang='lat' dir='ltr'><strong>Quis</strong></span> <span class='ocrx_word' id='word_1_287' title='bbox 395 3219 558 3257; x_wconf 83' lang='lat' dir='ltr'><strong>autem</strong></span> <span class='ocrx_word' id='word_1_288' title='bbox 611 3207 787 3256; x_wconf 85' lang='lat' dir='ltr'><strong>dixerit</strong></span> <span class='ocrx_word' id='word_1_289' title='bbox 836 3207 986 3255; x_wconf 88' lang='lat' dir='ltr'><strong>licere</strong></span> <span class='ocrx_word' id='word_1_290' title='bbox 1036 3221 1087 3254; x_wconf 90' lang='lat' dir='ltr'><strong>se</strong></span> <span class='ocrx_word' id='word_1_291' title='bbox 1138 3206 1189 3252; x_wconf 91' lang='lat' dir='ltr'><strong>in</strong></span> <span class='ocrx_word' id='word_1_292' title='bbox 1239 3204 1580 3267; x_wconf 84' lang='lat' dir='ltr'><strong>gravissimum</strong></span> <span class='ocrx_word' id='word_1_293' title='bbox 1632 3203 1904 3266; x_wconf 87' lang='lat' dir='ltr'><strong>periculum</strong></span> <span class='ocrx_word' id='word_1_294' title='bbox 1951 3203 2122 3250; x_wconf 86' lang='lat' dir='ltr'><strong>mortis</strong></span> 
     </span>
     <span class='ocr_line' id='line_1_37' title="bbox 217 3276 2119 3349; baseline -0.005 -16"><span class='ocrx_word' id='word_1_295' title='bbox 217 3285 450 3349; x_wconf 86' lang='lat' dir='ltr'><strong>propriae</strong></span> <span class='ocrx_word' id='word_1_296' title='bbox 487 3293 535 3332; x_wconf 92' lang='lat' dir='ltr'><strong>et</strong></span> <span class='ocrx_word' id='word_1_297' title='bbox 571 3283 833 3331; x_wconf 88' lang='lat' dir='ltr'><strong>occisionis</strong></span> <span class='ocrx_word' id='word_1_298' title='bbox 871 3281 1066 3329; x_wconf 89' lang='lat' dir='ltr'><strong>alterius</strong></span> <span class='ocrx_word' id='word_1_299' title='bbox 1104 3281 1334 3328; x_wconf 89' lang='lat' dir='ltr'><strong>conferre</strong></span> <span class='ocrx_word' id='word_1_300' title='bbox 1371 3279 1435 3327; x_wconf 88' lang='lat' dir='ltr'><strong>ad</strong></span> <span class='ocrx_word' id='word_1_301' title='bbox 1461 3279 1826 3327; x_wconf 64' lang='lat' dir='ltr'><strong>ostendendam&gt;</strong></span> <span class='ocrx_word' id='word_1_302' title='bbox 1861 3276 2119 3325; x_wconf 84' lang='lat' dir='ltr'><strong>audaciam</strong></span> 
     </span>
    </p>
   </div>
   <div class='ocr_carea' id='block_1_9' title="bbox 223 3360 392 3409">
    <p class='ocr_par' dir='ltr' id='par_1_9' title="bbox 223 3360 392 3409">
     <span class='ocr_line' id='line_1_38' title="bbox 223 3360 392 3409; baseline -0.012 0"><span class='ocrx_word' id='word_1_303' title='bbox 223 3377 359 3409; x_wconf 88' lang='lat' dir='ltr'><strong>suam</strong></span> <span class='ocrx_word' id='word_1_304' title='bbox 375 3360 392 3407; x_wconf 75' lang='grc' dir='ltr'>ἓ</span> 
     </span>
    </p>
   </div>
  </div>
 </body>
</html>
