2182 3682
568 200 655 229 LIB.
690 200 718 230 Ι.
765 199 866 230 CAP.
902 201 944 229 V.
989 199 1051 228 DE
1085 199 1456 232 CONTRACTIBUS.
1855 206 1955 257 313

149 344 249 385 Obi.
279 355 322 393 3·
377 335 491 382 Non
529 335 755 382 obstante
803 335 970 381 ultima
1005 335 1281 392 voluntate,
1331 334 1465 381 bona
1502 352 1529 382 a
1566 346 1756 384 mortuo
1795 338 1964 385 relicta

67 413 184 458 fiunt
218 410 409 456 nullius.
483 409 619 468 Ergo
654 408 737 455 illa
772 409 996 455 voluntas
1031 407 1150 454 nihil
1189 407 1351 454 efficit.

143 509 292 556 Resp.
350 498 479 545 Dist.
519 503 662 544 antec.
679 515 692 543 .·
728 497 873 544 Fiunt
908 497 1085 543 nullius
1120 496 1200 553 ita,
1238 505 1289 543 ut
1324 512 1473 544 nemo
1509 498 1689 545 habeat
1723 500 1795 545 ius
1829 501 1877 545 iu
1914 516 1966 546 re

66 573 231 634 quoad
266 572 349 619 illa
385 573 542 631 bona,
581 587 723 629 cona,
763 572 852 630 ita,
901 579 953 618 ut
989 586 1138 618 nemo
1175 572 1357 619 habeat
1393 573 1464 617 ius
1500 572 1568 617 ad
1597 588 1721 627 rem,
1771 589 1884 633 nego
1920 584 1966 621 et

65 663 178 707 nego
214 662 331 693 cons.

146 743 246 784 Obi.
280 755 322 793 4.
379 731 700 796 (Vermeersclz‚
740 734 1069 795 Quaestiones
1108 735 1170 781 de
1207 735 1311 781 iust.
1350 751 1396 781 n.
1441 751 1530 795 223
1571 743 1617 782 et
1657 731 1784 796 226.)
1856 736 1968 783 Suc-

65 809 220 858 cessio
256 809 467 856 filiorum
503 810 565 856 ab
602 809 831 855 intestato
872 823 973 855 non
1012 808 1242 854 fundatur
1279 808 1329 854 in
1367 810 1616 856 voluntate
1653 804 1968 871 praesumpta

64 892 337 946 parentum,
366 883 453 931 sed
478 883 528 930 in
560 884 794 930 «naturali
820 883 1170 943 subrogatione
1198 883 1410 930 familiae
1438 883 1488 929 in
1513 884 1676 930 locum
1699 883 1966 931 defuncti».

142 981 297 1030 Resp.
359 972 500 1032 AVegO
537 978 700 1018 (lSSC’Vl.
763 973 891 1018 Nam
935 989 973 1018 1.
1013 971 1052 1017 si
1088 971 1487 1033 independenter
1531 988 1559 1017 a
1602 972 1852 1019 voluntate
1889 989 1970 1034 pa-

64 1055 257 1093 rentum
283 1046 466 1094 familia
501 1047 551 1092 in
576 1048 711 1093 bona
737 1062 909 1094 eorum
935 1047 1168 1103 succedit,
1208 1055 1554 1094 testamentum
1580 1045 1772 1093 videtur
1798 1055 1970 1094 contra

62 1120 135 1167 ius
170 1128 388 1178 naturae,
429 1122 599 1168 saltem
626 1121 665 1168 si
700 1120 750 1167 in
777 1136 837 1167 eo
875 1121 1118 1167 extraneis
1153 1120 1383 1168 notabilis
1409 1137 1522 1182 pars
1547 1121 1793 1167 bonorum
1830 1121 1972 1167 relin-

64 1195 238 1255 quitur.
307 1196 451 1242 Pater
487 1196 620 1242 enim
655 1211 758 1242 non
796 1195 944 1242 habet
980 1195 1051 1241 ius
1089 1196 1291 1242 tollendi
1330 1196 1432 1242 iura
1468 1195 1708 1242 naturalia
1740 1195 1966 1243 familiae.

67 1285 106 1315 2.
148 1269 196 1315 Si
234 1268 415 1316 familia
452 1269 736 1317 naturaliter
774 1271 1067 1331 subrogatur
1103 1269 1151 1316 in
1191 1271 1353 1317 locuni
1392 1271 1633 1327 defuncti,
1672 1286 1773 1317 non
1811 1272 1967 1318 solum

65 1358 124 1390 ex
159 1342 366 1404 pietate,
416 1343 503 1390 sed
541 1344 685 1390 etiam
730 1359 788 1390 ex
823 1346 1004 1390 iustilia
1041 1345 1244 1391 debebit
1291 1345 1480 1392 solvere
1519 1345 1682 1392 debita
1733 1345 1966 1403 defuncti,

63 1416 102 1463 si
138 1418 263 1464 forte
300 1416 394 1464 sint
431 1418 619 1464 maiora
657 1434 806 1479 quam
843 1419 977 1465 bona
1014 1419 1196 1465 relicta.
1251 1420 1401 1478 Quod
1438 1428 1603 1467 tamen
1642 1421 1969 1467 communiter

64 1507 91 1538 a
127 1491 370 1554 theologis
406 1501 626 1553 negatur.

853 1698 1080 1745 CAPUT
1116 1700 1175 1746 V.

590 1810 706 1868 DE
756 1806 1436 1871 CONTRACTIBUS.

818 1969 1145 2008 AR'sict'LUs
1179 1971 1209 2009 1.

265 2065 358 2110 DE
397 2066 633 2112 PACTIS
672 2067 759 2112 ΕΤ
798 2066 1327 2113 CONTRACTIBUs
1365 2067 1435 2113 IN
1475 2068 1769 2114 GENERE.

109 2192 174 2246 (de
207 2197 338 2248 Lago,
372 2197 438 2236 De
471 2197 622 2236 iustitia
657 2208 698 2237 et
732 2199 818 2238 iure
853 2199 958 2252 disp.
995 2210 1064 2239 22.
1127 2201 1297 2247 Beusclz,
1332 2200 1397 2238 De
1432 2200 1716 2239 contractibus
1751 2198 1922 2253 [rilzgrm'2

729 2266 884 2305 Cursus
918 2267 1046 2306 theol.
1084 2275 1109 2305 t.
1146 2264 1302 2319 RVH.)

68 2375 214 2428 404.
296 2366 331 2416 I.
375 2366 595 2417 Pactum
626 2377 706 2418 est
735 2369 983 2434 plurium
1014 2369 1070 2419 in
1111 2370 1252 2419 l'dclll
1284 2370 1547 2435 placitum
1589 2379 1639 2420 et
1676 2387 1966 2422 consensus,

140 2449 347 2498 Dicitur
395 2464 434 2500 Ι.
469 2450 734 2515 placitum
776 2460 826 2500 el
863 2468 1168 2512 censensus,
1213 2453 1241 2502 i.
1287 2470 1329 2501 e.
1374 2461 1523 2502 actus
1563 2452 1872 2513 voluntatis,
1918 2462 1970 2503 et

66 2530 284 2596 quidem
325 2549 432 2582 non
474 2549 678 2582 merum
720 2534 1082 2599 propositum,
1138 2534 1233 2583 sed
1276 2534 1471 2584 efficax
1509 2534 1692 2584 x‘olitio
1741 2534 1966 2600 plurium

66 2621 285 2663 externe
325 2614 684 2676 manifestata,
741 2633 846 2681 qua
885 2615 1072 2665 saltem
1128 2633 1261 2665 unus
1303 2616 1537 2666 officium
1579 2633 1706 2682 erga
1746 2617 1967 2666 alterum

65 2695 285 2761 suscipit
324 2696 454 2760 (sive
495 2697 740 2746 absolute
782 2699 891 2747 sive
933 2698 1355 2763 condicionate);

143 2790 188 2827 2.
221 2777 484 2842 plurium,
527 2780 647 2844 quia
689 2779 795 2829 duo
836 2779 1026 2829 saltem
1066 2781 1135 2830 ad
1176 2790 1390 2846 pactum
1435 2782 1790 2847 requiruntur3

142 2872 187 2922 3.
231 2859 287 2909 in
327 2859 487 2921 idem,
530 2870 791 2926 quatenus
831 2862 1017 2911 eadem
1060 2879 1141 2912 res
1183 2863 1363 2926 (actio)
1406 2863 1473 2912 ab
1511 2881 1615 2913 uno
1660 2864 1880 2913 traditur
1915 2870 1968 2912 et

66 2940 133 2989 ab
175 2940 341 2991 altero
383 2950 718 3009 acceptatum

140 3036 187 3085 4.
243 3040 313 3073 ex
363 3033 523 3090 pacto
565 3026 727 3075 oritur
768 3026 1026 3091 obligando
1068 3027 1293 3077 iustitiae
1335 3026 1416 3077 vel
1458 3027 1644 3077 saltem
1700 3026 1966 3077 fidelitatis

67 3103 118 3152 in
159 3122 240 3166 eo,
284 3107 374 3172 qui
412 3108 492 3156 ius
531 3124 686 3157 suum
727 3107 877 3157 alteri
918 3109 1090 3158 tradit.

146 3191 462 3245 Contractus
500 3212 662 3262 saepe
703 3197 898 3246 eodem
937 3214 1095 3248 sensu
1122 3199 1345 3248 sumitur
1372 3216 1480 3264 quo
1522 3206 1763 3263 pactum;
1806 3214 1967 3263 saepe

68 3282 243 3324 autem
284 3275 389 3326 hoc
430 3294 627 3327 nomen
669 3279 997 3345 restringitur
1023 3280 1091 3330 ad
1133 3298 1196 3330 ea
1234 3289 1409 3347 pacta,
1452 3297 1522 3329 ex
1549 3279 1742 3345 quibus
1782 3287 1967 3329 mutua

69 3355 325 3424 obligatio
366 3359 554 3422 oritur;
598 3359 702 3412 hoc
742 3361 1001 3412 strictiore
1036 3379 1192 3412 sensu
1221 3370 1523 3412 contractus
1552 3360 1797 3411 definitur
1822 3360 1964 3412 ultro
