2182 3682
228 169 333 219 394
624 167 737 196 PARS
772 167 820 197 ΙΙ.
871 167 1187 197 PHILOSOPHIA
1220 168 1425 197 MORALIS
1460 169 1711 198 SPECIALIS.

294 317 345 364 4.
390 301 564 353 Causa
600 304 860 369 formali.
943 304 1084 354 Nam
1125 305 1174 368 a)
1216 304 1488 354 vinculum
1539 306 1817 356 iuridicum
1863 306 2132 356 societatis

222 385 492 451 perfectae
533 387 806 453 proprium
835 396 887 436 et
928 387 1235 453 primarium
1268 395 1348 436 est
1377 387 1635 453 obligatio
1662 388 1890 438 iustitiae
1930 388 2130 454 legalis,

221 467 490 517 vinculum
529 486 657 518 vero
711 469 937 519 familiae
978 476 1059 518 est
1099 468 1357 534 obligatio
1411 470 1622 535 pietatis
1660 470 1745 520 vel
1784 470 1999 521 alterius
2037 471 2132 520 vir-

220 550 344 599 tutis
381 551 538 615 (inter
566 552 822 617 coniuges
849 551 1073 601 iustitiae
1102 552 1517 602 commutativae
1546 560 1599 602 et
1627 553 1871 616 amoris);
1915 553 1972 617 b)
2013 570 2130 603 auc·
2177 614 2180 621 Ι

219 633 403 682 toritas
453 634 505 682 in
560 632 753 683 familia
804 651 900 699 per
938 651 996 683 se
1037 634 1234 683 residet
1286 651 1450 699 penes
1502 643 1749 700 parentes
1790 642 1844 685 et
1883 636 2130 701 primario

221 715 440 781 quidem
481 716 625 781 apud
666 724 889 782 patrem,
933 717 1005 765 ita
1045 723 1102 765 ut
1142 716 1512 766 determinatio
1541 717 1767 767 subiecti
1806 718 2132 768 auctoritatis

220 814 432 863 semper
486 799 748 864 procedat
800 799 1045 864 proxime
1087 799 1154 848 ab
1196 799 1310 864 ipsa
1350 807 1535 848 natura
1587 816 1760 865 neque
1807 799 2132 865 relinquatur

217 879 497 929 hominum
538 880 770 930 arbitrio.
828 880 886 930 In
929 881 1140 930 civitate
1166 898 1293 930 vero
1335 879 1537 930 nullum
1577 881 1803 932 habetur
1829 882 2131 932 subiectum

218 962 510 1027 generatim
563 980 659 1028 per
708 964 876 1029 ipsam
930 972 1172 1012 naturam
1223 963 1588 1028 designatum,
1645 964 1742 1014 sed
1795 972 1974 1030 potest
2014 981 2130 1014 esse

217 1045 436 1096 varium.
517 1045 796 1095 Praeterea
836 1046 1087 1111 superior
1128 1046 1351 1096 civitatis
1404 1045 1568 1096 habet
1608 1055 1934 1112 potestatem
1972 1046 2131 1096 iuris-

217 1127 490 1189 dictionis,
535 1136 704 1193 paler
741 1146 868 1178 vero
921 1138 1248 1193 potestatem
1289 1146 1452 1193 quam
1499 1138 1696 1178 vocant
1735 1129 2128 1178 doveinativam

218 1210 662 1273 (oeconomicam.
727 1208 950 1272 Snares,
994 1211 1079 1260 De
1121 1209 1222 1275 leg.
1268 1210 1297 1260 l.
1339 1224 1380 1270 Ι,
1425 1227 1468 1260 6.
1515 1212 1562 1271 8,
1606 1228 1654 1260 11.
1697 1212 1780 1274 4);
1824 1210 1910 1260 1116
1949 1219 2131 1277 potest

217 1292 350 1342 ferre
403 1292 576 1358 leges,
629 1292 714 1342 hic
754 1291 929 1342 solum
982 1293 1109 1342 dare
1145 1301 1455 1357 praecepsa.
1538 1292 1781 1343 Potestas
1832 1294 2002 1359 patria
2042 1293 2129 1343 de-

217 1375 431 1435 crescit,
482 1392 590 1424 non
631 1392 757 1424 vero
800 1375 1030 1440 politica,
1076 1392 1214 1441 quae
1254 1392 1467 1441 semper
1507 1384 1687 1425 manet
1727 1377 1933 1426 eadem.
2013 1375 2127 1425 [lla

217 1474 312 1523 per
351 1475 408 1507 se
450 1475 556 1507 non
599 1466 780 1524 potest
822 1458 1080 1523 restringi,
1130 1458 1201 1506 ita
1241 1466 1299 1506 ut
1340 1475 1476 1507 unus
1517 1448 1891 1524 paterfamilias
1931 1458 2130 1508 habeat

215 1540 476 1590 minorem
516 1549 843 1606 potestatem
885 1541 935 1589 in
978 1540 1114 1589 filios
1156 1557 1317 1606 quam
1358 1539 1503 1600 alius,
1547 1539 1681 1589 llaec
1719 1558 1846 1590 vero
1874 1541 2015 1590 varie
2056 1558 2128 1590 re-

216 1623 404 1688 stringi
456 1630 509 1672 et
560 1624 695 1672 inter
747 1623 955 1673 diversa
1006 1622 1247 1672 subiecta
1301 1623 1543 1672 distribui
1595 1631 1789 1688 potest.
1881 1623 2128 1689 Denique

217 1712 457 1770 potestas
478 1704 696 1771 politica
719 1712 909 1771 utpote
931 1705 1085 1754 altior
1106 1706 1216 1754 iura
1239 1704 1403 1754 habet
1427 1704 1684 1771 ampliora
1707 1723 1867 1772 quam
1889 1713 2129 1772 potestas

219 1788 585 1848 oeconomica,
628 1806 675 1838 v.
721 1805 770 1854 g.
816 1788 895 1837 ius
938 1787 1115 1853 gladii,
1159 1788 1239 1837 ius
1279 1786 1405 1837 belli
1445 1797 1544 1837 etc.

221 1916 366 1970 525·
451 1922 553 1962 Obi.
623 1916 809 1962 Contra
859 1924 1080 1961 nostram
1133 1914 1516 1976 explicationem
1569 1914 1690 1961 boni
1741 1913 1925 1976 publici
1977 1913 2129 1961 obicit

215 1990 488 2036 Blmztscltlz'
511 1986 745 2050 (Theoria
782 1999 931 2037 status
968 1989 1197 2036 moderni
1233 1991 1254 2035 Ι
1292 1986 1428 2049 348>1
1475 2007 1513 2035 1.
1543 2005 1653 2036 eam
1686 1989 1947 2036 detrahere
1974 1989 2128 2049 digni-

216 2065 301 2112 tati
338 2074 386 2112 et
421 2064 663 2112 maiestati
700 2074 846 2112 status
884 2064 1097 2126 publici,
1150 2081 1189 2111 2.
1229 2079 1338 2110 eam
1378 2063 1604 2125 redigere
1642 2064 1890 2111 civitatem
1925 2063 1977 2109 in
2014 2079 2128 2110 con-

216 2139 467 2186 dicionem
503 2142 625 2186 meri
656 2141 797 2186 medii
828 2155 919 2202 pro
957 2140 1092 2186 bono
1120 2139 1339 2200 privato,
1376 2155 1419 2199 3.
1460 2154 1569 2186 eam
1608 2139 1915 2186 confundere
1940 2140 2128 2185 bonum

215 2214 467 2276 publicum
516 2232 629 2262 cum
676 2216 811 2262 bono
856 2215 1077 2277 privatog
1126 2231 1169 2272 4.
1217 2229 1327 2261 eam
1375 2214 1622 2275 explicare
1670 2230 1773 2260 non
1819 2228 1991 2275 posse,
2042 2229 2129 2259 cur

214 2305 364 2351 saepe
412 2291 563 2336 multa
603 2290 861 2337 hominum
910 2290 1042 2336 milia
1089 2290 1302 2336 libenter
1337 2305 1429 2350 pro
1479 2298 1603 2336 statu
1649 2287 1817 2335 omnia
1860 2289 1995 2335 bona
2042 2304 2129 2334 sua

217 2381 328 2411 cum
364 2365 472 2425 ipsa
508 2366 606 2411 vita
641 2365 958 2427 profundant.

294 2464 445 2513 Resp.
486 2455 549 2501 ad
593 2473 642 2513 1,
693 2464 910 2501 nostram
950 2455 1244 2502 sententiam
1294 2454 1355 2501 ad
1393 2469 1632 2500 summum
1672 2453 1933 2500 detrahere
1958 2453 2129 2512 falsae

215 2529 455 2577 maiestati
492 2539 640 2577 status
677 2530 889 2592 politici,
940 2545 1042 2576 non
1080 2539 1242 2576 autem
1280 2544 1427 2576 'verae
1467 2528 1570 2583 ¹eius
1607 2527 1858 2589 dignitati,
1911 2543 2039 2589 quae
2075 2527 2126 2573 in
2157 2568 2161 2571 .

215 2620 276 2651 eo
314 2614 398 2662 est,
438 2614 488 2650 ut
512 2605 738 2652 homines
774 2605 907 2652 iuvet
942 2605 993 2650 111
1030 2605 1260 2651 felicitate
1287 2603 1425 2650 huius
1452 2605 1578 2649 vitae
1603 2618 1720 2649 vera
1756 2611 1804 2649 et
1835 2602 1920 2648 fini
1957 2603 2126 2648 ultimo

215 2679 535 2727 subordinata
582 2679 905 2740 assequenda.
981 2679 1233 2726 Sententia
1277 2688 1446 2725 nostra
1481 2687 1641 2724 tuetur
1679 2686 1938 2738 praeterea
1979 2677 2126 2735 dzgm'·

213 2760 356 2800 tatem
381 2770 626 2816 personae
652 2756 911 2811 humanae,
948 2770 1096 2814 quam
1122 2753 1390 2800 adversarii
1416 2754 1465 2798 in
1492 2752 1749 2812 indignam
1775 2751 2125 2798 condicionem

215 2830 338 2876 meri
374 2829 525 2876 medii
560 2844 652 2891 pro
689 2830 823 2875 bono
863 2838 1011 2875 status
1047 2828 1291 2889 redigunt.

294 2904 377 2950 Ad
416 2921 438 2950 2
479 2905 615 2951 dist..-
666 2904 848 2950 Nostra
896 2903 1138 2950 sententia
1174 2902 1354 2963 redigit
1391 2901 1637 2949 civitatem
1686 2901 1735 2947 in
1773 2899 2125 2947 condicionem
2181 2949 2182 2954 ,

215 2979 339 3025 meri
376 2978 528 3025 medii
562 2993 654 3039 pro
680 2979 816 3025 bono
843 2978 1034 3039 privato
1068 2979 1205 3023 letali
1238 2976 1457 3023 omnium
1495 2976 1672 3022 civium
1709 2976 1932 3023 collective
1967 2990 2126 3035 sump-

216 3062 402 3111 torum,
447 3068 580 3109 conc„
620 3068 710 3114 pro
748 3054 883 3099 bono
921 3052 1112 3114 privato
1151 3052 1329 3099 civium
1365 3052 1640 3111 singillatim
1677 3059 2010 3112 spectatorum
2046 3049 2126 3096 vel

217 3128 365 3175 etiam
412 3144 683 3189 paucorum
736 3136 782 3174 et
828 3127 1047 3189 partiali,
1102 3143 1228 3186 nego.
1300 3128 1491 3173 Bonum
1544 3134 1798 3172 externum
1850 3123 2123 3185 temporale

217 3204 395 3250 civium
420 3203 700 3264 singillatim
727 3212 1032 3264 sumptorum
1057 3201 1405 3249 subordinatur
1428 3201 1564 3247 bono
1589 3200 1804 3261 publico,
1831 3214 1935 3245 non
1960 3207 2124 3245 autem

216 3279 403 3325 bonum
429 3278 578 3324 totale
617 3278 837 3324 omnium
864 3277 1041 3323 civium
1075 3276 1216 3323 simul
1242 3284 1576 3336 sumptorum3
1612 3274 1727 3321 huic
1751 3274 1912 3336 potius
1935 3274 2123 3321 bonum

217 3353 484 3414 publicum,
521 3362 572 3399 ut
607 3353 667 3399 sit
703 3367 872 3399 verum
909 3361 957 3398 et
992 3366 1273 3408 commune,
1313 3349 1626 3397 subordinari
1662 3349 1823 3396 debet.
