2182 3682
224 156 326 206 332
628 150 740 179 PARS
775 150 824 180 11.
873 150 1189 179 I'HILOSOI‘IIIA
1223 149 1427 179 MORALIS
1463 149 1713 180 SPECIALIS.

222 299 369 351 431.
450 287 538 337 EX
579 287 733 338 dictis
775 286 1069 352 colligitur:

293 387 343 450 a)
397 386 679 436 discrimen
730 387 865 436 inter
913 384 1248 449 superiorem
1300 392 1352 434 et
1404 383 1676 434 dominnm
1694 425 1707 444 ,
1764 383 2028 434 subditum
2076 393 2130 435 et

217 485 457 532 servum,
501 469 875 519 anctoritatem
915 467 1169 517 socialem
1211 474 1264 516 et
1303 466 1613 516 dominium.
1696 465 1950 532 Superior
1989 467 2129 517 enim

219 559 427 602 tantum
467 551 535 600 ad
577 551 781 601 bonum
824 567 1111 600 commune
1141 548 1382 615 obligare
1423 556 1617 614 potest,
1661 548 1912 598 dominus
1951 556 2129 599 autem

220 634 289 698 (vi
330 633 571 698 dominii)
612 634 681 682 ad
723 632 928 682 bonum
969 649 1125 681 suum
1166 631 1457 697 privatum;

293 716 350 779 b)
391 716 766 765 auctoritatem
808 732 952 764 mere
993 714 1282 764 humanam
1335 721 1487 763 actus
1537 730 1670 779 pure
1709 713 1945 763 internos
1985 730 2130 779 prae-

220 799 395 864 cipere
437 815 544 847 non
597 814 787 863 posse,
843 797 965 863 quia
1005 814 1100 863 per
1138 813 1196 846 se
1247 813 1423 861 neque
1476 796 1544 845 ad
1585 796 1790 845 bonum
1842 812 2129 845 commune

218 889 502 930 externum
543 879 825 930 conferunt
875 895 1051 944 neque
1091 879 1160 928 ab
1201 878 1520 928 auctoritate
1561 877 1796 927 humana
1834 877 2016 928 sociali
2057 878 2129 927 di-

217 963 435 1013 iudicari
475 970 716 1028 possunt.
798 960 853 1012 Si
893 969 1072 1011 autem
1116 969 1267 1011 actus
1308 969 1589 1021 externuS,
1644 960 1780 1010 iuste
1820 960 2127 1026 imperatus

217 1047 423 1112 absque
463 1045 670 1095 interno
713 1053 855 1094 recte
897 1044 1023 1110 poni
1064 1044 1264 1110 nequit,
1309 1043 1508 1093 subditi
1551 1043 1618 1092 ad
1652 1042 1795 1093 hunc
1836 1043 1996 1092 etiam
2037 1043 2128 1093 ob-

219 1128 473 1195 ligantur,
523 1136 579 1177 at
624 1145 733 1179 non
775 1128 975 1177 directe
1017 1144 1111 1192 per
1151 1126 1523 1176 auctoritatem
1563 1125 1845 1186 socialem,
1898 1125 1995 1175 sed
2036 1143 2131 1192 per

220 1211 396 1277 legem
437 1208 746 1261 naturalem.
1518 1213 1521 1214 ’

222 1363 370 1416 432.
454 1366 499 1416 3.
543 1351 759 1401 Norma
803 1351 1131 1401 rectitudinis
1183 1358 1333 1400 actus
1373 1349 1582 1399 socialis
1623 1357 1703 1399 est
1743 1357 1929 1398 natura
1967 1349 2131 1416 ipsius

219 1435 505 1485 societatis
587 1431 797 1498 Quodsi
852 1434 1010 1499 igitur
1061 1432 1194 1483 haec
1236 1450 1423 1482 norma
1476 1449 1602 1498 prae
1644 1431 1812 1482 oculis
1851 1431 2127 1494 habeatur,

217 1519 260 1568 si
301 1525 577 1584 praeterea
628 1517 830 1566 bonum
887 1533 1174 1566 commune
1215 1533 1398 1565 verum
1440 1524 1492 1565 et
1532 1532 1640 1564 non
1681 1531 1826 1564 mere
1865 1531 2130 1581 apparens

217 1600 537 1661 intendatur,
581 1607 733 1649 actus
761 1599 970 1649 socialis
999 1616 1106 1648 non
1142 1598 1338 1664 poterit
1379 1614 1486 1647 non
1516 1615 1632 1648 esse
1666 1605 1809 1648 recte
1838 1598 2125 1648 ordinatus,

954 1775 1283 1814 ARTICULUS
1317 1775 1393 1815 ΠΙ.

774 1880 1174 1927 SOCIE'I'ATIS
1211 1878 1554 1925 PARTITIO.

218 2010 366 2062 433.
448 1996 690 2048 Societas
733 1997 1093 2063 distinguitur:

300 2109 340 2147 Ι.
395 2094 693 2145 Naturalis
745 2094 1081 2159 (necessaria)
1134 2101 1187 2144 et
1228 2092 1432 2154 libera,
1488 2101 1645 2159 prout
1695 2091 1788 2142 scl.
1831 2091 2127 2142 secundum

215 2195 365 2228 suam
407 2178 643 2244 speciem
685 2178 1023 2228 considerata
1063 2176 1145 2226 vel
1186 2175 1409 2226 naturali
1456 2176 1773 2225 necessitate
1814 2182 1867 2224 et
1906 2173 1956 2224 vi
1996 2172 2130 2239 legis

216 2269 434 2310 naturae
469 2259 553 2310 vel
589 2260 754 2310 libera
790 2260 1069 2310 hominum
1106 2259 1463 2309 conventione
1502 2258 1680 2308 oritur.
1745 2257 1901 2307 Dixi:
1944 2272 2127 2306 secun-

216 2343 345 2393 dum
374 2360 526 2393 suam
566 2344 792 2408 speeiem
827 2351 880 2393 et
908 2360 1016 2392 non
1044 2342 1220 2392 solum
1247 2341 1545 2391 secundum
1576 2357 1746 2406 genus
1775 2339 2126 2390 considerata.

215 2426 292 2477 Ut
343 2426 482 2475 enim
539 2425 769 2476 societas
819 2426 885 2476 sit
937 2425 1218 2486 naturaliS‚
1278 2442 1385 2474 non
1441 2423 1663 2484 sufficit,
1722 2431 1781 2472 ut
1835 2422 2129 2487 generatim

216 2517 403 2558 natura
452 2508 668 2559 inclinet
719 2509 786 2558 ad
836 2517 1038 2559 certum
1093 2508 1255 2557 finem
1308 2506 1491 2557 sociali
1545 2505 1927 2572 cooperatione
1979 2505 2129 2554 attin-

215 2591 480 2657 gendum,
535 2592 631 2641 sed
685 2592 988 2657 requiritur,
1044 2599 1102 2640 ut
1152 2589 1368 2640 inclinet
1420 2589 1489 2639 ad
1536 2590 1848 2639 societatem
1902 2594 2042 2637 certo
2083 2594 2134 2636 et

215 2673 571 2724 determinato
612 2674 766 2723 modo
807 2673 1123 2735 ineundam,
1172 2673 1244 2722 ita
1284 2680 1340 2721 ut
1381 2672 1515 2721 haec
1555 2672 1784 2721 societas
1824 2686 1920 2736 per
1958 2669 2129 2735 ipsam

216 2763 459 2806 naturam
499 2757 550 2805 in
591 2772 687 2806 sua
727 2756 907 2822 specie
947 2756 1014 2805 sit
1055 2755 1408 2804 determinata
1448 2771 1543 2804 seu
1579 2753 1778 2803 habeat
1818 2752 1967 2818 quasi
2008 2768 2129 2801 con-

215 2838 547 2888 stitutionem
587 2838 656 2888 ab
697 2838 812 2904 ipsa
851 2844 1039 2888 natura
1080 2837 1260 2903 aliquo
1302 2836 1468 2886 modo
1512 2835 1801 2886 definitam.

293 2934 339 2971 2.
384 2919 633 2986 Simplex
673 2929 725 2970 et
765 2920 1072 2985 composita,
1115 2927 1276 2986 prout
1304 2918 1416 2969 aliis
1450 2918 1744 2969 minoribus
1783 2915 2129 2968 societatibus

219 3002 473 3053 coalescit
511 3002 595 3052 vel
636 3020 759 3053 non.

295 3098 342 3149 3.
392 3083 666 3151 Completa
707 3093 760 3134 et
800 3084 1150 3149 incompleta,
1203 3092 1258 3134 et
1305 3083 1526 3150 quidem
1576 3082 1660 3133 vel
1711 3082 1994 3131 intrinsece
2043 3079 2129 3130 vel

219 3168 531 3218 extrinsece.
612 3167 909 3217 Intrinsece
950 3166 1209 3232 completa
1252 3167 1442 3216 dicitur
1481 3166 1724 3226 societas,
1773 3180 1911 3229 quae
1951 3162 2130 3213 omnia

220 3249 364 3300 bona
403 3249 632 3299 hominis
671 3250 723 3299 in
758 3249 936 3314 aliquo
975 3248 1164 3298 saltem
1206 3250 1375 3314 gradu
1410 3248 1706 3298 secundum
1741 3254 1910 3296 totam
1948 3253 2129 3295 exten-

221 3332 425 3381 sionem
466 3349 563 3398 pro
592 3332 696 3382 fine
724 3332 915 3394 habet;
958 3361 1029 3366 —
1070 3331 1354 3380 intrinsece
1393 3337 1572 3380 autem
1613 3328 1947 3394 incompleta,
1991 3342 2130 3394 quae
