2182 3682
226 191 325 241 190
622 188 735 216 PARS
769 187 797 216 I.
849 186 1162 217 PHILOSOPHIA
1196 185 1404 216 MORALIS
1439 185 1717 216 GENERALIS.

216 323 445 373 amicitia
497 321 745 383 aliorum,
801 339 935 389 quas
986 322 1096 371 iure
1148 321 1299 387 quasi
1353 321 1593 387 precario
1647 321 1984 387 possidemus
2034 321 2119 386 (de

215 404 367 470 Lago
410 403 440 454 1.
487 421 530 454 e.
575 421 625 455 n.
677 405 777 468 15).

294 501 660 570 Confirmatur
724 503 888 553 thesis
955 520 1024 552 ex
1091 501 1401 552 definitione
1467 502 1694 552 iustitiae
1761 503 2116 553 communiter

214 571 459 636 admissa.
530 586 732 636 Iustitia
773 586 1161 650 correspondet
1199 571 1309 634 iuri.
1379 585 1614 634 Iustitiae
1655 592 1834 634 autem
1876 586 2121 651 proprius

214 677 361 718 actus
401 675 481 718 est
521 668 805 733 unicuique
860 667 1110 728 reddere,
1166 666 1312 732 quod
1360 683 1516 716 suum
1557 675 1637 717 est
1676 666 1761 731 (2,
1822 680 1875 728 2,
1935 685 1985 733 q.
2034 669 2117 731 58,

213 766 257 800 a.
309 752 408 816 ΙΙ).
489 750 644 815 Ergo
695 750 773 799 ius
828 758 886 798 ut
940 747 1163 798 facultas
1218 747 1432 798 moralis
1473 749 1647 798 eidem
1690 749 2119 815 correspondens

213 832 372 882 etiam
412 849 509 898 pro
551 832 766 882 obiecto
808 831 973 881 habet
1011 830 1082 891 id,
1126 830 1274 897 quod
1304 829 1494 896 aliquis
1534 830 1712 897 aliquo
1753 831 1920 881 modo
1961 848 2116 882 suum

211 931 404 964 vocare
445 922 638 980 potest.

286 1003 373 1053 Ius
413 1004 571 1053 etiam
625 1011 767 1052 recte
819 1001 1024 1052 definiri
1063 1011 1273 1068 posset:
1314 1002 1568 1068 facultas
1618 1002 1865 1068 legitima
1907 1001 2127 1069 aliquid

211 1093 269 1135 ut
303 1103 453 1136 suum
495 1084 768 1151 exigendi,
798 1083 1119 1150 possidendi
1152 1084 1244 1135 vel
1280 1084 1589 1135 adhibendi.

215 1230 361 1284 228.
480 1231 654 1282 Schel.
701 1248 751 1283 I.
813 1232 1090 1283 Praedicta
1119 1232 1356 1283 definitio
1385 1233 1716 1283 strictissimo
1744 1250 1903 1283 sensu
1945 1232 2120 1283 solum

212 1314 472 1381 competit
511 1315 620 1376 iuri,
652 1315 801 1381 quod
830 1315 1043 1381 respicit
1069 1314 1281 1364 iustitia
1323 1315 1719 1366 commutativa.
1789 1314 1940 1366 Sicut
1979 1315 2118 1365 enim

210 1397 344 1447 haec
395 1396 511 1447 sola
560 1397 892 1447 strictissimo
947 1414 1106 1447 sensu
1149 1406 1229 1447 est
1285 1397 1482 1448 iustitia
1524 1398 1592 1462 (n.
1645 1398 1789 1462 142),
1844 1397 1915 1448 ita
1956 1397 2118 1448 etiam

210 1478 385 1529 solum
441 1479 715 1529 obiectum
770 1480 945 1529 eidem
1002 1480 1433 1546 correspondens
1489 1487 1571 1530 est
1626 1480 1704 1530 ius
1760 1480 2121 1547 propriissima

210 1562 538 1628 acceptione.
609 1560 969 1612 Nihilominus
1007 1561 1188 1628 aliquo
1229 1579 1387 1612 sensu
1428 1563 1601 1613 minus
1629 1563 1849 1629 proprio
1877 1562 2122 1629 adaptari

212 1653 392 1711 potest
431 1644 588 1694 etiam
630 1644 749 1705 iuri,
805 1645 952 1711 quod
996 1645 1383 1711 correspondet
1423 1644 1534 1695 aliis
1573 1645 1855 1711 speciebus
1894 1645 2121 1695 iustitiae

212 1728 566 1777 communiter
605 1726 795 1788 dictae,
838 1728 1150 1793 praesertim
1191 1728 1416 1777 iustitiae
1457 1726 1616 1793 legali
1656 1736 1709 1777 et
1737 1727 2117 1778 distributivae.

209 1809 297 1859 Ius
324 1810 549 1859 iustitiae
577 1809 779 1874 legalis
807 1809 1012 1859 definiri
1040 1818 1245 1876 potest:
1276 1809 1531 1875 facultas
1570 1809 1803 1860 moralis
1838 1810 2119 1860 communi-

209 1892 338 1941 tatis
367 1892 646 1957 peafectae
683 1909 716 1941 a
746 1891 1001 1941 membris
1027 1893 1139 1942 suis
1165 1892 1423 1957 exigendi
1446 1910 1529 1953 ea,
1571 1910 1707 1958 quae
1732 1892 1839 1942 sibi
1863 1893 1944 1942 ad
1945 1892 2119 1959 finem

209 1991 362 2024 suum
389 1982 511 2023 sunt
533 1974 870 2037 necessaria,·
899 1974 977 2024 ius
1004 1992 1130 2024 vero
1159 1975 1385 2024 iustitiae
1413 1975 1823 2025 distributivae:
1855 1975 1938 2024 ius
1964 1992 2120 2025 mem-

211 2057 430 2107 brorum
483 2057 876 2107 conmunizitatis
915 2058 1222 2122 perfectae,
1277 2066 1335 2107 ut
1386 2057 1567 2108 habita
1617 2058 1964 2124 proportione
2011 2044 2142 2107 non*

211 2140 412 2190 maiora
451 2139 510 2188 iis
551 2156 713 2190 onera
748 2140 1104 2206 imponantur,
1149 2157 1311 2206 quam
1338 2157 1522 2190 eorum
1550 2140 1686 2189 vires
1715 2139 1848 2190 ferre
1876 2147 2116 2206 possunt,

213 2231 266 2272 et
306 2222 373 2271 de
414 2221 569 2272 bonis
610 2223 985 2272 communibus
1024 2240 1122 2289 pro
1164 2223 1367 2272 ratione
1407 2223 1577 2272 meriti
1617 2222 1894 2288 accipiant.

216 2388 362 2440 229.
479 2376 655 2428 Sclcel.
689 2393 736 2428 2.
806 2377 911 2427 Iuri
931 2395 1144 2445 semper
1166 2377 1553 2444 correspondet
1574 2376 1832 2443 obligatio
1860 2377 1910 2426 in
1933 2376 2117 2437 altero,

214 2460 337 2525 quia
392 2468 473 2510 est
528 2460 751 2510 facultas
792 2460 1035 2522 moraliS,
1096 2477 1259 2527 quam
1314 2459 1398 2510 alii
1453 2477 1748 2526 agnoscere
1803 2468 1857 2510 et
1897 2460 2121 2510 revereri

215 2542 429 2592 debent.
523 2541 691 2593 Secus
746 2544 825 2593 ius
882 2552 1023 2593 esset
1080 2542 1275 2593 inutile.
1368 2540 1513 2607 Quid
1569 2542 1709 2592 enim
1765 2542 1987 2608 prodest
2041 2542 2120 2592 ius

214 2623 521 2690 postulandi
572 2625 640 2675 ab
693 2625 795 2675 alio
837 2625 1063 2691 aliquid,
1122 2625 1164 2674 si
1204 2625 1289 2675 hic
1330 2642 1437 2674 non
1480 2623 1749 2690 obligatur
1789 2624 1856 2673 ad
1898 2624 2119 2674 redden-

216 2704 372 2756 dum?
448 2707 580 2756 Inde
621 2709 858 2774 sequitur
908 2709 989 2757 ius
1030 2707 1319 2757 consistere
1359 2707 1411 2756 in
1454 2706 1708 2756 relatione
1749 2706 2013 2772 quadam,
2066 2707 2118 2756 in

216 2804 321 2854 qua
361 2789 496 2838 sicut
535 2789 586 2838 in
626 2789 738 2839 aliis
790 2789 1134 2840 relationibus
1186 2789 1439 2855 distingui
1495 2797 1748 2855 possunt:
1799 2788 2116 2849 subiectum,

217 2870 624 2920 fundamentum
690 2871 937 2937 (titulus),
1008 2872 1278 2922 terminus.
1361 2870 1656 2921 Subiectum
1727 2878 1808 2920 est
1871 2886 2116 2937 persona,

217 2969 355 3018 quae
394 2953 505 3002 iure
546 2954 785 3019 praedita
840 2963 935 3004 est.
1025 2953 1234 3004 Titulus
1284 2961 1364 3003 est
1414 2952 1544 3003 illud
1597 2953 1823 3013 factum,
1881 2953 1932 3002 vi
1972 2952 2120 3002 cuius

219 3033 395 3100 aliqua
451 3051 532 3084 res
586 3036 637 3084 in
701 3035 982 3086 utilitatem
1051 3035 1186 3085 illius
1248 3051 1509 3102 personae
1571 3034 1821 3101 primario
1877 3034 2120 3084 ordinata

218 3117 421 3166 censeri
449 3116 613 3167 debet
653 3126 706 3166 et
732 3118 783 3166 vi
811 3119 959 3167 cuius
986 3117 1074 3167 illa
1103 3117 1268 3168 habet
1307 3118 1401 3167 iuS.
1467 3116 1753 3166 Terminus
1780 3125 1861 3166 est
1887 3115 2116 3183 duplex:

208 3198 526 3262 personalis
566 3207 619 3248 et
659 3199 1003 3263 materiali&
1054 3199 1197 3266 prior
1237 3209 1318 3249 est
1357 3198 1444 3248 illa
1483 3215 1738 3265 persona,
1791 3199 1844 3248 in
1895 3215 2001 3265 qua
2039 3206 2120 3248 est

221 3279 456 3330 officium
506 3281 601 3330 iuri
653 3281 1107 3347 correspondens,
1165 3281 1428 3347 posterior
1480 3289 1560 3331 est
1615 3297 1698 3330 res
1747 3281 1833 3330 vel
1883 3281 2116 3341 materia,

221 3363 358 3412 circa
399 3378 561 3428 quam
611 3363 691 3412 ius
741 3373 994 3414 versatur.
1064 3363 1164 3414 Sic
1217 3364 1257 3413 si
1298 3363 1483 3413 Petrus
1538 3363 1588 3412 vi
1635 3363 2000 3429 promissionis
2038 3363 2118 3411 ius
