2182 3682
527 182 613 210 LIB.
649 182 696 211 11.
744 181 844 211 CAP.
879 182 946 210 111.
993 182 1056 210 DE
1092 181 1352 210 SOCIETATE
1388 183 1545 212 CIVILI.
1861 189 1963 238 421

77 327 221 381 570.
302 316 506 367 Dicunt
542 317 798 366 722'71l2'7‘um
815 336 831 366 .·

145 414 196 477 a)
237 413 467 463 Infantes
518 431 612 479 per
662 414 833 479 ipsam
884 413 1211 462 nativitatem
1264 413 1373 462 fieri
1425 414 1665 463 membra
1704 416 1971 467 societatis

72 495 402 561 proindeque
440 496 549 544 eius
578 511 734 545 curae
764 495 1038 545 committi.
1096 493 1204 544 Sed
1234 495 1331 544 etsi
1371 503 1542 544 totum
1572 497 1968 559 concederetur,

70 577 192 627 inde
232 577 420 626 inferre
461 593 568 626 non
610 576 789 626 liceret
830 577 1095 626 educandi
1135 577 1214 626 ius
1256 577 1455 626 directe
1492 578 1559 626 ad
1601 579 1970 628 auctoritatem

71 657 344 724 publicam
385 659 661 724 pertinere.
720 657 995 723 Numquid
1038 658 1339 707 auctoritati
1366 658 1446 707 ius
1475 659 1733 725 competit
1774 660 1972 710 directe

71 739 248 789 omnia
306 740 523 805 negotia
585 739 949 789 membrorum
1012 746 1230 789 suor‘um
1291 740 1509 789 curandi
1568 741 1723 790 etiam
1788 751 1973 792 contra

68 821 303 886 ipsorum
367 839 677 887 expressam
742 821 825 871 vel
890 821 1271 871 rationabiliter
1332 831 1732 888 praesumptam
1791 823 1972 873 volun-

69 902 265 953 tatem?
352 903 490 952 Dein
551 903 904 969 respondetur
960 903 1185 953 infantes
1245 903 1354 953 fieri
1410 905 1650 954 membra
1703 906 1973 955 societatis

69 983 230 1034 civilis
270 1002 377 1034 non
417 985 751 1045 immediate,
801 985 897 1035 sed
939 985 1206 1034 mediante
1230 986 1499 1050 familia,
1544 987 1627 1036 cui
1666 988 1972 1037 immediate

70 1074 343 1132 tamquam
383 1067 624 1116 membra
664 1067 976 1128 inseruntur,
1021 1076 1073 1116 et
1115 1068 1197 1117 cui
1239 1085 1423 1117 eorum
1465 1085 1589 1117 cura
1623 1086 1691 1118 eX
1731 1069 1835 1118 fine
1875 1087 1972 1119 suo

69 1147 416 1198 essentialiter
455 1148 727 1198 incumbit.
804 1149 947 1198 «Filii
989 1158 1109 1198 sunt
1150 1149 1348 1215 aliquid
1391 1151 1567 1215 patris,
1603 1191 1610 1200 .
1647 1193 1654 1200 .
1690 1192 1697 1200 .
1743 1152 1973 1217 proprie-

67 1246 169 1295 que
211 1229 357 1295 loqui
396 1230 438 1279 si
467 1229 725 1291 volumus,
769 1248 875 1280 non
910 1231 1007 1297 ipsi
1048 1249 1143 1297 per
1170 1248 1241 1291 se,
1286 1232 1381 1281 sed
1412 1241 1520 1297 per
1547 1233 1971 1283 6071271221727‘2‘512‘4772

65 1311 427 1373 domesticam,
470 1313 521 1361 in
552 1329 657 1378 qua
685 1313 921 1376 generati
950 1322 1085 1373 sunt,
1124 1313 1329 1363 civilem
1358 1314 1538 1364 ineunt
1567 1332 1627 1364 ac
1657 1315 1974 1381 participant

67 1394 410 1443 societatem»
459 1393 587 1457 (Leo
628 1393 799 1451 Xlll,
842 1394 1045 1460 encycl.
1098 1395 1326 1445 «Rerum
1369 1398 1699 1461 novarum»)

140 1497 343 1546 Dicunt
390 1497 445 1560 b)
487 1498 756 1547 societatis
808 1498 1012 1548 bonum
1066 1498 1349 1564 plurimum
1392 1501 1698 1566 dependere
1740 1502 1806 1551 ab
1850 1502 1972 1551 edu-

68 1579 292 1638 catione,
334 1579 456 1628 ideo
499 1579 545 1628 ei
587 1579 846 1629 directum
888 1580 1148 1629 influxum
1192 1582 1242 1630 in
1272 1582 1499 1631 eandem
1539 1592 1845 1648 competere
1888 1585 1972 1633 de-

65 1661 205 1710 bere.
250 1691 322 1696 ———
362 1661 517 1725 Κεφ.
567 1661 689 1711 Hoc
730 1670 1105 1727 argumentum
1147 1664 1380 1724 nimium,
1425 1681 1554 1729 ergo
1596 1664 1720 1713 nihil
1763 1667 1970 1731 probat.

68 1741 123 1792 Si
177 1743 404 1792 societas
460 1750 644 1807 posset
701 1744 901 1793 directe
958 1746 1133 1794 omnia
1191 1746 1460 1807 ordinare,
1523 1763 1554 1796 a
1611 1747 1804 1812 quibus
1864 1749 1974 1797 eius

67 1825 272 1874 bonum
323 1824 608 1890 plurimum
661 1826 959 1891 dependet,
1014 1837 1198 1893 posset
1251 1830 1429 1877 omnia
1479 1829 1821 1879 subditorum
1864 1830 1973 1880 iura

67 1907 167 1956 sibi
206 1923 470 1972 arrogare,
513 1925 560 1957 v.
593 1924 642 1972 g.
688 1909 1063 1973 praescribere,
1109 1911 1326 1975 quinam
1367 1911 1501 1960 inter
1540 1929 1597 1960 se
1635 1913 1972 1962 matrimonio

66 1989 239 2054 iungi,
294 1989 573 2054 quomodo
614 1990 805 2055 singuli
845 1992 1012 2052 vesci,
1068 1993 1269 2054 vestiri,
1327 1992 1565 2043 habitare
1608 1994 1868 2056 debeant,
1918 2004 1974 2045 ut

68 2070 258 2120 milites
298 2071 625 2121 robustiores
665 2072 975 2134 habeantur,
1020 2083 1120 2123 etc.

141 2172 381 2224 Instant:
423 2175 471 2239 c)
512 2175 839 2226 Auctoritati
880 2177 1014 2227 civili
1056 2179 1315 2244 competit
1351 2178 1538 2228 saltem
1580 2180 1657 2229 ius
1697 2180 1747 2228 in
1777 2181 1969 2241 omnia,

67 2272 202 2321 quae
252 2257 493 2306 societati
545 2258 681 2307 civili
733 2268 855 2309 sunt
911 2261 1221 2310 necessaria.
1304 2262 1476 2326 Atqui
1527 2262 1670 2311 bona
1722 2262 1971 2312 educatio

67 2337 241 2387 eidem
282 2347 362 2388 est
402 2342 712 2392 necessaria.
793 2341 948 2408 Ergo
981 2383 988 2391 .
1026 2383 1033 2390 .
1070 2386 1076 2392 .
1120 2375 1193 2379 —
1235 2344 1387 2408 Κεφ.
1471 2343 1795 2394 Auctoritati
1838 2345 1973 2394 civili

65 2419 117 2468 in
158 2421 361 2481 omnia,
405 2438 542 2486 quae
582 2423 680 2488 ipsi
719 2432 840 2473 sunt
882 2425 1203 2486 necessaria,
1256 2427 1515 2492 competit
1554 2427 1632 2475 ius
1672 2426 1861 2476 saltem
1902 2427 1972 2475 in-

67 2500 325 2552 directum
367 2511 418 2552 et
457 2505 827 2555 subsidiarium
871 2507 939 2570 (n.
991 2508 1142 2572 567),
1188 2525 1354 2568 conat,
1407 2509 1485 2557 ius
1528 2509 1812 2570 directum,
1860 2509 1970 2558 snb-

65 2584 221 2634 dz'st..·
273 2586 316 2634 si
356 2584 568 2636 aliunde
620 2605 716 2653 per
756 2589 858 2637 Dei
912 2590 1302 2654 providentiam
1346 2598 1399 2640 et
1439 2591 1677 2640 instituta
1718 2591 1971 2641 naturalia

64 2683 162 2732 pro
205 2684 330 2716 cura
369 2667 486 2717 talis
526 2669 655 2718 boni
694 2671 966 2735 provisum
1007 2689 1114 2721 non
1154 2673 1235 2733 sit,
1281 2690 1436 2734 cone„
1478 2689 1646 2734 secus,
1690 2691 1836 2739 nego.

138 2770 339 2821 Dicunt
376 2771 431 2836 d)
474 2781 720 2838 parentes
761 2775 971 2824 nomine
1009 2775 1279 2825 societatis
1326 2794 1575 2827 exercere
1616 2795 1808 2827 munus
1849 2778 1969 2827 edu-

66 2853 220 2902 candi
260 2854 492 2919 ideoque
532 2856 773 2906 societati
813 2858 892 2907 ius
933 2875 1049 2907 esse
1077 2858 1453 2908 educationem
1496 2860 1694 2909 directe
1735 2861 1967 2921 curandi,

63 2934 106 2982 si
143 2934 282 2985 velit.
364 2935 473 2986 Sed
526 2936 658 2987 hae'c
710 2939 841 2988 ratio
883 2941 1140 3006 supponit
1181 2939 1367 2990 falsam
1407 2943 1751 2992 sententiam:
1807 2943 1967 2992 socie-

11 3074 14 3077 ,
64 3023 229 3066 tatem
271 3018 477 3068 civilem
530 3035 645 3069 esse
700 3020 901 3071 fontem
945 3023 1184 3071 omnium
1236 3024 1453 3084 iurium,
1509 3024 1703 3090 quibus
1743 3025 1970 3074 societas

65 3097 359 3150 domestica
410 3103 760 3152 constituitur.
852 3104 1074 3154 Familia
1130 3122 1251 3154 cum
1308 3106 1556 3155 omnibus
1611 3107 1715 3156 suis
1770 3107 1968 3157 iuribus

64 3182 416 3232 constitutivis
457 3192 509 3233 et
561 3202 629 3234 eX
670 3186 779 3234 eius
831 3185 936 3235 fine
988 3187 1328 3237 manantibus
1380 3197 1566 3237 natura
1605 3206 1699 3238 sua
1739 3190 1969 3238 anterior

64 3267 144 3311 eSt
192 3270 332 3314 statu
374 3265 534 3326 civili,
590 3267 736 3316 cuius
788 3268 1064 3333 primarius
1118 3269 1234 3318 finis
1276 3278 1355 3319 est
1395 3270 1530 3319 illius
1570 3270 1680 3319 iura
1732 3288 1837 3320 non
1879 3270 1966 3320 ab·

62 3344 293 3406 sorbere,
336 3336 432 3396 sed
473 3349 617 3398 tueri.
