2182 3682
507 172 659 201 CAPUT
692 172 720 201 Ι.
772 172 834 200 DE
870 171 980 199 FINE
1014 170 1194 199 ULTIMO
1228 170 1447 199 HOMINIS.
1899 174 1932 223 9

32 309 412 378 perfectionem
455 308 633 372 magni
673 307 993 366 aestimetur,
1038 305 1283 355 laudetur
1311 313 1410 355 etc.
1468 304 1649 355 Gloria
1678 306 1933 356 objectiva

37 388 485 455 (fundamentalis)
540 397 619 437 est
671 388 889 453 quaevis
940 387 1218 453 perfectio,
1276 395 1495 452 propter
1542 404 1701 452 quam
1748 387 1935 454 aliquis

35 472 416 531 aestimatione,
460 459 657 530 amore,
701 469 858 518 laude
899 468 1091 533 dignus
1120 468 1192 518 fit.
1261 467 1349 518 Sic
1378 467 1597 534 pulchra
1624 477 1797 518 statua
1824 470 1937 535 ipsa

35 570 129 603 sua
158 544 484 619 perfectione
513 551 747 600 ostendit
775 544 1147 600 eXcellentiam
1175 549 1403 599 artificis.
1461 549 1643 599 Gloria
1675 551 1938 600 obiectiva

38 643 222 685 natura
261 650 355 683 sua
394 634 464 683 ad
507 633 780 682 formalem
823 632 1094 681 ordinatur
1134 648 1360 696 eamque
1401 649 1497 696 pro
1539 631 1642 680 fine
1682 632 1860 682 habet.

115 731 159 780 3.
204 715 422 781 Duplex
463 732 622 781 porro
658 713 931 764 ordinatio
960 713 1193 763 lcomz'm's
1221 713 1458 779 infinem
1489 712 1732 763 ultimum
1761 715 1937 764 distin-

39 798 250 865 guenda
291 805 396 847 est:

112 881 162 943 a)
203 887 429 944 externa
471 887 524 928 et
553 878 787 943 passiva
829 895 897 927 ex
937 877 1231 927 intentione
1273 877 1551 938 creatoris,
1608 878 1698 943 qui
1736 876 1940 927 homini

35 962 318 1011 terminum
360 961 591 1026 aliquem
632 959 942 1026 praestituit,
986 960 1037 1008 in
1079 975 1240 1025 quem
1281 957 1559 1008 ultimatim
1602 960 1941 1025 operationes

38 1060 158 1093 suas
199 1043 376 1108 aliquo
419 1043 585 1092 modo
628 1042 854 1108 dirigere
896 1041 1084 1103 debet,

114 1125 170 1190 b)
212 1125 425 1175 interna
466 1133 519 1174 et
559 1124 758 1183 activa,
799 1140 904 1189 qua
935 1123 1101 1173 homo
1129 1122 1228 1171 sibi
1269 1123 1382 1188 ipse
1423 1122 1941 1193 propriasvoluntate

43 1207 272 1273 aliquem
314 1206 473 1256 finem
514 1205 755 1255 ultimum
796 1205 1042 1272 praefigit
1084 1214 1136 1255 et
1177 1205 1414 1255 actiones
1433 1194 1576 1255 &suas
1612 1192 1668 1254 ¹in
1710 1205 1940 1255 eundem

44 1289 266 1338 ordinat.

116 1371 175 1419 In
216 1370 456 1420 thesibus
497 1370 844 1435 sequentibus
886 1369 953 1418 de
994 1368 1109 1419 sola
1149 1370 1323 1435 priore
1353 1370 1688 1419 ordinatione
1717 1370 1938 1434 agimus.

114 1466 163 1515 4.
218 1452 409 1502 Thesis
475 1451 639 1501 habet
703 1452 780 1501 IV
843 1460 1045 1517 partes:
1116 1453 1166 1500 in
1220 1452 1255 1501 Ι.
1314 1452 1608 1517 generatim
1659 1452 1943 1501 asserimus

44 1535 224 1584 Deum
277 1551 392 1584 esse
452 1533 613 1583 finem
665 1534 913 1583 absolute
969 1533 1209 1583 ultimum
1264 1534 1501 1583 omnium
1554 1543 1938 1595 creaturarum;

45 1618 96 1666 in
147 1616 209 1666 II.
264 1616 544 1665 asserimus
600 1615 760 1664 finem
812 1616 901 1681 qui
952 1615 1193 1665 ultimum
1247 1633 1361 1665 esse
1413 1616 1516 1665 Dei
1569 1615 1794 1681 gloriam
1846 1633 1940 1665 seu

49 1699 226 1748 Deum
282 1697 716 1763 glorificandum;
781 1698 832 1746 in
886 1697 973 1747 ΠΙ.
1034 1705 1086 1746 et
1138 1697 1230 1747 IV.
1291 1699 1461 1762 magis
1526 1698 1942 1748 determinamus

47 1781 294 1841 modum,
350 1797 457 1846 quo
511 1788 783 1829 creaturae
836 1780 903 1829 ad
945 1780 1047 1829 Dei
1100 1779 1324 1843 gloriam
1377 1789 1433 1829 ut
1490 1780 1649 1829 finem
1702 1780 1943 1830 ultimum

44 1863 367 1913 ordinantur.

44 1997 101 2051 7-
207 2004 372 2043 PARS
394 2005 425 2042 I.
470 2006 607 2043 Deus
642 2007 723 2043 est
752 2004 865 2042 finis
900 2005 1124 2043 absolute
1153 2005 1344 2042 ultimus
1372 2005 1578 2043 omnium
1605 2008 1942 2043 creaturarum.

121 2107 286 2154 Prob.
327 2121 368 2154 1.
454 2107 602 2169 Deus
654 2107 704 2156 in
758 2107 961 2163 mundo
1016 2107 1249 2156 creando
1303 2106 1486 2156 debuit
1526 2107 1724 2156 habere
1766 2106 1940 2155 finem.

46 2188 214 2253 Atqui
264 2188 380 2238 finis
431 2188 676 2239 absolute
727 2189 942 2239 ultimus
993 2188 1124 2238 alius
1177 2206 1292 2238 esse
1334 2207 1441 2238 non
1483 2189 1655 2255 potuit
1696 2189 1792 2238 nisi
1832 2189 1945 2254 ipse

46 2269 210 2319 Deus.
291 2260 445 2336 Erga
486 2271 636 2320 Deus
677 2280 758 2320 est
798 2270 915 2320 finis
955 2270 1202 2320 absolute
1242 2270 1455 2320 ultimus
1497 2280 1868 2321 creaturarum.

120 2351 277 2401 Prob.
324 2353 449 2402 mai.
533 2351 710 2403 Omne
763 2369 955 2418 agens,
1013 2353 1203 2403 saltem
1256 2352 1572 2419 intellegens
1625 2362 1677 2404 et
1717 2354 1944 2419 sapiens,

45 2434 155 2499 agit
196 2443 415 2500 propter
455 2434 630 2485 finem.

120 2515 278 2565 Proh.
323 2517 446 2566 min.
530 2517 674 2566 Finis
726 2516 943 2567 ultimus
995 2516 1159 2567 habet
1215 2518 1474 2567 rationem
1528 2518 1724 2568 obiecti
1765 2517 1947 2584 princi-

49 2597 183 2663 palis
233 2616 330 2664 pro
372 2607 582 2667 agente.
663 2599 837 2665 Atqui
877 2599 1148 2649 obiectum
1188 2599 1479 2665 principale
1520 2600 1728 2650 divinae
1768 2599 1948 2649 volun-

47 2680 169 2729 tatis
221 2697 328 2730 non
380 2689 560 2746 potest
614 2698 731 2731 esse
783 2682 880 2731 nisi
930 2682 1046 2748 ipsa
1086 2682 1297 2732 bonitas
1339 2682 1529 2732 divina.
1611 2682 1751 2731 Nam
1792 2699 1950 2748 appe-

46 2760 191 2810 tibile
257 2762 415 2827 (finis)
484 2772 822 2829 comparatur
890 2764 958 2813 ad
1029 2763 1360 2814 voluntatem
1415 2766 1549 2814 sicut
1606 2782 1826 2814 movens
1881 2765 1947 2813 ad

49 2852 270 2894 motum.
352 2843 407 2895 Si
462 2845 622 2910 igitur
677 2845 886 2895 divinae
939 2844 1230 2896 voluntatis
1284 2845 1427 2896 aliud
1484 2855 1623 2896 esset
1678 2847 1948 2896 obiectum

52 2925 338 2992 principale
402 2943 563 2992 quam
629 2928 745 2993 ipsa
801 2928 976 2977 divina
1031 2928 1268 2989 bonitas,
1327 2937 1467 2978 esset
1521 2928 1718 2994 aliquid
1775 2928 1950 2978 divina

50 3006 324 3058 voluntate
375 3010 639 3074 superius,
695 3009 844 3075 quod
895 3027 1013 3059 eam
1065 3017 1329 3073 mov1eret3
1387 3011 1441 3060 id
1483 3011 1631 3076 quod
1673 3018 1948 3076 repugnat.

54 3088 127 3153 (S.
181 3090 385 3152 ΝΟΜ,
429 3090 486 3141 C.
532 3100 676 3157 gent.
719 3091 749 3141 l.
803 3105 844 3152 Ι,
888 3109 931 3142 c.
978 3093 1087 3156 74.)

128 3172 291 3219 Prob.
331 3187 374 3220 2.
449 3171 505 3222 Si
544 3173 694 3222 Deus
734 3191 842 3223 non
883 3182 1023 3224 esset
1053 3174 1169 3223 finis
1197 3173 1443 3224 absolute
1471 3173 1683 3223 ultimus
1712 3174 1947 3223 omnium

54 3268 254 3314 rerum,
309 3271 483 3327 neque
524 3262 665 3304 esset
704 3255 974 3321 perfectus
1015 3256 1263 3305 dominus
1305 3256 1608 3305 earundem.
1689 3255 1861 3320 Atqui
1895 3256 1949 3304 id

55 3344 333 3400 repugnat.
413 3336 566 3402 Ergo
614 3378 621 3386 .
667 3379 674 3386 .
724 3378 731 3385 .
