2182 3682
208 188 315 236 402
614 187 729 216 PARS
763 187 811 216 ΙῘ.
863 187 1176 217 PHILOSOPHIA
1211 188 1412 217 MORALIS
1448 189 1698 219 SPECIALIS.

209 322 527 373 efformabat
565 324 879 373 societatem
921 323 1155 387 civilem3
1208 324 1388 390 Moysi
1428 325 1776 391 competebat
1815 325 1895 375 ius
1935 324 2112 391 gladii,

205 404 286 455 ius
326 404 452 455 belli
491 406 712 472 gerendi
753 413 851 456 etc.
921 406 1072 456 Idem
1103 407 1188 457 dic
1218 407 1286 457 de
1313 407 1518 473 integra
1546 414 1723 473 gente,
1767 425 1903 474 quae
1930 407 2114 458 relicto

206 488 382 553 priore
436 489 700 538 territorio
757 507 863 538 una
918 507 1040 539 cum
1097 507 1224 556 rege
1279 507 1377 561 s-uo
1433 491 1484 539 in
1536 490 1664 540 alias
1715 490 1872 540 sedes
1923 491 2115 556 migrat

207 570 274 634 (v.
319 587 368 636 g.
402 570 609 632 Hunni,
654 571 913 633 Vandali,
960 572 1049 638 qui
1088 572 1187 622 sub
1229 572 1443 638 regibus
1483 573 1589 622 suis
1629 572 1729 623 sibi
1769 589 1910 623 nova
1950 573 2115 623 domi-

205 651 322 702 cilia
362 653 727 719 quaerebant).

278 741 530 791 Alterum
578 760 705 792 vero
759 760 829 791 eX
880 742 1098 792 historia
1149 742 1443 794 luculenter
1501 744 1855 794 demonstrari
1916 753 2109 811 potest.

204 822 382 889 Quam
435 825 665 891 primum
719 826 861 874 enim
913 835 1102 891 gentes
1154 827 1223 876 ad
1275 826 1517 876 altiorem
1557 826 1698 876 vitae
1750 825 1948 876 cultum
2001 845 2114 894 per-

201 907 446 968 veniunt,
502 916 673 957 certas
725 907 970 974 fixasque
1023 908 1180 958 sedes
1231 909 1330 958 sibi
1383 908 1603 975 eligunt.
1656 941 1725 945 —
1766 908 2114 974 Agricultura

201 990 461 1051 nimirum,
492 990 634 1039 varia
671 989 884 1055 opificia
919 998 972 1040 et
1000 991 1311 1056 praesertim
1342 998 1480 1041 artes
1510 990 1753 1041 liberales
1781 999 1833 1041 et
1861 991 2113 1042 scientiae

200 1071 376 1122 excoli
417 1079 702 1138 nequeunt,
748 1073 843 1122 nisi
885 1090 1019 1138 gens
1061 1075 1384 1123 territorium
1415 1074 1827 1124 determinatum
1856 1074 2114 1125 stabiliter

198 1154 422 1218 incolat3
485 1156 649 1204 immo
707 1156 940 1205 evolutio
1001 1156 1250 1222 physica,
1314 1156 1554 1218 moralis,
1617 1156 1835 1223 politica
1889 1157 2026 1207 adeo
2082 1175 2113 1207 a

196 1238 459 1287 territorio
513 1238 810 1304 dependet,
870 1246 928 1287 ut
980 1256 1077 1304 pro
1132 1239 1435 1288 diversitate
1487 1238 1641 1288 huius
1693 1240 1852 1289 etiam
1903 1238 1992 1290 illa
2040 1240 2111 1289 di-

196 1337 347 1369 versa
389 1337 504 1370 esse
543 1320 726 1370 soleat.
758 1351 824 1356 —
856 1320 997 1370 Hinc
1039 1322 1107 1370 ad
1149 1331 1293 1372 recte
1333 1320 1748 1387 intellegendam
1791 1321 2029 1372 indolem
2057 1330 2111 1372 et

196 1403 540 1452 necessitates
599 1403 951 1453 individuales
1011 1403 1228 1454 alicuius
1284 1403 1471 1471 populi
1527 1405 1686 1454 etiam
1743 1404 1983 1454 eiusdem
2040 1405 2109 1454 ad

196 1485 513 1535 territorium
574 1485 757 1535 relatio
819 1486 1207 1536 consideranda
1264 1495 1357 1537 est.
1455 1486 1617 1537 Unde
1671 1486 1863 1536 inferes
1923 1486 2108 1537 falsam

196 1584 312 1618 esse
364 1585 483 1618 eam
535 1568 871 1634 opinionem,
932 1586 1068 1635 quae
1121 1569 1171 1618 in
1225 1570 1530 1636 organismo
1582 1568 1803 1636 politico
1844 1568 1971 1619 nihil
2012 1570 2108 1619 nisi

195 1667 397 1701 meram
437 1650 711 1701 hominum
753 1650 1049 1701 liberorum
1089 1652 1392 1702 socz'elaz‘c‘m
1435 1653 1680 1717 agnoscit
1714 1652 1947 1718 ideoque
1975 1652 2109 1718 prin-

195 1733 298 1799 cipi
337 1733 548 1783 nullam
600 1733 1025 1783 im‘z'sdl'cz‘imlem
1069 1733 1293 1784 localem
1338 1743 1645 1800 competere
1698 1734 1824 1784 dicit
1875 1735 1927 1784 in
1968 1734 2108 1784 terri-

193 1815 402 1865 torium.
491 1814 800 1865 Secundum
860 1815 998 1866 lianc
1058 1817 1365 1882 opinionem
1427 1816 1944 1867 constitutionalismi
1998 1834 2107 1866 mo-

194 1897 342 1947 derni
384 1915 477 1947 rex
518 1915 625 1948 non
667 1915 697 1947 a
737 1898 1014 1960 territorio,
1059 1899 1155 1949 sed
1184 1898 1355 1949 solum
1387 1917 1416 1948 a
1445 1898 1649 1966 populo
1679 1899 2107 1949 denominandus

193 1989 348 2042 esset,
391 1999 438 2030 v.
484 1998 534 2046 g.
579 1999 687 2030 non
729 1998 822 2030 rex
862 1980 1045 2046 Belgii‚
1089 1980 1185 2031 sed
1228 1999 1321 2031 rex
1361 1981 1662 2047 Belgarum.

195 2139 342 2193 537.
422 2129 507 2179 Ex
564 2129 728 2180 altera
768 2147 894 2179 vero
950 2138 1102 2196 parte
1159 2129 1364 2196 duplex
1416 2147 1560 2180 error
1613 2130 1771 2196 priori
1824 2130 2106 2195 oppositus

190 2212 451 2262 vitandus.
521 2213 570 2278 a>
612 2212 834 2263 Primus
875 2229 1059 2262 eorum
1103 2222 1196 2274 est,
1243 2213 1332 2279 qui
1374 2214 1691 2262 territorium
1732 2212 1801 2261 ad
1841 2211 2104 2278 populum

192 2294 470 2345 collective
510 2302 811 2361 spectatum
853 2295 1121 2345 exclusive
1162 2296 1426 2361 pertinere
1468 2296 1665 2346 debere
1706 2295 1905 2356 dicunt,
1948 2295 2018 2344 ita
2047 2303 2105 2344 ut

190 2378 406 2444 privatis
445 2376 789 2428 solummodo
831 2385 1106 2444 competat
1133 2379 1212 2428 ius
1242 2377 1569 2428 ususfructus
1598 2378 1913 2442 (dominium
1940 2375 2101 2442 utile),

191 2459 393 2526 populo
435 2477 560 2510 vero
613 2461 711 2510 toti
759 2461 839 2510 ius
879 2461 1218 2526 proprietatis
1261 2461 1578 2525 (dominium
1619 2460 1918 2524 directum).
1999 2458 2104 2508 Hic

191 2543 331 2612 6111111
372 2542 669 2592 secundum
712 2542 911 2592 multos
953 2543 1019 2607 (v.
1053 2560 1102 2609 g.
1135 2543 1309 2593 Hem:
1350 2542 1578 2608 George)
1620 2559 1808 2592 sensus
1848 2550 1929 2591 est
1966 2540 2102 2591 illius

191 2625 317 2674 dicti
365 2624 516 2674 «lee
545 2624 685 2674 land
704 2633 753 2674 2‘0
781 2625 869 2674 tlte
885 2625 1132 2691 people»,
1176 2626 1205 2675 i.
1238 2642 1282 2675 e.
1329 2625 1475 2675 fundi
1516 2625 1584 2674 ad
1626 2632 1801 2674 totum
1842 2623 2100 2689 populum

189 2707 470 2773 pertinent.
540 2707 745 2757 Unicus
785 2724 970 2756 sensus
1006 2724 1166 2757 sanus
1194 2707 1350 2757 huius
1379 2707 1504 2757 dicti
1534 2724 1650 2756 esse
1678 2714 1885 2772 potest:
1929 2705 2101 2755 Mora-

189 2789 308 2839 liter
346 2787 621 2855 loquendo
659 2788 770 2839 fieri
798 2790 887 2838 vix
915 2798 1111 2855 potest,
1155 2798 1212 2838 ut
1239 2790 1351 2839 sine
1378 2806 1586 2838 summa
1614 2788 1847 2838 laesione
1873 2788 2101 2837 iustitiae

189 2872 424 2921 maxima
464 2889 587 2937 pars
627 2872 884 2933 territorii,
929 2873 1077 2937 quod
1119 2870 1296 2937 aliqua
1337 2889 1469 2937 gens
1508 2870 1795 2932 inhabitat,
1839 2887 1947 2920 non
1987 2887 2099 2936 per-

188 2955 355 3004 tineat
395 2954 463 3004 ad
503 2955 644 3004 varia
686 2954 797 3003 eius
836 2954 1122 3015 individua,
1165 2954 1259 3003 sed
1301 2955 1370 3003 ad
1412 2952 1670 3020 populum
1712 2960 2040 3002 extraneum.

263 3044 319 3108 b)
361 3043 527 3093 Alter
566 3060 710 3092 error
760 3060 943 3092 eorum
997 3051 1103 3103 est,
1159 3044 1247 3108 qui
1288 3044 1368 3092 ius
1408 3042 1685 3109 publicum
1727 3059 1850 3092 cum
1889 3042 2097 3108 privato

189 3125 579 3176 confundentes
621 3126 798 3175 omnia
837 3126 950 3174 iura
989 3125 1286 3191 principum
1327 3126 1400 3174 ita
1438 3125 1508 3175 ab
1547 3125 1829 3190 originario
1860 3124 2098 3173 dominio

189 3208 473 3258 fundorum
527 3208 792 3269 derivant,
847 3214 905 3256 ut
956 3215 1195 3272 potestas
1234 3207 1606 3257 iurisdictionis
1646 3224 1676 3256 a
1715 3207 1826 3255 iure
1866 3205 2098 3272 proprie-

187 3291 310 3340 tatis
347 3291 438 3339 vix
490 3291 697 3340 differat
748 3298 802 3339 et
851 3289 1052 3339 subditi
1102 3290 1305 3339 ratione
1355 3288 1598 3339 territorii
1645 3288 1775 3338 fiant
1815 3288 1963 3354 quasi
2002 3287 2096 3337 ho-

189 3373 356 3422 mines
408 3373 547 3437 regis
601 3373 814 3438 proprii.
896 3371 1136 3421 Favebat
1188 3370 1272 3420 hic
1328 3388 1471 3420 error
1527 3370 1674 3436 regio
1725 3369 2091 3420 absolutismo.
