2182 3682
164 172 275 226 470
563 171 676 200 PARS
711 171 759 202 11.
810 172 1126 203 PHILOSOPHIA
1160 172 1369 202 MORALIS
1404 173 1653 204 SPECIALIS.

165 324 269 356 non
304 316 480 370 potest.
541 310 775 371 Denique
811 325 961 372 saepe
997 310 1324 358 incarceratio
1362 319 1603 373 perpetua
1638 327 1741 359 non
1777 312 2076 360 sufficienter

165 384 285 432 alios
322 400 350 430 a
388 383 593 432 crimine
629 386 882 433 absterret.
953 385 1036 432 Ad
1076 403 1118 444 2,
1157 402 1284 446 nege.
1353 388 1523 433 Poena
1560 394 1632 434 est
1668 402 1729 434 eo
1765 387 1937 446 maior,
1975 404 2075 449 quo

164 459 319 506 maius
367 467 440 506 est
485 460 698 519 bonum,
749 475 847 521 quo
897 461 1068 522 privat.
1142 461 1295 521 Atqui
1343 460 1465 508 sicut
1504 460 1603 509 vita
1651 469 1723 509 est
1767 462 1896 510 inter
1940 465 2075 510 bona

165 534 459 596 temporalia
486 550 767 596 supremum
804 543 851 582 et
879 535 1254 583 fundamentum
1293 544 1569 583 ceterorum
1595 537 1830 599 quodque
1862 538 2075 586 maxime

166 609 227 656 ab
275 609 478 656 homine
527 618 741 668 amatur,
793 611 859 656 ita
907 610 1055 657 etiam
1105 627 1239 658 mors
1289 612 1532 658 malorum
1577 613 1716 659 huius
1763 612 1891 660 vitae
1941 613 2076 661 terri-

162 683 452 731 bilissimum
488 692 560 731 est
598 680 939 746 (φοβερώτατον
969 682 992 729 ὃ
1024 680 1234 735 θάνατος.
1289 686 1508 743 Ανὶςΐθί.,
1547 686 1707 735 Ethic.
1743 687 1826 734 lib.
1854 704 1898 749 3,
1938 705 1979 736 c.
2008 684 2071 749 6).

163 760 314 807 Unde
351 758 526 806 merito
552 760 715 818 virtus,
755 775 882 821 quae
914 759 1127 808 hominis
1164 760 1381 808 animum
1406 763 1567 808 firmat
1603 771 1777 809 contra
1800 762 2074 824 periculum

163 834 357 892 mortis,
403 834 531 881 inter
566 833 766 882 virtutes
811 835 1088 882 cardinales
1125 845 1422 884 recensetur.
1494 836 1631 884 Hinc
1667 837 1814 884 etiam
1849 837 2073 886 videmus

161 908 389 957 homines
414 910 491 956 vel
527 909 655 957 inter
690 909 928 957 maximas
964 910 1184 958 miserias
1221 928 1422 959 omnem
1461 921 1693 959 conatum
1729 912 1983 971 adhibere,
2021 922 2074 962 ut

160 983 325 1041 vitam,
364 992 601 1045 quantum
637 984 742 1031 fieri
778 994 960 1046 potest,
1001 995 1298 1034 conservent
1335 995 1383 1034 et
1418 988 1732 1048 protrahant,
1772 995 1820 1035 et
1856 1003 2073 1035 commu-

161 1058 279 1105 tatio
327 1074 523 1121 poenae
574 1059 743 1106 mortis
794 1060 843 1106 in
896 1077 1114 1123 poenam
1165 1062 1378 1109 carceris
1430 1062 1771 1109 consideratur
1816 1071 2071 1124 tamquam

161 1150 342 1195 magna
377 1134 557 1195 gratia,
608 1151 757 1196 quam
795 1144 841 1182 et
876 1137 981 1198 ipse
1020 1136 1314 1197 delinquens
1363 1145 1410 1184 et
1446 1138 1548 1184 eius
1584 1137 1854 1199 propinqui
1890 1138 2074 1200 efflagi-

160 1216 265 1256 tare
303 1211 463 1257 solent
499 1218 548 1257 et
582 1226 765 1271 magno
803 1211 985 1272 gaudio
1023 1211 1286 1273 accipiunt.

238 1291 369 1339 Fieri
394 1291 595 1352 quidem
635 1301 811 1353 potest,
849 1301 900 1339 ut
937 1293 1206 1354 aliquando
1245 1293 1418 1355 aliquis
1454 1301 1664 1342 mortem
1689 1302 1932 1356 perpetuo
1970 1310 2071 1341 car-

161 1366 261 1413 ceri
297 1367 570 1428 praeferat,
609 1367 697 1414 sed
732 1367 829 1413 hoc
866 1376 939 1414 est
974 1383 1064 1429 per
1101 1368 1361 1427 accidens,
1413 1377 1461 1416 et
1496 1368 1547 1415 in
1583 1369 1773 1431 legibus
1811 1378 1859 1417 et
1893 1369 2069 1431 poenis

160 1442 428 1488 statuendis
465 1442 831 1504 respiciendum
869 1450 941 1489 est
976 1442 1051 1501 id,
1092 1444 1228 1505 quod
1264 1460 1354 1506 per
1391 1459 1442 1491 se
1479 1453 1527 1491 et
1563 1444 1836 1506 generatim
1873 1444 2069 1492 accidit.

159 1516 358 1563 Deinde
406 1517 680 1564 notandum
729 1525 801 1565 est
844 1517 975 1564 aliud
1020 1533 1126 1566 esse
1175 1534 1226 1566 se
1263 1519 1486 1581 periculo
1535 1527 1672 1567 certo
1709 1518 1836 1566 vitae
1883 1527 2071 1567 temere

160 1592 376 1649 obicere,
415 1601 462 1639 et
488 1592 620 1639 aliud
657 1609 685 1639 a
723 1593 954 1640 carnifice
983 1593 1314 1654 ignominiose
1353 1595 1513 1656 capite
1549 1594 1704 1641 minui
1740 1603 1788 1642 et
1818 1603 2073 1655 tamquam

159 1668 437 1714 membrum
473 1667 722 1729 putridum
758 1685 786 1714 a
823 1684 1035 1730 corpore
1074 1669 1320 1716 societatis
1357 1669 1596 1716 abscindi.
1665 1669 1828 1716 Etiam
1864 1669 1948 1724 illi,
1986 1669 2071 1730 qui

159 1743 364 1789 fortasse
401 1742 621 1803 pericula
658 1742 784 1790 vitae
822 1752 1146 1791 contemnunt
1183 1745 1360 1791 eadem
1395 1745 1521 1792 ultro
1560 1744 1813 1801 adeuntes,
1852 1745 1949 1791 hoc
1986 1759 2069 1805 po-

159 1817 331 1864 sterius
368 1816 541 1865 timere
580 1818 751 1865 solent.

241 1921 342 1962 Obi.
377 1934 420 1961 2.
488 1916 815 1976 Praeceptum
857 1917 1002 1963 «Non
1050 1916 1279 1964 occides»
1331 1915 1562 1978 prohibet
1609 1916 1867 1977 quodlibet
1913 1915 2066 1963 homi-

160 1989 356 2037 cidium.
410 1990 563 2051 Atqui
588 1990 771 2038 occisio
797 1991 1012 2038 hominis
1037 2006 1125 2053 per
1163 1991 1506 2038 auctoritatem
1531 1990 1783 2052 publicam
1817 1999 1889 2038 est
1915 1990 2068 2038 homi-

160 2064 357 2112 cidium.
430 2066 568 2125 Ergo
596 2105 603 2113 .
635 2106 642 2113 .
675 2105 682 2113 .

236 2172 388 2220 Resp.
456 2163 587 2209 Dz'st.
625 2165 767 2210 mall:
813 2163 1049 2210 Prohibet
1092 2163 1349 2224 quodlibet
1391 2163 1741 2222 homicidium,
1792 2164 1820 2211 i.
1860 2179 1901 2212 e.
1941 2163 2068 2211 occi-

159 2237 349 2285 sionem
374 2237 587 2285 hominis
613 2238 898 2299 quamlibet,
936 2254 1064 2298 vege,
1105 2238 1409 2286 occisionem
1435 2239 1646 2286 hominis
1671 2239 1914 2297 iniustam,
1949 2254 2064 2286 conc.

165 2313 451 2360 Contradz'st.
492 2315 601 2360 min.

240 2417 342 2458 Obi.
372 2430 415 2467 3·
488 2411 656 2458 Poena
688 2409 944 2457 ordinatur
979 2410 1043 2457 ad
1080 2410 1485 2458 emendationem
1514 2410 1859 2471 delinquentis.
1919 2409 2074 2470 Atqui

159 2484 241 2532 hic
276 2485 386 2531 finis
420 2501 511 2546 per
548 2485 851 2533 occisionem
888 2502 991 2533 non
1029 2485 1291 2532 obtinetur.
1364 2486 1502 2546 Ergo
1540 2484 1723 2532 occisio
1767 2500 1869 2532 non
1905 2492 2070 2546 potest

161 2575 266 2608 esse
304 2575 484 2622 poena.

239 2668 390 2716 Resp.
459 2659 590 2705 Dist.
629 2660 737 2705 mai.
757 2677 771 2706 .·
823 2658 998 2706 Omnis
1041 2674 1207 2720 poena
1255 2658 1508 2705 ordinatur
1555 2657 1619 2704 ad
1665 2655 2068 2704 emendationem

161 2732 506 2794 delinquentis,
545 2748 674 2792 nego,
709 2734 887 2794 aliqua,
923 2749 1038 2781 conc.
1092 2733 1391 2780 Emendatio
1418 2732 1750 2793 delinquentis
1776 2740 1849 2779 est
1871 2746 2068 2793 poenae

162 2809 390 2870 publicae
438 2808 547 2855 finis
595 2808 935 2867 secundarius,
985 2808 1094 2855 finis
1143 2808 1402 2870 primarius
1451 2816 1523 2854 est
1569 2809 1755 2855 bonum
1804 2821 2067 2853 commune

163 2884 382 2931 civitatis.

242 2988 344 3028 obi.
385 3000 428 3038 4.
504 2979 635 3027 Fieri
684 2987 871 3041 potest,
926 2988 977 3026 ut
1028 2979 1202 3040 aliquis
1254 2979 1496 3026 innocens
1545 2996 1574 3026 a
1619 2979 1782 3026 iudice
1835 2977 2069 3025 condem·

160 3063 316 3102 netur.
378 3055 515 3114 Ergo
550 3070 821 3115 numquam
847 3055 962 3101 licet
987 3055 1032 3101 ei
1069 3053 1250 3101 inferre
1287 3056 1472 3101 malum
1495 3069 1694 3116 prorsus
1729 3052 2064 3114 irreparabile,

163 3131 307 3190 quale
344 3138 417 3176 est
451 3145 612 3191 mors;
650 3145 788 3177 secus
825 3137 896 3177 est
932 3129 1219 3191 periculum,
1260 3144 1322 3176 en
1360 3129 1503 3176 alicui
1539 3131 1622 3175 fiat
1657 3127 1832 3175 iniuria
1867 3141 2067 3189 prorsus

161 3204 507 3266 irreparabilis.

239 3302 389 3351 Resp.
423 3313 457 3340 1.
517 3295 808 3354 Retorqueo
834 3301 1176 3355 argumentum
1203 3301 1376 3339 contra
1401 3291 1723 3340 adversarios.
1777 3290 1907 3338 Fieri
1932 3289 2065 3337 enim

160 3376 347 3428 potest,
395 3377 446 3416 ut
493 3369 600 3430 quis
646 3368 888 3416 innocens
932 3368 1000 3427 ‚ad
1036 3375 1331 3430 perpetuum
1377 3383 1632 3425 carcerem
1679 3367 1964 3426 damnetur,
2013 3364 2065 3410 in
