2182 3682
177 167 280 204 XIV
905 161 1091 189 TABULA
1125 160 1358 189 THESEON.

245 303 382 341 XVII.
428 302 559 341 Actus
607 301 778 340 interior
825 300 950 340 etiam
996 314 1046 339 ex
1096 299 1178 339 fine
1227 298 1419 351 accipere
1463 306 1602 351 potest
1647 299 1879 338 bonitatem

173 368 479 409 accidentalem
511 368 790 408 extrinsecam
1147 376 1151 379 ”

246 445 406 484 XVIII.
440 443 604 482 Malitia
626 443 811 482 formalis
843 456 928 481 non
952 450 1012 480 est
1036 441 1187 480 entitas
1215 440 1353 492 aliqua
1374 440 1566 492 positiva,
1601 440 1676 479 sed
1698 440 1878 493 privatio

172 512 438 552 rectitudinis
471 519 645 550 naturae
677 510 873 550 rationali
907 509 949 547 in
983 509 1154 561 agendo
1187 508 1380 555 debitae;
1426 508 1691 560 proindeque
1723 507 1880 547 malitia

173 579 442 632 specificatur
463 578 653 631 proxime
686 579 739 616 ab
773 577 1005 624 honestate,
1042 576 1108 615 cui
1142 575 1384 628 opponitur,
1419 582 1579 614 remote
1613 576 1665 614 ab
1694 575 1878 624 obiecto,

171 654 375 700 quatenus
422 653 594 684 naturae
639 644 833 683 rationali
878 651 923 683 ut
966 644 1024 682 sic
1069 642 1392 682 disconveniens
1437 649 1477 681 et
1521 649 1566 681 ut
1609 642 1692 681 tale
1737 642 1879 695 aliquo

171 715 297 753 modo
329 713 503 753 volitum
537 719 601 751 est
655 742 661 750 .

246 789 364 827 XIX.
399 787 551 826 Nullus
583 795 700 826 actus
732 785 986 824 deliberatus
1019 785 1059 823 in
1094 784 1307 823 individuo
1340 784 1584 823 indifferens
1617 798 1707 824 esse
1739 791 1879 837 potest

247 864 342 902 XX.
384 864 516 902 Actus
549 862 730 901 exterior
762 860 996 900 bonitatem
1030 868 1071 900 et
1103 860 1302 899 malitiam
1334 860 1552 899 formalem
1584 860 1718 899 solum
1751 860 1880 900 habet

171 945 246 983 per
279 930 666 969 denominationem
699 929 971 968 extrinsecam
1004 929 1056 967 ab
1091 935 1185 967 actu
1218 928 1439 974 interiore;
1475 935 1732 980 quapropter
1763 936 1879 968 actus

169 999 347 1038 exterior
369 1011 444 1050 per
475 1011 519 1037 se
553 997 658 1036 nihil
690 997 743 1035 ad
775 997 1005 1036 bonitatem
1037 996 1105 1034 vel
1138 995 1339 1034 malitiam
1372 1002 1488 1035 actus
1520 995 1728 1035 interioris
1760 996 1879 1035 addit

243 1073 360 1112 XXI.
399 1073 587 1111 Virtutes
620 1072 822 1120 morales,
865 1085 971 1124 quae
1004 1072 1058 1109 ad
1092 1084 1355 1110 communem
1388 1084 1508 1109 usum
1540 1070 1774 1122 pertinent,
1822 1070 1878 1109 ita

168 1141 276 1180 inter
308 1154 351 1179 se
386 1140 625 1187 cohaerent,
660 1147 705 1178 ut
734 1153 816 1178 una
848 1139 937 1178 sine
971 1139 1059 1177 aliis
1092 1138 1134 1176 in
1167 1145 1275 1177 statu
1303 1139 1492 1191 perfecto
1517 1138 1662 1177 haberi
1696 1144 1880 1191 nequeat

246 1215 385 1253 XXII.
429 1214 601 1253 Exsistit
632 1214 673 1252 in
706 1215 803 1253 Deo
836 1214 903 1253 lex
936 1223 1108 1253 aeterna

246 1290 405 1328 XXIII.
431 1290 572 1328 Homo
595 1302 671 1341 per
687 1302 827 1327 veram
850 1288 988 1341 legem
1011 1289 1242 1327 naturalem
1260 1288 1481 1340 participat
1502 1288 1640 1340 legem
1663 1294 1877 1327 aeternam

247 1366 403 1404 XXIV.
435 1365 672 1417 obligatio
721 1364 828 1416 legis
877 1346 1075 1403 naturalis
1123 1377 1202 1403 nec
1256 1375 1289 1402 1.
1336 1377 1386 1402 ex
1434 1364 1659 1403 dictamine
1706 1363 1877 1402 rationis

170 1432 384 1486 practicae
429 1438 704 1481 autonomae,
756 1445 835 1470 nec
881 1442 918 1471 2.
965 1445 1015 1470 ex
1065 1431 1357 1471 convenientia
1399 1431 1466 1470 vel
1515 1431 1877 1470 disconvenientia

169 1501 341 1540 actionis
386 1514 478 1539 cum
523 1506 672 1538 natura
710 1499 889 1538 hominis
934 1499 1145 1547 rationali,
1192 1512 1270 1537 nec
1316 1509 1354 1549 3.
1389 1513 1438 1538 ex
1483 1498 1696 1538 essentiali
1739 1512 1878 1538 rerum

170 1568 319 1607 ordine
353 1567 574 1606 ultimatim
608 1567 741 1619 repeti
765 1574 916 1619 potest,
952 1567 1026 1605 sed
1049 1567 1289 1606 immediate
1319 1567 1452 1606 oritur
1480 1581 1531 1606 ex
1553 1566 1771 1605 voluntate
1793 1566 1876 1605 Dei

246 1643 382 1682 XXV.
418 1642 587 1681 Exsistit
618 1642 723 1694 legis
757 1642 956 1681 naturalis
990 1642 1148 1681 sanctio
1180 1641 1222 1679 in
1255 1641 1335 1680 hae
1367 1641 1534 1694 quidem
1567 1641 1649 1679 vita
1681 1654 1767 1680 non
1801 1641 1876 1680 nisi

172 1710 428 1750 insufficiens
473 1719 513 1749 et
559 1710 820 1762 imperfecta,
868 1710 907 1748 in
942 1710 1079 1748 futura
1110 1723 1209 1748 vero
1251 1708 1462 1748 sufficiens
1505 1716 1546 1747 et
1577 1709 1787 1761 perfecta,
1833 1709 1875 1747 in

174 1778 305 1817 ultimi
338 1778 428 1816 finis
462 1778 762 1817 consecutione
794 1777 859 1816 vel
895 1777 1116 1816 amissione
1149 1777 1223 1815 sita

247 1854 404 1892 XXVI.
451 1853 617 1892 Poenae
652 1860 692 1890 et
725 1853 910 1904 praemia
948 1851 1120 1891 alterius
1152 1852 1262 1890 vitae
1297 1865 1381 1891 non
1417 1857 1536 1890 erunt
1569 1865 1646 1903 pro
1680 1852 1876 1891 omnibus

171 1921 375 1973 aequalia,
410 1928 583 1972 utraque
616 1934 716 1959 vero
750 1927 917 1958 aeterna

245 1997 425 2035 XXVII.
462 1996 736 2034 Generaliora
759 1995 866 2046 legis
895 1994 1095 2033 naturalis
1117 2002 1344 2046 praecepta
1369 1995 1421 2032 ab
1446 1994 1614 2033 homine
1636 1995 1875 2046 expeditum

170 2065 342 2103 rationis
376 2077 493 2102 usum
528 2063 712 2102 habente
748 2062 1053 2101 invincibiliter
1086 2062 1270 2113 ignorari
1306 2069 1522 2114 nequeunt

244 2139 444 2177 XXVIII.
470 2139 559 2176 Lex
582 2138 777 2176 naturalis
795 2145 881 2176 tum
905 2137 1132 2176 intrinsece
1156 2144 1241 2175 tum
1265 2136 1498 2175 extrinsece
1522 2136 1791 2175 immutabilis
1813 2143 1876 2176 est

244 2214 402 2251 XXIX.
451 2213 664 2251 Summum
698 2212 803 2264 legis
844 2212 1046 2251 naturalis
1079 2220 1351 2264 praeceptum
1393 2218 1478 2250 est:
1526 2211 1611 2250 Fac
1643 2211 1801 2250 bonum
1834 2219 1874 2251 et

169 2281 307 2319 devita
339 2281 517 2320 malum!

244 2357 381 2395 XXX.
417 2355 569 2393 Omnis
602 2355 668 2394 lex
701 2354 884 2394 humana
918 2355 959 2393 in
994 2355 1089 2407 lege
1122 2354 1300 2393 naturali
1334 2354 1531 2393 fundatur
1597 2386 1602 2392 .

243 2432 403 2470 XXXI.
446 2432 536 2470 Lex
568 2430 758 2482 positiva,
794 2437 838 2468 ut
870 2430 1040 2482 obliget,
1083 2430 1211 2468 debet
1244 2443 1334 2468 esse
1373 2440 1408 2467 1.
1442 2429 1637 2477 honesta,
1683 2441 1720 2468 2.
1755 2429 1871 2477 iusta,

169 2510 207 2549 3.
242 2499 455 2551 possibilis
518 2529 526 2536 .

242 2574 422 2613 XXXII.
469 2575 537 2612 Ad
582 2573 759 2612 honeste
804 2573 1015 2625 agendum
1047 2572 1270 2625 requiritur
1310 2579 1351 2611 et
1391 2571 1545 2611 sufficit
1589 2572 1872 2611 conscientiae

168 2642 376 2681 dictamen
409 2641 799 2693 ultimo-practicum
833 2640 1047 2679 moraliter
1080 2647 1237 2679 certum

242 2716 444 2755 XXXIII.
471 2715 764 2754 Conscientiae
788 2722 903 2753 certo
927 2713 1085 2766 aliquid
1102 2713 1381 2766 praecipienti
1399 2714 1466 2752 vel
1487 2713 1727 2765 prohibenti
1749 2726 1871 2751 unus-

169 2782 345 2835 quisque
390 2783 684 2835 obtemperare
716 2789 901 2829 tenetur,
949 2781 1107 2820 etiamsi
1140 2781 1247 2820 forte
1281 2780 1579 2820 invincibiliter
1611 2793 1788 2820 erronea
1819 2781 1872 2819 sit

242 2861 444 2899 XXXIV.
496 2860 564 2898 Ad
606 2860 786 2899 honeste
831 2860 1044 2912 agendum
1091 2858 1243 2898 suffieit
1286 2858 1487 2898 iudicium
1530 2865 1735 2897 remotum
1777 2871 1870 2910 pro-

167 2928 309 2966 babile
343 2928 395 2966 de
428 2928 602 2967 actionis
636 2928 868 2976 honestate,
903 2927 976 2966 ubi
1011 2928 1062 2966 de
1096 2928 1188 2966 solo
1220 2927 1335 2966 licito
1368 2927 1435 2966 vel
1467 2925 1613 2965 illicito
1647 2926 1782 2978 agitur

241 3011 419 3050 XXXV.
465 3011 535 3049 Ad
567 3010 759 3049 meritum
804 3010 1063 3063 condignum
1108 3011 1149 3048 in
1195 3018 1292 3050 actu
1324 3010 1512 3050 secundo
1555 3008 1775 3061 requiritur
1805 3022 1867 3047 ac>

169 3078 352 3130 ceptatio
386 3091 460 3117 seu
492 3078 714 3130 promissio
748 3092 798 3117 ex
830 3086 949 3130 parte
981 3077 1265 3130 praemiantis,
1302 3091 1387 3116 non
1420 3084 1559 3116 autem
1592 3076 1647 3115 ad
1678 3076 1868 3115 meritum

169 3158 401 3197 congruum

243 3227 442 3267 XXXVI.
487 3228 684 3267 Meritum
717 3229 830 3280 apud
862 3241 935 3267 eos
968 3228 1081 3267 solos
1113 3227 1355 3279 acquiritur,
1391 3227 1540 3279 quibus
1571 3225 1682 3265 actio
1714 3225 1869 3265 emolu-

169 3301 355 3333 mentum
398 3296 534 3343 affert,
581 3296 696 3348 quod
728 3309 813 3335 non
848 3295 977 3335 debet
1010 3295 1267 3334 considerari
1312 3303 1522 3347 tamquam
1565 3293 1773 3332 restitutio
1809 3293 1869 3332 rei

169 3360 286 3400 alteri
319 3363 461 3402 stricto
495 3363 582 3402 iure
617 3377 667 3402 ex
701 3370 919 3403 contractu
953 3363 1120 3402 debitae
1152 3364 1346 3402 mercede
1380 3363 1462 3401 iam
1495 3368 1669 3414 accepta
1723 3392 1730 3400 .

1995 251 2083 291 Pag.

2031 377 2084 415 92

2006 1008 2085 1049 103

2006 1150 2085 1189 114

2004 1225 2080 1265 131

2004 1299 2086 1340 134

2004 1567 2085 1618 136

2005 1786 2082 1829 145

2004 1921 2083 1970 148

2003 2073 2080 2127 ¹5²,

2002 2138 2082 2188 156

2002 2288 2081 2331 Ι59

2001 2355 2080 2393 162

2001 2497 2079 2548 163

1938 2654 1943 2657 ⁴
1999 2640 2080 2678 166

1999 2781 2076 2830 167

1997 2926 2077 2974 169

1994 3143 2074 3182 182

1994 3360 2073 3411 183
