2182 3682
514 174 600 203 LIB.
636 174 682 203 ΙΙ.
731 174 830 202 CAP.
866 173 933 203 111.
980 173 1041 200 DE
1077 172 1336 201 SOCIETATE
1371 174 1529 202 CIVILI.
1851 175 1951 229 375

59 311 113 360 in
164 309 268 358 hoc
322 309 495 374 potius
536 325 697 374 quam
737 308 789 357 in
841 306 930 356 illo
983 307 1226 356 membro
1268 307 1486 357 exsistat
1527 308 1782 373 (Sztarez,
1835 311 1956 361 Def.

61 390 183 440 fidei
223 389 254 438 l.
300 404 346 453 3,
390 407 433 439 c.
481 403 526 450 2,
571 407 618 439 n.
665 400 723 452 7;
767 389 852 438 De
894 388 996 453 leg.
1041 388 1071 438 l.
1118 402 1164 452 3,
1209 405 1252 438 c.
1299 402 1346 450 2,
1390 406 1437 438 n.
1485 390 1552 452 3).
1620 391 1790 456 Atqui
1827 393 1959 443 haec

61 470 191 522 ratio
232 479 312 520 est
350 470 615 520 inefficax.
697 470 852 534 Ergo
884 511 890 518 .
928 512 934 519 .
971 511 978 519 .

133 575 290 626 Proh.
334 576 461 625 min.
543 576 626 625 De
680 575 821 625 facto
875 575 1012 624 enim
1067 574 1311 623 homines
1363 592 1431 624 ex
1483 593 1587 625 una
1631 577 1793 642 stirpe
1845 596 1960 644 pro-

61 658 224 725 geniti
274 656 590 723 plerumque
629 657 782 706 variis
822 655 1046 706 vinculis
1099 655 1383 705 socialibus
1424 665 1476 706 et
1528 659 1697 723 pactis
1749 659 1962 724 privatis

59 741 131 790 ita
156 740 290 788 inter
316 756 373 788 se
401 738 716 804 ligabantur,
761 747 818 787 ut
846 754 1137 803 numquam
1166 746 1343 788 essent
1372 738 1658 788 multitudo
1687 739 1961 791 hominum

61 820 356 887 aequalium
399 829 452 870 et
492 820 985 887 independentium.
1043 819 1167 868 Non
1197 828 1277 869 est
1306 837 1435 886 ergo
1470 821 1752 871 universim
1780 840 1961 873 verum

60 901 257 953 nullam
299 902 455 952 fuisse
496 904 769 962 rationem,
815 919 907 950 cur
947 908 1185 966 potestas
1227 902 1442 967 politica
1482 903 1657 969 potius
1686 904 1774 954 uni
1802 922 1962 971 quam

60 983 207 1035 alteri
247 992 594 1050 competeret.
652 983 954 1053 Patriarcha
994 982 1137 1032 solus
1178 983 1446 1033 moraliter
1486 984 1760 1051 loquendo
1789 1003 1962 1053 capax

60 1075 171 1116 erat
210 1066 278 1115 ad
320 1083 436 1116 eam
479 1065 801 1125 habendam,
844 1064 1031 1114 saltem
1074 1064 1179 1114 hoc
1220 1082 1393 1126 sensu,
1438 1067 1583 1132 quod
1626 1076 1811 1117 contra
1852 1069 1963 1119 eius

58 1148 387 1198 voluntatem
428 1165 586 1197 nemo
629 1165 746 1197 eam
787 1146 985 1196 habere
1026 1155 1250 1212 poterat.

134 1252 298 1299 Prob.
337 1266 381 1313 3.
470 1250 677 1300 Eadem
730 1249 936 1300 theoria
986 1249 1269 1299 historicae
1321 1251 1526 1300 veritati
1580 1260 1632 1301 et
1681 1254 1963 1319 organicae

57 1332 326 1382 societatis
378 1333 567 1397 origini
618 1349 807 1398 parum
860 1349 1156 1397 congruere
1195 1332 1418 1381 videtur.
1501 1333 1777 1399 Quantum
1824 1336 1963 1385 enim

58 1413 290 1470 historia,
335 1414 643 1480 praesertim
683 1430 847 1473 sacra,
892 1412 1096 1463 consuli
1136 1421 1330 1479 potest,
1376 1414 1541 1464 multa
1582 1433 1745 1481 regna
1784 1417 1855 1466 ita
1896 1435 1965 1467 ex

59 1495 263 1546 familiis
304 1495 740 1562 patriarchalibus
779 1495 976 1545 sensim
1006 1504 1121 1545 orta
1148 1504 1285 1556 sunt,
1329 1505 1385 1545 ut
1414 1514 1521 1546 non
1550 1498 1646 1547 nisi
1674 1499 1964 1565 incongrue

57 1578 127 1628 ad
178 1586 396 1644 pactum
438 1576 521 1627 vel
574 1577 891 1628 electionem
943 1595 1041 1643 pro
1095 1577 1413 1643 explicanda
1453 1581 1722 1630 societatis
1764 1582 1965 1647 origine

59 1668 112 1709 et
164 1660 532 1726 designatione
589 1660 880 1726 primigenii
935 1660 1159 1709 subiecti
1216 1661 1497 1726 potestatis
1553 1661 1717 1711 civilis
1772 1664 1963 1713 recurri

61 1741 243 1807 possit.
325 1739 458 1806 Quis
509 1742 649 1791 enim
690 1742 880 1791 dixerit
920 1741 1295 1791 Abrahamum
1336 1742 1419 1792 vel
1461 1742 1591 1793 alios
1631 1744 1827 1794 similes
1878 1764 1964 1812 pa-

62 1824 330 1884 triarchas,
374 1825 464 1890 qui
500 1824 639 1874 bella
668 1824 942 1890 gerebant,
988 1824 1205 1873 foedera
1233 1825 1435 1874 inibant
1464 1843 1586 1875 cum
1614 1826 1725 1876 aliis
1754 1828 1967 1893 populis

62 1914 114 1956 et
155 1906 395 1972 regibus,
450 1923 598 1956 suam
652 1914 975 1972 potestatem
1028 1924 1123 1972 per
1163 1906 1479 1957 electionem
1521 1908 1709 1958 saltem
1750 1911 1965 1959 tacitam

60 1987 399 2038 subditorum
450 2005 664 2038 suorum
718 1987 1000 2038 habuisse?
1078 1988 1200 2038 Hoc
1241 2007 1399 2039 sensu
1451 1998 1576 2056 post
1616 1990 1965 2041 Aristotelem

63 2069 116 2120 S.
157 2069 499 2134 Tlmmas(1n
535 2070 733 2120 IPolit.
780 2069 808 2120 l.
850 2072 921 2135 1):
973 2071 1267 2136 «Regimen
1310 2073 1500 2138 regis»,
1544 2074 1728 2139 inquit,
1778 2092 1967 2140 «super

63 2152 328 2202 civitatem
357 2151 439 2202 vel
481 2161 696 2218 gentem
738 2154 998 2218 processit
1026 2171 1055 2202 a
1096 2154 1349 2218 regimine
1387 2156 1696 2221 antiquioris
1722 2157 1773 2205 in
1803 2157 1966 2207 domo

61 2234 143 2283 vel
182 2235 350 2285 vico.»

137 2338 303 2386 Prob.
341 2352 386 2397 4.
477 2337 535 2386 In
593 2337 835 2388 doctrina
893 2338 1314 2389 adversariorum
1380 2340 1593 2390 difficile
1652 2342 1964 2408 explicatur,

65 2436 156 2470 cur
195 2436 407 2485 semper
447 2428 499 2469 et
538 2420 754 2486 ubique,
797 2421 848 2470 in
890 2430 1147 2486 quantum
1189 2439 1256 2470 ex
1297 2422 1515 2472 historia
1554 2424 1786 2474 iudicare
1828 2425 1965 2487 licet,

64 2502 303 2567 primitus
343 2502 674 2552 inveniantur
715 2502 1077 2564 monarchiae,
1122 2521 1384 2570 nusquam
1428 2506 1801 2568 democratiae,
1846 2525 1966 2558 cum

64 2591 242 2633 tamen
282 2584 408 2649 ipsis
461 2583 748 2634 fatentibus
787 2586 1054 2635 veteribus
1104 2587 1401 2636 secundum
1443 2605 1628 2638 eorum
1670 2590 1966 2639 doctrinam

65 2665 391 2716 democratia
441 2667 508 2716 sit
558 2667 915 2717 immediatius
967 2668 1218 2718 naturalis
1270 2686 1430 2735 quam
1484 2671 1715 2737 reliquae
1768 2672 1968 2722 formae

65 2748 347 2812 regiminis.
428 2748 828 2799 Democratiam
881 2750 1020 2799 enim
1071 2751 1184 2816 ipse
1226 2750 1434 2801 Suara&
1475 2752 1615 2816 (Def.
1671 2754 1793 2803 fidei
1841 2753 1870 2804 l.
1919 2769 1965 2818 3,

66 2846 109 2879 c.
143 2842 190 2890 2,
233 2847 282 2879 n.
314 2830 367 2894 9)
410 2831 658 2880 concedit
699 2849 814 2881 esse
842 2832 963 2882 iuris
992 2833 1240 2883 naturalis
1267 2834 1535 2899 negative,
1577 2853 1684 2885 non
1725 2837 1964 2901 positive,

64 2928 157 2961 seu
196 2911 320 2961 iuris
348 2912 598 2962 naturalis
625 2914 967 2974 concedentis,
1009 2932 1114 2964 non
1157 2917 1544 2982 praecipientis,
1588 2917 1816 2984 reliquas
1843 2935 1968 2968 vero

66 2992 262 3043 formas
302 3011 418 3044 esse
457 2995 766 3061 simpliciter
805 2997 928 3046 iuris
969 2996 1198 3048 humani,

140 3090 416 3142 Praeterea
472 3092 674 3143 debent
731 3093 1011 3144 admittere
1067 3111 1185 3145 eam
1245 3096 1512 3161 regiminis
1572 3097 1797 3147 formam
1853 3114 1968 3147 esse

66 3171 424 3223 immediatius
474 3174 795 3237 naturalem,
851 3194 987 3242 quae
1039 3195 1146 3227 non
1196 3177 1369 3228 solum
1423 3187 1503 3228 est
1559 3179 1827 3228 «omnium
1878 3179 1967 3228 im-

66 3254 478 3320 perfectissima»
514 3256 743 3322 (Suana
782 3257 811 3308 l.
845 3275 888 3310 c.
933 3277 980 3309 n.
1015 3261 1083 3324 8),
1127 3260 1223 3309 sed
1265 3278 1369 3326 qua
1410 3262 1569 3310 etiam
1611 3262 1967 3310 communitas

72 3335 245 3387 «nulla
284 3339 576 3389 mutatione
619 3339 758 3389 facta
796 3340 886 3389 vix
926 3341 999 3390 uti
1039 3349 1249 3407 potest»
1299 3340 1350 3406 (l.
1392 3359 1434 3391 c.
1479 3340 1508 3391 l.
1555 3355 1601 3404 3,
1647 3358 1688 3392 c.
1725 3356 1770 3405 3,
1815 3359 1861 3391 n.
1897 3343 1963 3407 8).
