2182 3682
465 175 551 205 LIB.
587 176 634 205 ΙΙ.
681 175 780 206 CAP.
815 176 876 206 IV.
921 177 983 205 DE
1018 177 1129 206 IURE
1161 177 1583 210 INTERNATIONALI.
1872 184 1974 237 475

85 311 338 361 exsistere
378 319 430 361 et
471 312 711 362 ordinate
744 330 862 362 cum
894 312 1005 362 aliis
1044 314 1172 363 inire
1212 313 1517 378 relationes;
1561 318 1629 366 ad
1671 319 1815 384 quod
1845 337 1980 386 opus

84 399 166 442 est
204 393 467 458 praesidio
508 394 691 443 iurium
732 402 786 444 et
826 393 1138 445 officiorum.

158 476 322 523 Prob.
360 490 404 537 3.
479 475 701 525 Exsistit
736 476 816 525 ius
855 475 1258 526 internationale
1298 477 1583 542 positivum
1621 479 1808 529 saltem
1848 482 1982 532 inter

83 557 319 606 civitates
359 556 541 618 cultas,
584 576 630 608 v.
667 574 717 622 g.
761 558 812 607 in
853 558 1082 624 Europa.
1151 559 1306 624 Ergo
1348 559 1551 609 exsistit
1591 561 1724 611 inter
1764 563 1979 613 easdem

83 638 239 688 etiam
280 639 358 689 ius
398 639 649 690 naturale.

154 720 313 770 Proh.
372 730 534 772 amec.
626 722 862 771 Practice
917 721 1106 771 saltem
1161 721 1265 772 hoc
1321 723 1399 772 ius
1454 723 1739 789 positivum
1795 744 1981 777 omnes

80 812 406 868 agnoscunt,
462 804 702 869 quamvis
742 803 792 852 in
841 803 1044 853 theoria
1096 803 1256 870 aliqui
1307 815 1531 871 negent,
1586 824 1633 855 v.
1678 823 1726 871 g.
1769 807 1870 858 Ed.
1916 810 1982 858 de

80 883 405 945 Hartmann,
460 885 683 936 Lasson.
764 885 835 934 Et
874 902 1027 947 sane,
1083 887 1124 935 si
1165 885 1308 936 nulla
1348 895 1526 936 essent
1571 888 1706 937 inter
1746 889 1983 940 civitates

79 967 190 1016 iura
231 975 284 1016 et
323 967 499 1018 officia
537 967 726 1017 saltem
766 968 1007 1034 positiva,
1059 969 1335 1018 exsisteret
1376 987 1578 1019 merum
1619 970 1697 1020 ius
1738 972 1979 1034 fortioris,

80 1056 133 1098 et
173 1050 503 1114 potentiores
544 1059 764 1116 possent
804 1051 938 1099 iuste
981 1050 1251 1116 quaelibet
1291 1052 1500 1101 audere.

152 1131 311 1181 Proh.
356 1149 489 1182 cons.
572 1132 659 1181 Ius
699 1133 987 1198 positivum
1038 1132 1443 1183 internationale
1493 1151 1600 1183 non
1641 1142 1820 1201 potest
1862 1153 1980 1185 con-

77 1214 260 1263 sistere
311 1214 423 1264 sine
463 1216 572 1264 iure
624 1213 1011 1264 internationali
1053 1214 1287 1265 naturali.
1368 1215 1456 1266 Ius
1497 1216 1635 1266 enim
1675 1215 1805 1266 illud
1847 1219 1981 1284 posi-

77 1296 243 1345 tivum
284 1313 391 1345 non
433 1305 613 1362 potest
654 1297 772 1346 oriri
813 1297 909 1346 nisi
956 1305 1116 1363 pacto
1157 1296 1239 1346 vel
1283 1300 1650 1349 conventione.
1732 1299 1904 1365 Alqm'
1939 1301 1980 1350 si

78 1377 280 1428 nullum
332 1379 488 1428 datur
537 1379 617 1428 ius
668 1378 903 1428 naturale
955 1380 1089 1428 inter
1136 1388 1326 1444 gentes
1367 1381 1578 1446 vigens,
1633 1390 1790 1447 pacta
1830 1383 1981 1432 inter-

77 1460 362 1510 nationalia
402 1461 507 1510 vim
548 1460 748 1510 nullam
789 1461 1004 1510 habent.
1087 1460 1381 1527 Supposito
1424 1463 1592 1524 enim,
1649 1465 1795 1529 quod
1837 1482 1981 1530 prae-

78 1551 294 1609 ceptum
349 1542 611 1593 naturale:
672 1552 829 1609 pacta
881 1560 998 1593 esse
1049 1544 1337 1604 servanda,
1397 1545 1531 1594 inter
1586 1546 1823 1596 civitates
1874 1564 1982 1597 non

77 1624 266 1686 valeat,
311 1626 493 1675 civitas
534 1643 603 1675 ex
629 1643 686 1675 se
727 1643 833 1675 non
875 1633 1055 1692 potest
1083 1643 1139 1675 se
1180 1626 1250 1675 ita
1293 1626 1552 1692 obligare,
1595 1636 1652 1678 ut
1679 1646 1786 1678 non
1815 1631 1983 1695 possit

78 1716 268 1775 postea
319 1725 415 1774 pro
468 1707 616 1757 libitu
663 1725 694 1758 a
734 1716 893 1774 pacto
947 1707 1155 1757 resilire.
1237 1708 1400 1758 Porro
1441 1710 1483 1758 si
1534 1711 1669 1759 inter
1720 1712 1980 1776 quasdam

79 1791 319 1840 nationes
359 1790 504 1855 viget
543 1791 621 1840 ius
661 1789 911 1846 naturale.
955 1791 1099 1855 viget
1141 1791 1275 1840 inter
1316 1809 1503 1841 omnes
1544 1793 1795 1842 civitates.

159 1910 260 1950 Obi.
323 1902 503 1948 Contra
535 1918 718 1961 argum.
748 1915 791 1949 2.
843 1903 985 1961 Quae
1015 1901 1064 1947 in
1090 1903 1184 1948 hoc
1216 1917 1401 1962 argum.
1430 1913 1722 1961 asseruntur,
1762 1915 1984 1966 pugnant

79 1993 190 2025 cum
226 1977 297 2036 iis,
337 1991 463 2038 quae
500 1993 645 2038 supra
682 1973 746 2038 (n.
775 1979 870 2037 478
899 1977 1056 2024 collat.
1087 1992 1197 2023 cum
1223 1993 1269 2024 n.
1298 1994 1409 2036 433,
1438 1973 1485 2038 4)
1524 1978 1653 2025 dicta
1680 1988 1802 2026 sunt.
1854 1981 1980 2027 Nam

78 2052 147 2100 ibi
183 2052 367 2099 dictum
404 2061 474 2099 est
510 2051 756 2099 civitatem
794 2067 898 2098 esse
936 2052 1224 2098 societatem
1252 2053 1533 2112 perfectcmz,
1572 2054 1600 2100 i.
1632 2068 1673 2100 e.
1703 2054 1981 2102 ordinatam

79 2127 144 2174 ad
179 2127 451 2188 perfectam
488 2126 829 2173 sufficientiam
866 2127 993 2173 vitae
1030 2127 1275 2173 humanae
1312 2127 1502 2188 sibique
1548 2128 1872 2176 sufficientem
1919 2131 1983 2177 ad

80 2203 211 2249 hunc
247 2203 411 2249 finem.
462 2201 561 2248 Hic
599 2210 763 2248 autem
800 2200 977 2247 dicitur
1014 2201 1259 2248 civitatem
1298 2201 1388 2248 sibi
1414 2218 1516 2248 non
1543 2203 1779 2250 sufficere.
1830 2205 1980 2264 Ergo.

158 2294 308 2342 Resp.
376 2283 516 2343 Nego
563 2289 724 2330 assert.
797 2283 883 2329 Ad
905 2284 1038 2345 prob.
1077 2284 1180 2330 dist.
1219 2285 1360 2330 mall:
1411 2284 1486 2331 Ibi
1522 2284 1707 2331 dictum
1756 2294 1827 2332 est
1875 2286 1986 2332 civi-

80 2368 228 2406 tatem
266 2373 372 2406 esse
409 2358 499 2405 sibi
537 2358 859 2405 sufficientem
898 2358 961 2404 ad
999 2374 1135 2404 suum
1173 2359 1322 2404 finem
1358 2359 1454 2405 hoc
1491 2374 1661 2418 sensu,
1713 2360 1848 2421 quod
1882 2376 1985 2407 non

80 2433 300 2495 indigeat
346 2433 440 2480 alia
487 2433 746 2490 societate,
799 2432 876 2479 cui
924 2433 1029 2493 ipsa
1076 2442 1127 2479 ut
1173 2434 1450 2479 membrum
1497 2433 1737 2481 inseratur
1786 2444 1832 2482 et
1881 2437 1987 2482 sub-

80 2508 347 2566 ordinetur‚
386 2523 500 2554 conc.
529 2509 655 2564 mai„
694 2507 785 2554 sibi
822 2508 1146 2554 sufficientem
1185 2508 1405 2555 absolute
1443 2509 1531 2555 sub
1570 2510 1705 2555 omni
1742 2519 1983 2572 respectu,

80 2585 146 2631 ita
182 2591 233 2629 ut
267 2598 368 2629 non
406 2582 559 2644 possit
605 2582 829 2643 indigere
867 2582 972 2628 aliis
1016 2582 1329 2629 societatibus
1366 2583 1676 2643 aequalibus,
1727 2599 1840 2644 nego
1875 2586 1983 2632 mai.

82 2667 129 2706 et
166 2658 434 2705 centradz'st.
472 2658 581 2704 min.

821 2760 1148 2800 ARTICULUS
1182 2762 1235 2799 Π.

416 2858 507 2903 DE
547 2858 866 2905 GENTIUM
904 2859 1180 2906 IURlssUS
1218 2860 1307 2905 ET
1345 2858 1645 2906 OFFICHS.

838 2973 1106 3023 THESIS
1145 2975 1230 3022 CI.

88 3069 233 3134 546-
306 3080 446 3136 'Iura
485 3085 541 3126 et
579 3078 761 3126 officia
802 3085 1042 3126 connata
1084 3079 1437 3126 diversarum
1479 3077 1815 3125 societatum
1858 3074 1984 3122 civi-

83 3153 223 3200 lium
261 3161 393 3200 sunt
429 3153 696 3215 aequalia.

160 3258 326 3305 Prob.
384 3255 587 3307 Omnes
627 3257 911 3307 societates
944 3257 1121 3308 civiles
1149 3257 1350 3307 habent
1390 3255 1620 3305 eundem
1648 3253 1824 3314 finem,
1868 3269 1984 3302 ean-

87 3339 212 3392 dem
251 3347 574 3406 potestatem
615 3346 668 3390 et
708 3341 1004 3392 essentiam.
1083 3340 1238 3405 Ergo
1286 3339 1443 3388 etiam
1485 3338 1685 3389 eadem?
1713 3343 1836 3385 sunt
1876 3351 1986 3387 om-v
