2182 3682
234 186 334 239 372
628 185 741 214 PARS
775 185 822 214 II.
876 184 1190 213 PHILOSOPHIA
1223 184 1425 213 MORALIS
1460 185 1711 214 SPECIALIS.

227 320 524 371 transferre.
581 319 890 371 Secundum
920 320 1200 371 Rousseau
1228 339 1354 371 vero
1395 338 1644 387 suprema
1685 330 1926 388 potestas
1961 340 2133 374 essen-

226 402 416 453 tialiter
455 412 508 454 et
547 402 949 453 inalienabiliter
989 403 1192 469 populo
1234 403 1486 454 inhaeret.

300 486 442 536 Hinc
483 500 531 549 4.
576 485 870 536 secundum
899 485 1179 535 Rousseau
1236 484 1470 551 populus
1521 503 1812 552 numquam
1865 494 2133 553 potestate

224 586 471 634 suprema
522 569 712 634 privari
768 576 963 633 potest.
1044 566 1354 618 Secundum
1405 576 1612 618 veteres
1663 586 1790 619 vero
1844 586 2134 619 consensus

225 651 437 717 populi,
494 668 602 716 quo
659 657 901 716 potestas
942 649 1280 711 transfertur,
1336 658 1517 716 potest
1559 667 1674 700 esse
1715 652 2040 701 necessarius
2080 659 2134 702 et

224 741 558 799 praeceptus,
602 732 820 798 quando
861 730 951 781 scl.
996 731 1135 781 iusto
1177 731 1346 793 titulo,
1389 750 1436 783 v.
1469 750 1518 798 g.
1562 734 1614 782 in
1657 732 1815 794 bello,
1858 734 1927 784 ab
1955 733 2133 800 aliqua
2173 715 2182 727 ..

223 832 452 881 persona
493 815 844 865 determinata
884 814 1129 879 exigitur.

302 909 345 962 5.
390 898 678 948 Veteribus
719 896 889 946 forma
929 897 1198 962 regiminis
1239 897 1581 947 monarchica
1622 914 1729 947 non
1757 897 1932 947 minus
1971 897 2040 947 de
2075 914 2133 947 se

222 979 459 1046 legitima
499 989 579 1030 est
620 997 781 1046 quam
824 979 1211 1040 democratica,
1265 980 1430 1029 immo
1484 979 1605 1030 huic
1653 980 1946 1046 generatim
1986 997 2132 1046 prae-

223 1062 466 1124 ferenda3
510 1063 787 1112 Rousseau
829 1061 998 1112 solam
1039 1060 1265 1111 formam
1308 1062 1725 1112 democraticam
1754 1078 1980 1128 eamque
2020 1079 2132 1128 per-

223 1145 417 1196 fectam
458 1154 516 1195 ut
557 1145 849 1211 legitimam
891 1144 1174 1194 admittere
1216 1153 1410 1210 potest.

296 1230 344 1279 6.
388 1227 494 1278 Illis
533 1227 800 1294 principes
840 1228 948 1276 veri
989 1244 1328 1292 possessores
1368 1235 1492 1276 sunt
1532 1243 1813 1292 supremae
1854 1227 2133 1293 potestatis

221 1329 250 1361 a
292 1310 496 1377 populo
533 1318 817 1376 acceptae3
861 1309 1015 1374 proin
1057 1308 1287 1374 populus
1328 1316 1654 1374 potestatem
1682 1327 1790 1358 non
1819 1325 1963 1359 mera
1992 1326 2131 1359 com-

221 1394 496 1454 missione,
560 1393 656 1442 sed
714 1407 838 1441 vera
899 1392 1138 1441 cessione
1199 1392 1248 1440 in
1309 1392 1605 1458 principem
1664 1391 1975 1442 translatam
2034 1408 2131 1457 pro

220 1476 434 1526 arbitrio
475 1475 573 1524 sibi
614 1491 896 1540 reposcere
937 1475 1120 1540 nequit
1162 1472 1419 1538 (Βίωνες,
1474 1475 1560 1524 De
1601 1474 1703 1540 leg.
1748 1473 1835 1525 lib.
1882 1487 1935 1538 3,
1991 1491 2034 1524 c.
2077 1488 2128 1536 4,

220 1577 268 1609 n.
313 1559 383 1623 6).
464 1558 745 1606 Rousseau
789 1565 973 1607 contra
1025 1557 1290 1622 principes
1343 1556 1692 1606 essentialiter
1742 1565 1866 1606 sunt
1917 1557 2130 1606 manda-

219 1642 334 1691 tarii
384 1648 592 1690 tantum
645 1639 857 1706 populi,
913 1656 942 1688 a
983 1656 1089 1705 quo
1148 1657 1244 1705 pro
1298 1639 1513 1689 arbitrio
1565 1639 1785 1689 iudicari
1827 1647 1880 1688 et
1932 1639 2131 1705 deponi

222 1732 463 1790 possunt.

223 1867 368 1922 500.
468 1856 623 1906 Licet
676 1864 853 1905 autem
912 1864 1149 1904 veterum
1211 1856 1474 1905 sententia
1533 1854 1821 1921 plurimum
1881 1855 2042 1905 distet
2100 1873 2130 1905 a

219 1939 424 1990 theoria
477 1938 831 2006 suprematiae
887 1937 1100 2003 populi,
1160 1937 1501 1987 nihilominus
1557 1947 1612 1987 ut
1670 1938 1954 1987 universim
2008 1954 2132 1987 vera

218 2022 551 2072 admittenda
591 2039 698 2070 non
740 2021 962 2070 videtur.

891 2182 941 2230 T
946 2183 1160 2231 HESIS
1199 2183 1449 2229 LXXIX.

297 2297 572 2344 Veterum
612 2295 864 2343 doctrina
913 2297 982 2342 de
1031 2293 1242 2355 origine
1291 2293 1528 2341 civitatis
1577 2308 1680 2354 per
1727 2300 1958 2354 pactum
2009 2293 2130 2341 uni-

218 2371 428 2419 versim
467 2377 523 2418 et
558 2385 661 2431 pro
700 2369 857 2418 omni
896 2384 1029 2417 casu
1056 2384 1190 2416 vera
1216 2382 1342 2415 esse
1369 2383 1483 2416 non
1509 2368 1757 2425 videtur;
1798 2368 1930 2416 hinc
1957 2368 2127 2416 etiam

219 2445 505 2493 immerito
543 2446 855 2492 affirmatur
890 2451 1235 2505 potestatem
1263 2443 1552 2504 politicam
1581 2442 1901 2491 necessario
1930 2450 1985 2490 et
2010 2443 2128 2490 ubi-

220 2536 328 2582 que
364 2520 628 2582 primitus
666 2519 912 2567 residere
949 2533 1127 2580 penes
1163 2525 1348 2566 totum
1386 2519 1693 2579 populum,
1744 2517 1820 2565 ita
1864 2525 1926 2565 ut
1964 2533 2128 2565 num-

220 2611 389 2656 quam
428 2594 606 2656 possit
643 2595 710 2642 ab
746 2594 931 2655 aliquo
957 2593 1212 2654 principe
1238 2593 1383 2640 iuste
1411 2592 1604 2640 haberi
1631 2592 1737 2639 nisi
1762 2592 1924 2641 titulo
1949 2599 2128 2640 trans-

219 2670 439 2718 lationis
475 2684 578 2731 per
615 2682 961 2716 consensum
998 2667 1211 2729 populi.

221 2782 456 2834 (Sc-bissini,
491 2781 647 2819 Philos.
681 2794 781 2819 mor.
817 2781 857 2818 Π
890 2780 989 2828 446.
1053 2781 1098 2818 de
1130 2780 1300 2826 Pascal,
1335 2778 1488 2817 Philos.
1524 2792 1624 2817 mor.
1661 2786 1702 2817 et
1735 2791 1819 2817 soc.
1855 2779 1895 2816 ΙΙ
1933 2788 2012 2828 143
2037 2791 2126 2830 sqq.

574 2849 729 2900 stleyer,
762 2848 942 2886 Institut.
979 2847 1031 2893 11,
1068 2860 1107 2885 n.
1143 2855 1242 2897 405.
1298 2845 1540 2897 Moralphil.
1576 2846 1615 2883 Π
1649 2843 1773 2896 481.)

295 2955 383 3009 St.
429 2955 505 3024 Ω.
594 2971 633 3007 1.
678 2957 803 3006 Non
845 2956 1180 3006 excludimus
1223 2973 1426 3005 omnem
1477 2971 1797 3005 consensum
1849 2953 2127 3003 hominum

220 3042 269 3090 in
323 3040 699 3090 constituenda
749 3038 1005 3105 paulatim
1058 3039 1315 3088 societate
1368 3037 1531 3095 civili,
1592 3037 1688 3087 sed
1740 3035 1913 3086 solum
1964 3035 2127 3085 talem

221 3140 540 3174 consensum
581 3138 841 3187 negamus
870 3137 984 3170 esse
1014 3120 1373 3170 universaliter
1401 3119 1772 3179 necessarium,
1818 3119 1907 3184 qui
1935 3117 2131 3166 habeat
2181 3110 2182 3119 ¹

221 3207 479 3255 rationem
519 3204 626 3254 veri
655 3203 812 3269 paclz'
847 3220 939 3252 seu
982 3210 1279 3252 cmzlraclns
1319 3203 1427 3252 sive
1468 3201 1705 3268 expliciti
1742 3201 1852 3250 sive
1891 3198 2129 3265 impliciti

221 3288 366 3337 circa
408 3286 825 3337 conslitzoemlcmz
868 3284 1152 3334 civitatem.
1236 3283 1541 3334 Consensus
1587 3283 1727 3333 enim
1778 3282 1931 3331 latius
1981 3287 2129 3347 patet

222 3386 382 3435 quam
424 3378 638 3435 pactum
681 3367 763 3417 vel
805 3375 1127 3417 contractus
1198 3365 1252 3416 Si
1294 3365 1493 3415 multae
1535 3364 1762 3415 familiae
1801 3365 1853 3412 in
1894 3362 2125 3413 eundem
