2182 3682
214 172 324 221 400
614 169 728 199 PARS
762 170 810 200 ΙΙ.
863 170 1177 200 PHILOSOPHIA
1211 171 1413 199 MORALIS
1449 171 1699 200 SPECIALIS.

215 314 248 368 5
262 316 362 368 33.
452 320 491 356 Ι.
539 305 723 357 Status
763 307 1096 357 hereditarii

285 409 477 458 iterum
516 411 570 460 in
611 411 744 461 duas
783 412 989 477 species
1029 411 1468 462 subdividuntur:

284 514 334 577 a)
377 512 561 564 Status
611 515 944 565 hereditarii
993 533 1147 565 sensu
1187 516 1458 566 strictiore
1499 517 1815 582 («castes»)‚
1871 515 1966 582 qui
1999 516 2119 567 sola

210 596 421 646 ratione
465 597 751 662 sanguinis
790 606 842 647 et
879 598 1114 663 originis
1153 599 1265 648 sine
1306 607 1551 665 respectu
1593 599 1663 649 ad
1704 599 1860 648 dotes
1912 607 1965 648 et
2015 616 2120 649 me-

208 678 305 728 rita
344 679 643 745 personalia
682 681 753 729 ita
807 680 1252 742 determinantur,
1307 689 1365 730 ut
1417 682 1484 731 ab
1538 699 1645 731 uno
1697 682 1749 730 in
1801 680 1957 730 alium
2013 681 2120 731 fere

207 777 498 826 numquam
550 762 754 811 transiri
805 763 1000 828 possit,
1057 772 1109 812 et
1158 762 1380 828 quilibet
1429 771 1598 813 status
1639 763 1883 812 efformet
1924 780 2119 829 corpus

207 842 275 891 ab
317 842 429 892 aliis
470 844 620 909 quasi
661 844 892 894 alienum
935 853 986 894 et
1025 845 1076 893 in
1105 862 1162 894 se
1192 844 1517 895 conclusum.
1587 845 1864 895 Eiusmodi
1893 862 2119 911 corpora

205 926 513 990 praesertim
569 926 714 992 apud
756 927 919 976 Indos
974 928 1329 993 reperiuntur,
1386 945 1613 994 quorum
1666 926 1874 993 singula
1929 927 2119 978 educa-

205 1007 434 1070 tionem,
490 1025 734 1070 munera,
791 1027 968 1059 mores
1020 1010 1121 1059 sibi
1174 1011 1387 1076 propria
1440 1011 1655 1060 habent.
1737 1011 1925 1076 Itaque
1972 1017 2118 1060 totus

203 1089 289 1140 hic
342 1091 476 1141 ordo
532 1091 639 1141 fere
680 1093 846 1142 *unice
899 1092 1246 1142 traditionum
1302 1093 1695 1143 conservationi
1739 1101 1792 1142 et
1832 1091 2117 1158 privilegiis

204 1172 452 1222 classium
507 1175 837 1240 superiorum
895 1175 1062 1236 favet,
1123 1176 1253 1225 dum
1308 1175 1578 1225 inferiores
1635 1175 1831 1225 classes
1883 1175 1951 1224 ad
2004 1192 2117 1241 per-

202 1264 420 1321 petuam
473 1257 780 1306 servitutem
838 1258 1059 1307 damnat
1111 1267 1164 1307 et
1217 1275 1432 1307 omnem
1486 1257 1593 1307 fere
1641 1274 1988 1324 progressum
2029 1274 2116 1306 ex-

203 1337 384 1388 cludit.
469 1338 601 1389 Orta
641 1340 853 1389 videtur
905 1340 1038 1390 haec
1091 1340 1348 1390 institutio
1401 1341 1685 1406 praecipue
1727 1358 1796 1389 ex
1836 1339 2117 1389 obliterata

202 1421 528 1470 conscientia
581 1422 862 1471 creationis
915 1431 967 1472 et
1019 1423 1332 1488 originariae
1389 1422 1866 1488 consanguinitatis
1906 1422 2116 1488 generis

202 1502 446 1564 humani,
500 1504 646 1553 cuius
687 1503 808 1554 loco
851 1504 1255 1570 mythologicae
1298 1505 1509 1555 fabulae
1548 1504 1881 1554 invaluerunt
1922 1505 2114 1570 cuique

202 1584 354 1635 classi
396 1585 744 1636 essentialiter
786 1587 1049 1637 diversam
1092 1588 1352 1653 originem
1393 1588 1759 1638 attribuentes.

277 1683 333 1747 b)
387 1682 572 1733 Status
630 1684 963 1733 llerea'z'lal‘ii
1016 1702 1171 1733 sensa
1231 1684 1459 1746 latiore,
1523 1682 1707 1750 quales
1762 1684 1956 1749 passim
2019 1700 2114 1749 per

200 1765 491 1831 Europam,
536 1767 847 1832 praesertim
891 1767 1070 1816 medio
1112 1784 1262 1827 aevo,
1309 1766 1656 1816 exsistebant.
1738 1766 1884 1815 Nota
1924 1782 2112 1815 eorum

203 1849 504 1898 distinctiva
543 1858 637 1910 est,
682 1850 829 1915 quod
870 1866 977 1899 non
1021 1858 1129 1898 tam
1172 1848 1441 1899 exclusive
1470 1849 1799 1898 nativitatem
1827 1848 2113 1914 respiciunt

202 1939 254 1980 et
305 1931 571 1996 personali
623 1932 811 1981 merito
865 1931 1083 1997 aliquod
1136 1933 1368 1998 spatium
1422 1932 1489 1981 ab
1542 1931 1786 1981 inferiore
1835 1930 2003 1980 classe
2043 1930 2111 1980 ad

202 2012 443 2063 altiorem
484 2015 795 2080 emergendi
836 2014 1153 2080 relinquunt.
1225 2014 1366 2064 Hinc
1407 2014 1480 2074 fit,
1525 2023 1581 2063 ut
1622 2022 1674 2063 et
1715 2013 1769 2063 hi
1808 2020 1977 2063 status
2016 2021 2112 2062 tra-

202 2095 464 2145 ditionum
501 2097 892 2147 conservationi
934 2098 1127 2162 pariter
1168 2096 1394 2157 faveant,
1438 2113 1536 2146 nec
1566 2104 1746 2146 tamen
1774 2096 2110 2146 moderatum

200 2195 544 2244 progressum
586 2179 743 2245 plane
784 2178 1093 2229 excludunt.

202 2349 348 2403 534.
432 2354 477 2389 2.
523 2339 706 2390 §lalus
746 2359 848 2391 non
890 2341 1231 2391 hereditarii.

272 2443 544 2510 Tempore
587 2446 747 2495 medii
788 2447 903 2495 aevi
945 2445 1052 2495 fere
1095 2446 1293 2511 ubique
1335 2452 1591 2511 quattuor
1631 2444 1844 2494 ordines
1884 2443 2108 2494 sociales

197 2527 641 2577 numerabantur:
692 2526 909 2590 Clesus,
964 2528 1271 2589 Noln‘lz’sas,
1331 2526 1488 2577 Cives
1529 2545 1652 2577 cum
1703 2527 1810 2576 suis
1851 2525 2105 2592 collegiis,

197 2608 429 2670 Rustici,
490 2627 717 2675 quorum
776 2610 860 2659 alii
914 2609 1087 2670 liberi,
1150 2610 1233 2659 alii
1291 2610 1484 2676 glebae
1540 2609 1809 2675 adscripti.
1905 2608 2110 2658 Rustici

197 2699 376 2740 tamen
419 2708 526 2740 non
570 2691 872 2741 formabant
912 2700 1111 2742 statum
1151 2691 1445 2758 politicum,
1492 2692 1613 2757 quia
1653 2690 1796 2740 nulla
1836 2690 2110 2740 habebant

196 2773 306 2823 iura
365 2773 597 2839 politica.
657 2807 728 2811 —-
784 2773 966 2824 Status
1027 2774 1341 2824 clericorum
1401 2783 1588 2840 suapte
1648 2784 1832 2822 natura
1890 2782 2110 2838 propter

197 2855 375 2920 legem
417 2855 708 2906 caelibatus
749 2857 1093 2906 hereditarius
1135 2874 1250 2906 esse
1291 2874 1398 2906 non
1439 2863 1675 2922 poterat3
1719 2854 1903 2921 reliqui
1940 2863 2109 2904 status

197 2937 344 2986 initio
405 2938 624 3004 quidem
684 2938 986 2988 hereditarii
1047 2947 1220 3001 erant;
1289 2938 1546 3005 paulatim
1605 2946 1784 2987 tamen
1844 2936 2108 2986 beneficio

198 3018 498 3079 Ecclesiae,
552 3021 862 3086 praesertim
904 3021 1376 3082 monasteriorum,
1420 3018 1696 3070 intervalla
1734 3018 1954 3068 iuridica
1993 3026 2108 3067 tum

198 3102 334 3150 inter
373 3102 596 3151 rusticos
636 3102 832 3152 liberos
873 3111 925 3151 et
965 3103 1266 3168 adscriptos
1305 3110 1420 3152 tum
1460 3103 1594 3151 inter
1637 3101 1858 3150 rusticos
1886 3108 1940 3150 et
1967 3101 2108 3150 cives

200 3183 600 3243 minuebantur,
655 3185 726 3233 ita
778 3193 834 3233 ut
889 3184 1108 3233 tandem
1163 3184 1270 3234 fere
1322 3183 1438 3234 sola
1489 3183 1740 3233 nobilitas
1791 3182 2108 3232 hereditaria

202 3274 453 3315 maneret.
523 3265 655 3315 Inde
696 3274 811 3315 orta
851 3274 932 3315 est
971 3266 1139 3315 maior
1178 3267 1448 3316 societatis
1490 3264 1772 3326 mobilitas,
1817 3281 1955 3330 quae
1990 3281 2107 3330 pro-

201 3347 402 3412 gressui
460 3346 697 3397 culturae
758 3347 998 3409 favebat,
1060 3348 1359 3397 necessaria
1418 3357 1598 3397 tamen
1653 3345 1940 3396 stabilitate
1996 3363 2104 3396 non
