<?xml version="1.0" encoding="UTF-8"?>
<!DOCTYPE html PUBLIC "-//W3C//DTD XHTML 1.0 Transitional//EN"
    "http://www.w3.org/TR/xhtml1/DTD/xhtml1-transitional.dtd">
<html xmlns="http://www.w3.org/1999/xhtml" xml:lang="en" lang="en">
 <head>
  <title>
</title>
<meta http-equiv="Content-Type" content="text/html;charset=utf-8" />
  <meta name='ocr-system' content='tesseract 3.04.00' />
  <meta name='ocr-capabilities' content='ocr_page ocr_carea ocr_par ocr_line ocrx_word'/>
</head>
<body>
  <div class='ocr_page' id='page_1' title='image "./philosophiamoral00cath_0431.png"; bbox 0 0 2182 3682; ppageno 0'>
   <div class='ocr_carea' id='block_1_1' title="bbox 541 157 1978 212">
    <p class='ocr_par' dir='ltr' id='par_1_1' title="bbox 541 157 1978 212">
     <span class='ocr_line' id='line_1_1' title="bbox 541 157 1978 212; baseline -0.001 -25"><span class='ocrx_word' id='word_1_1' title='bbox 541 159 626 187; x_wconf 93' lang='lat' dir='ltr'>LIB.</span> <span class='ocrx_word' id='word_1_2' title='bbox 661 159 709 188; x_wconf 88' lang='lat'>11.</span> <span class='ocrx_word' id='word_1_3' title='bbox 757 158 856 187; x_wconf 90' lang='lat' dir='ltr'>CAP.</span> <span class='ocrx_word' id='word_1_4' title='bbox 892 159 957 187; x_wconf 91' lang='grc' dir='ltr'><strong>ΙΙΙ.</strong></span> <span class='ocrx_word' id='word_1_5' title='bbox 1006 158 1069 186; x_wconf 89' lang='lat' dir='ltr'>DE</span> <span class='ocrx_word' id='word_1_6' title='bbox 1102 157 1358 186; x_wconf 89' lang='lat' dir='ltr'>SOCIETATE</span> <span class='ocrx_word' id='word_1_7' title='bbox 1392 158 1548 186; x_wconf 88' lang='lat' dir='ltr'>C1V1L1.</span> <span class='ocrx_word' id='word_1_8' title='bbox 1871 158 1978 212; x_wconf 74' lang='lat'>407</span> 
     </span>
    </p>
   </div>
   <div class='ocr_carea' id='block_1_2' title="bbox 84 291 1985 851">
    <p class='ocr_par' dir='ltr' id='par_1_2' title="bbox 84 291 1985 851">
     <span class='ocr_line' id='line_1_2' title="bbox 159 291 1981 358; baseline -0.001 -14"><span class='ocrx_word' id='word_1_9' title='bbox 159 295 210 358; x_wconf 84' lang='lat' dir='ltr'>a)</span> <span class='ocrx_word' id='word_1_10' title='bbox 251 294 521 343; x_wconf 90' lang='lat' dir='ltr'>Honestas</span> <span class='ocrx_word' id='word_1_11' title='bbox 572 310 777 343; x_wconf 87' lang='lat' dir='ltr'>morum</span> <span class='ocrx_word' id='word_1_12' title='bbox 810 293 1069 357; x_wconf 70' lang='lat' dir='ltr'>privata,</span> <span class='ocrx_word' id='word_1_13' title='bbox 1122 292 1231 341; x_wconf 87' lang='lat' dir='ltr'>sive</span> <span class='ocrx_word' id='word_1_14' title='bbox 1282 291 1694 357; x_wconf 90' lang='lat' dir='ltr'>supernaturalis</span> <span class='ocrx_word' id='word_1_15' title='bbox 1745 293 1854 342; x_wconf 84' lang='lat' dir='ltr'>sive</span> <span class='ocrx_word' id='word_1_16' title='bbox 1897 310 1981 343; x_wconf 90' lang='lat' dir='ltr'>na-</span> 
     </span>
     <span class='ocr_line' id='line_1_3' title="bbox 87 373 1982 441; baseline -0.001 -15"><span class='ocrx_word' id='word_1_17' title='bbox 87 376 279 437; x_wconf 87' lang='lat' dir='ltr'>turalis,</span> <span class='ocrx_word' id='word_1_18' title='bbox 324 376 391 425; x_wconf 91' lang='lat' dir='ltr'>ad</span> <span class='ocrx_word' id='word_1_19' title='bbox 433 376 706 441; x_wconf 90' lang='lat' dir='ltr'>proprium</span> <span class='ocrx_word' id='word_1_20' title='bbox 747 373 970 424; x_wconf 82' lang='lat' dir='ltr'>civitatis</span> <span class='ocrx_word' id='word_1_21' title='bbox 1012 373 1172 423; x_wconf 88' lang='lat' dir='ltr'>finem</span> <span class='ocrx_word' id='word_1_22' title='bbox 1213 391 1321 422; x_wconf 94' lang='lat' dir='ltr'>non</span> <span class='ocrx_word' id='word_1_23' title='bbox 1362 374 1616 438; x_wconf 79' lang='lat' dir='ltr'>pertinet:</span> <span class='ocrx_word' id='word_1_24' title='bbox 1661 391 1767 423; x_wconf 93' lang='lat' dir='ltr'>non</span> <span class='ocrx_word' id='word_1_25' title='bbox 1806 384 1982 440; x_wconf 67' lang='lat' dir='ltr'>super-</span> 
     </span>
     <span class='ocr_line' id='line_1_4' title="bbox 86 454 1980 523; baseline -0.001 -16"><span class='ocrx_word' id='word_1_26' title='bbox 86 457 374 511; x_wconf 74' lang='lat' dir='ltr'>naturalis.</span> <span class='ocrx_word' id='word_1_27' title='bbox 405 458 602 523; x_wconf 78' lang='lat' dir='ltr'>quippe</span> <span class='ocrx_word' id='word_1_28' title='bbox 631 474 765 522; x_wconf 93' lang='lat' dir='ltr'>quae</span> <span class='ocrx_word' id='word_1_29' title='bbox 793 473 888 522; x_wconf 90' lang='lat' dir='ltr'>per</span> <span class='ocrx_word' id='word_1_30' title='bbox 915 455 1108 505; x_wconf 78' lang='lat' dir='ltr'>auxilia</span> <span class='ocrx_word' id='word_1_31' title='bbox 1130 454 1385 504; x_wconf 91' lang='lat' dir='ltr'>naturalia</span> <span class='ocrx_word' id='word_1_32' title='bbox 1407 456 1704 520; x_wconf 90' lang='lat' dir='ltr'>comparari</span> <span class='ocrx_word' id='word_1_33' title='bbox 1724 464 1980 521; x_wconf 84' lang='lat' dir='ltr'>nequeat3</span> 
     </span>
     <span class='ocr_line' id='line_1_5' title="bbox 86 537 1981 605; baseline -0.001 -16"><span class='ocrx_word' id='word_1_34' title='bbox 86 556 259 605; x_wconf 91' lang='lat' dir='ltr'>neque</span> <span class='ocrx_word' id='word_1_35' title='bbox 287 538 576 599; x_wconf 68' lang='lat' dir='ltr'>naturalis,</span> <span class='ocrx_word' id='word_1_36' title='bbox 605 556 728 587; x_wconf 90' lang='lat' dir='ltr'>nam</span> <span class='ocrx_word' id='word_1_37' title='bbox 756 538 888 587; x_wconf 91' lang='lat' dir='ltr'>haec</span> <span class='ocrx_word' id='word_1_38' title='bbox 917 537 1156 586; x_wconf 82' lang='lat' dir='ltr'>consistit</span> <span class='ocrx_word' id='word_1_39' title='bbox 1184 538 1416 586; x_wconf 81' lang='lat' dir='ltr'>maxime</span> <span class='ocrx_word' id='word_1_40' title='bbox 1444 538 1494 586; x_wconf 91' lang='lat' dir='ltr'>in</span> <span class='ocrx_word' id='word_1_41' title='bbox 1522 537 1730 586; x_wconf 90' lang='lat' dir='ltr'>actibus</span> <span class='ocrx_word' id='word_1_42' title='bbox 1751 537 1981 598; x_wconf 83' lang='lat' dir='ltr'>internis,</span> 
     </span>
     <span class='ocr_line' id='line_1_6' title="bbox 86 618 1984 686; baseline -0.002 -16"><span class='ocrx_word' id='word_1_43' title='bbox 86 623 154 670; x_wconf 92' lang='lat' dir='ltr'>ad</span> <span class='ocrx_word' id='word_1_44' title='bbox 196 637 333 686; x_wconf 92' lang='lat' dir='ltr'>quos</span> <span class='ocrx_word' id='word_1_45' title='bbox 374 621 683 685; x_wconf 91' lang='lat' dir='ltr'>dirigendos</span> <span class='ocrx_word' id='word_1_46' title='bbox 711 628 763 669; x_wconf 91' lang='lat' dir='ltr'>et</span> <span class='ocrx_word' id='word_1_47' title='bbox 790 621 841 668; x_wconf 82' lang='lat' dir='ltr'>vi</span> <span class='ocrx_word' id='word_1_48' title='bbox 869 619 1273 685; x_wconf 81' lang='lat' dir='ltr'>extorquendos</span> <span class='ocrx_word' id='word_1_49' title='bbox 1300 619 1588 668; x_wconf 81' lang='lat' dir='ltr'>auctoritas</span> <span class='ocrx_word' id='word_1_50' title='bbox 1616 618 1779 668; x_wconf 88' lang='lat' dir='ltr'>civilis</span> <span class='ocrx_word' id='word_1_51' title='bbox 1806 636 1901 684; x_wconf 89' lang='lat' dir='ltr'>per</span> <span class='ocrx_word' id='word_1_52' title='bbox 1928 636 1984 668; x_wconf 89' lang='lat' dir='ltr'>se</span> 
     </span>
     <span class='ocr_line' id='line_1_7' title="bbox 85 699 1985 768; baseline -0.001 -16"><span class='ocrx_word' id='word_1_53' title='bbox 85 704 350 768; x_wconf 81' lang='lat' dir='ltr'>impotens</span> <span class='ocrx_word' id='word_1_54' title='bbox 391 710 496 764; x_wconf 82' lang='lat' dir='ltr'>est3</span> <span class='ocrx_word' id='word_1_55' title='bbox 547 702 669 751; x_wconf 95' lang='lat' dir='ltr'>dein</span> <span class='ocrx_word' id='word_1_56' title='bbox 710 717 816 767; x_wconf 90' lang='lat' dir='ltr'>qua</span> <span class='ocrx_word' id='word_1_57' title='bbox 855 701 972 750; x_wconf 89' lang='lat' dir='ltr'>talis</span> <span class='ocrx_word' id='word_1_58' title='bbox 1013 709 1065 750; x_wconf 92' lang='lat' dir='ltr'>et</span> <span class='ocrx_word' id='word_1_59' title='bbox 1106 700 1308 750; x_wconf 87' lang='lat' dir='ltr'>ratione</span> <span class='ocrx_word' id='word_1_60' title='bbox 1348 701 1426 749; x_wconf 93' lang='lat' dir='ltr'>sui</span> <span class='ocrx_word' id='word_1_61' title='bbox 1466 699 1669 749; x_wconf 89' lang='lat' dir='ltr'>nullum</span> <span class='ocrx_word' id='word_1_62' title='bbox 1709 700 1872 750; x_wconf 90' lang='lat' dir='ltr'>habet</span> <span class='ocrx_word' id='word_1_63' title='bbox 1912 719 1985 751; x_wconf 87' lang='lat' dir='ltr'>re-</span> 
     </span>
     <span class='ocr_line' id='line_1_8' title="bbox 84 782 1982 851; baseline -0.001 -17"><span class='ocrx_word' id='word_1_64' title='bbox 84 793 327 851; x_wconf 90' lang='lat' dir='ltr'>spectum</span> <span class='ocrx_word' id='word_1_65' title='bbox 356 785 423 833; x_wconf 90' lang='lat' dir='ltr'>ad</span> <span class='ocrx_word' id='word_1_66' title='bbox 447 784 649 833; x_wconf 88' lang='lat' dir='ltr'>bonum</span> <span class='ocrx_word' id='word_1_67' title='bbox 674 783 949 850; x_wconf 89' lang='lat' dir='ltr'>publicum</span> <span class='ocrx_word' id='word_1_68' title='bbox 970 782 1152 833; x_wconf 89' lang='lat' dir='ltr'>sociali</span> <span class='ocrx_word' id='word_1_69' title='bbox 1176 782 1552 848; x_wconf 79' lang='lat' dir='ltr'>cooperatione</span> <span class='ocrx_word' id='word_1_70' title='bbox 1574 782 1982 848; x_wconf 88' lang='lat' dir='ltr'>assequendum.</span> 
     </span>
    </p>
   </div>
   <div class='ocr_carea' id='block_1_3' title="bbox 84 900 1992 2444">
    <p class='ocr_par' dir='ltr' id='par_1_3' title="bbox 85 900 1990 1704">
     <span class='ocr_line' id='line_1_9' title="bbox 89 900 1988 966; baseline -0.001 -16"><span class='ocrx_word' id='word_1_71' title='bbox 89 911 233 965; x_wconf 90' lang='lat'><strong>547.</strong></span> <span class='ocrx_word' id='word_1_72' title='bbox 314 901 369 966; x_wconf 85' lang='lat' dir='ltr'>b)</span> <span class='ocrx_word' id='word_1_73' title='bbox 411 901 682 951; x_wconf 88' lang='lat' dir='ltr'>Honestas</span> <span class='ocrx_word' id='word_1_74' title='bbox 711 901 931 966; x_wconf 68' lang='lat' dir='ltr'>publica</span> <span class='ocrx_word' id='word_1_75' title='bbox 973 901 1022 949; x_wconf 92' lang='lat' dir='ltr'>in</span> <span class='ocrx_word' id='word_1_76' title='bbox 1065 918 1129 949; x_wconf 95' lang='lat' dir='ltr'>eo</span> <span class='ocrx_word' id='word_1_77' title='bbox 1171 900 1426 958; x_wconf 79' lang='lat' dir='ltr'>consistit,</span> <span class='ocrx_word' id='word_1_78' title='bbox 1471 908 1527 949; x_wconf 94' lang='lat' dir='ltr'>ut</span> <span class='ocrx_word' id='word_1_79' title='bbox 1567 908 1681 950; x_wconf 91' lang='lat' dir='ltr'>tota</span> <span class='ocrx_word' id='word_1_80' title='bbox 1719 900 1988 950; x_wconf 90' lang='lat' dir='ltr'>societatis</span> 
     </span>
     <span class='ocr_line' id='line_1_10' title="bbox 87 981 1987 1049; baseline -0.001 -16"><span class='ocrx_word' id='word_1_81' title='bbox 87 983 455 1044; x_wconf 82' lang='lat' dir='ltr'>conformatio,</span> <span class='ocrx_word' id='word_1_82' title='bbox 487 992 743 1049; x_wconf 90' lang='lat' dir='ltr'>quantum</span> <span class='ocrx_word' id='word_1_83' title='bbox 774 983 883 1032; x_wconf 83' lang='lat' dir='ltr'>fieri</span> <span class='ocrx_word' id='word_1_84' title='bbox 912 991 1105 1048; x_wconf 90' lang='lat' dir='ltr'>potest,</span> <span class='ocrx_word' id='word_1_85' title='bbox 1146 1000 1253 1031; x_wconf 92' lang='lat' dir='ltr'>non</span> <span class='ocrx_word' id='word_1_86' title='bbox 1281 981 1456 1031; x_wconf 89' lang='lat' dir='ltr'>solum</span> <span class='ocrx_word' id='word_1_87' title='bbox 1484 982 1618 1031; x_wconf 84' lang='lat' dir='ltr'>vitiis</span> <span class='ocrx_word' id='word_1_88' title='bbox 1646 982 1987 1032; x_wconf 92' lang='lat' dir='ltr'>incitamenta</span> 
     </span>
     <span class='ocr_line' id='line_1_11' title="bbox 85 1064 1987 1131; baseline -0.001 -17"><span class='ocrx_word' id='word_1_89' title='bbox 85 1083 191 1115; x_wconf 93' lang='lat' dir='ltr'>non</span> <span class='ocrx_word' id='word_1_90' title='bbox 233 1065 487 1131; x_wconf 90' lang='lat' dir='ltr'>praebeat</span> <span class='ocrx_word' id='word_1_91' title='bbox 527 1074 580 1114; x_wconf 94' lang='lat' dir='ltr'>et</span> <span class='ocrx_word' id='word_1_92' title='bbox 619 1066 865 1115; x_wconf 86' lang='lat' dir='ltr'>virtutem</span> <span class='ocrx_word' id='word_1_93' title='bbox 907 1082 1012 1114; x_wconf 89' lang='lat' dir='ltr'>non</span> <span class='ocrx_word' id='word_1_94' title='bbox 1054 1064 1336 1130; x_wconf 87' lang='lat' dir='ltr'>impediat,</span> <span class='ocrx_word' id='word_1_95' title='bbox 1389 1064 1484 1113; x_wconf 89' lang='lat' dir='ltr'>sed</span> <span class='ocrx_word' id='word_1_96' title='bbox 1534 1064 1710 1129; x_wconf 87' lang='lat' dir='ltr'>potius</span> <span class='ocrx_word' id='word_1_97' title='bbox 1762 1064 1987 1129; x_wconf 82' lang='lat' dir='ltr'>positive</span> 
     </span>
     <span class='ocr_line' id='line_1_12' title="bbox 86 1145 1988 1212; baseline -0.001 -16"><span class='ocrx_word' id='word_1_98' title='bbox 86 1148 153 1197; x_wconf 90' lang='lat' dir='ltr'>ad</span> <span class='ocrx_word' id='word_1_99' title='bbox 181 1148 432 1196; x_wconf 83' lang='lat' dir='ltr'>virtutem</span> <span class='ocrx_word' id='word_1_100' title='bbox 459 1146 651 1196; x_wconf 89' lang='lat' dir='ltr'>alliciat</span> <span class='ocrx_word' id='word_1_101' title='bbox 679 1163 906 1212; x_wconf 88' lang='lat' dir='ltr'>eamque</span> <span class='ocrx_word' id='word_1_102' title='bbox 934 1154 1265 1212; x_wconf 88' lang='lat' dir='ltr'>promoveat.</span> <span class='ocrx_word' id='word_1_103' title='bbox 1314 1145 1465 1195; x_wconf 88' lang='lat' dir='ltr'>Haec</span> <span class='ocrx_word' id='word_1_104' title='bbox 1492 1145 1746 1195; x_wconf 90' lang='lat' dir='ltr'>honestas</span> <span class='ocrx_word' id='word_1_105' title='bbox 1773 1145 1988 1212; x_wconf 92' lang='lat' dir='ltr'>publica</span> 
     </span>
     <span class='ocr_line' id='line_1_13' title="bbox 86 1228 1988 1294; baseline -0.001 -16"><span class='ocrx_word' id='word_1_106' title='bbox 86 1237 227 1279; x_wconf 92' lang='lat' dir='ltr'>certe</span> <span class='ocrx_word' id='word_1_107' title='bbox 269 1229 496 1294; x_wconf 86' lang='lat' dir='ltr'>pertinet</span> <span class='ocrx_word' id='word_1_108' title='bbox 549 1229 616 1277; x_wconf 90' lang='lat' dir='ltr'>ad</span> <span class='ocrx_word' id='word_1_109' title='bbox 660 1229 1002 1279; x_wconf 90' lang='lat' dir='ltr'>condiciones</span> <span class='ocrx_word' id='word_1_110' title='bbox 1043 1229 1276 1277; x_wconf 76' lang='lat' dir='ltr'>maxime</span> <span class='ocrx_word' id='word_1_111' title='bbox 1328 1228 1648 1277; x_wconf 89' lang='lat' dir='ltr'>necessarias</span> <span class='ocrx_word' id='word_1_112' title='bbox 1693 1229 1988 1278; x_wconf 89' lang='lat' dir='ltr'>communis</span> 
     </span>
     <span class='ocr_line' id='line_1_14' title="bbox 86 1309 1990 1376; baseline -0.001 -16"><span class='ocrx_word' id='word_1_113' title='bbox 86 1311 451 1376; x_wconf 90' lang='lat' dir='ltr'>prosperitatis</span> <span class='ocrx_word' id='word_1_114' title='bbox 502 1311 735 1376; x_wconf 92' lang='lat' dir='ltr'>ideoque</span> <span class='ocrx_word' id='word_1_115' title='bbox 788 1328 883 1376; x_wconf 93' lang='lat' dir='ltr'>per</span> <span class='ocrx_word' id='word_1_116' title='bbox 921 1328 978 1360; x_wconf 89' lang='lat' dir='ltr'>se</span> <span class='ocrx_word' id='word_1_117' title='bbox 1020 1311 1290 1360; x_wconf 88' lang='lat' dir='ltr'>obiectum</span> <span class='ocrx_word' id='word_1_118' title='bbox 1336 1309 1580 1376; x_wconf 91' lang='lat' dir='ltr'>publicae</span> <span class='ocrx_word' id='word_1_119' title='bbox 1625 1309 1990 1360; x_wconf 84' lang='lat' dir='ltr'>sollicitudinis</span> 
     </span>
     <span class='ocr_line' id='line_1_15' title="bbox 87 1392 1989 1458; baseline -0.001 -16"><span class='ocrx_word' id='word_1_120' title='bbox 87 1410 202 1442; x_wconf 89' lang='lat' dir='ltr'>esse</span> <span class='ocrx_word' id='word_1_121' title='bbox 244 1392 421 1442; x_wconf 93' lang='lat' dir='ltr'>debet.</span> <span class='ocrx_word' id='word_1_122' title='bbox 489 1393 627 1442; x_wconf 86' lang='lat' dir='ltr'>Nam</span> <span class='ocrx_word' id='word_1_123' title='bbox 664 1393 774 1442; x_wconf 90' lang='lat' dir='ltr'>sine</span> <span class='ocrx_word' id='word_1_124' title='bbox 811 1393 1078 1457; x_wconf 86' lang='lat' dir='ltr'>probitate</span> <span class='ocrx_word' id='word_1_125' title='bbox 1115 1402 1167 1442; x_wconf 92' lang='lat' dir='ltr'>et</span> <span class='ocrx_word' id='word_1_126' title='bbox 1194 1393 1387 1442; x_wconf 75' lang='lat' dir='ltr'>virtute</span> <span class='ocrx_word' id='word_1_127' title='bbox 1422 1409 1597 1458; x_wconf 90' lang='lat' dir='ltr'>neque</span> <span class='ocrx_word' id='word_1_128' title='bbox 1625 1393 1989 1458; x_wconf 92' lang='lat' dir='ltr'>unusquisque</span> 
     </span>
     <span class='ocr_line' id='line_1_16' title="bbox 87 1473 1988 1540; baseline 0 -16"><span class='ocrx_word' id='word_1_129' title='bbox 87 1475 245 1524; x_wconf 87' lang='lat' dir='ltr'>finem</span> <span class='ocrx_word' id='word_1_130' title='bbox 285 1492 439 1524; x_wconf 90' lang='lat' dir='ltr'>suurn</span> <span class='ocrx_word' id='word_1_131' title='bbox 482 1474 726 1523; x_wconf 89' lang='lat' dir='ltr'>ultimum</span> <span class='ocrx_word' id='word_1_132' title='bbox 768 1475 1022 1540; x_wconf 84' lang='lat' dir='ltr'>consequi</span> <span class='ocrx_word' id='word_1_133' title='bbox 1074 1492 1247 1540; x_wconf 90' lang='lat' dir='ltr'>neque</span> <span class='ocrx_word' id='word_1_134' title='bbox 1299 1474 1568 1524; x_wconf 88' lang='lat' dir='ltr'>societatis</span> <span class='ocrx_word' id='word_1_135' title='bbox 1610 1473 1827 1524; x_wconf 88' lang='lat' dir='ltr'>felicitas</span> <span class='ocrx_word' id='word_1_136' title='bbox 1869 1492 1988 1524; x_wconf 93' lang='lat' dir='ltr'>con-</span> 
     </span>
     <span class='ocr_line' id='line_1_17' title="bbox 86 1555 1986 1622; baseline 0 -16"><span class='ocrx_word' id='word_1_137' title='bbox 86 1557 268 1606; x_wconf 88' lang='lat' dir='ltr'>sistere</span> <span class='ocrx_word' id='word_1_138' title='bbox 319 1563 514 1622; x_wconf 91' lang='lat' dir='ltr'>potest.</span> <span class='ocrx_word' id='word_1_139' title='bbox 594 1556 688 1605; x_wconf 85' lang='lat' dir='ltr'>Ad</span> <span class='ocrx_word' id='word_1_140' title='bbox 741 1556 878 1606; x_wconf 92' lang='lat' dir='ltr'>hanc</span> <span class='ocrx_word' id='word_1_141' title='bbox 931 1557 1069 1605; x_wconf 85' lang='lat' dir='ltr'>enim</span> <span class='ocrx_word' id='word_1_142' title='bbox 1127 1557 1406 1622; x_wconf 86' lang='lat' dir='ltr'>requiritur</span> <span class='ocrx_word' id='word_1_143' title='bbox 1460 1557 1681 1617; x_wconf 91' lang='lat' dir='ltr'>iustitia,</span> <span class='ocrx_word' id='word_1_144' title='bbox 1745 1555 1986 1618; x_wconf 89' lang='lat' dir='ltr'>fidelitas,</span> 
     </span>
     <span class='ocr_line' id='line_1_18' title="bbox 88 1637 1758 1704; baseline 0 -16"><span class='ocrx_word' id='word_1_145' title='bbox 88 1639 317 1699; x_wconf 88' lang='lat' dir='ltr'>castitas,</span> <span class='ocrx_word' id='word_1_146' title='bbox 361 1639 703 1688; x_wconf 87' lang='lat' dir='ltr'>oboedientia</span> <span class='ocrx_word' id='word_1_147' title='bbox 745 1655 873 1704; x_wconf 90' lang='lat' dir='ltr'>erga</span> <span class='ocrx_word' id='word_1_148' title='bbox 913 1637 1206 1704; x_wconf 79' lang='lat' dir='ltr'>legitimam</span> <span class='ocrx_word' id='word_1_149' title='bbox 1248 1639 1618 1688; x_wconf 86' lang='lat' dir='ltr'>auctoritatem</span> <span class='ocrx_word' id='word_1_150' title='bbox 1659 1647 1758 1688; x_wconf 94' lang='lat' dir='ltr'>etc.</span> 
     </span>
    </p>

    <p class='ocr_par' dir='ltr' id='par_1_4' title="bbox 84 1720 1992 2444">
     <span class='ocr_line' id='line_1_19' title="bbox 162 1720 1990 1786; baseline 0 -16"><span class='ocrx_word' id='word_1_151' title='bbox 162 1720 343 1770; x_wconf 87' lang='lat' dir='ltr'>Debet</span> <span class='ocrx_word' id='word_1_152' title='bbox 383 1738 512 1786; x_wconf 92' lang='lat' dir='ltr'>ergo</span> <span class='ocrx_word' id='word_1_153' title='bbox 553 1721 841 1770; x_wconf 89' lang='lat' dir='ltr'>auctoritas</span> <span class='ocrx_word' id='word_1_154' title='bbox 893 1720 1054 1770; x_wconf 80' lang='lat' dir='ltr'>civilis</span> <span class='ocrx_word' id='word_1_155' title='bbox 1108 1721 1158 1783; x_wconf 81' lang='lat'>0.)</span> <span class='ocrx_word' id='word_1_156' title='bbox 1200 1721 1485 1786; x_wconf 87' lang='lat' dir='ltr'>impedire,</span> <span class='ocrx_word' id='word_1_157' title='bbox 1541 1721 1826 1786; x_wconf 87' lang='lat' dir='ltr'>quominus</span> <span class='ocrx_word' id='word_1_158' title='bbox 1865 1721 1990 1770; x_wconf 87' lang='lat' dir='ltr'>vitia</span> 
     </span>
     <span class='ocr_line' id='line_1_20' title="bbox 87 1802 1992 1869; baseline 0.001 -17"><span class='ocrx_word' id='word_1_159' title='bbox 87 1804 282 1869; x_wconf 88' lang='lat' dir='ltr'>passim</span> <span class='ocrx_word' id='word_1_160' title='bbox 324 1802 536 1868; x_wconf 92' lang='lat' dir='ltr'>publice</span> <span class='ocrx_word' id='word_1_161' title='bbox 576 1810 880 1867; x_wconf 80' lang='lat' dir='ltr'>grassentur</span> <span class='ocrx_word' id='word_1_162' title='bbox 921 1811 973 1852; x_wconf 90' lang='lat' dir='ltr'>et</span> <span class='ocrx_word' id='word_1_163' title='bbox 1000 1803 1175 1852; x_wconf 86' lang='lat' dir='ltr'>virtuti</span> <span class='ocrx_word' id='word_1_164' title='bbox 1205 1802 1423 1868; x_wconf 86' lang='lat' dir='ltr'>laqueos</span> <span class='ocrx_word' id='word_1_165' title='bbox 1451 1810 1784 1868; x_wconf 84' lang='lat' dir='ltr'>praeparent,</span> <span class='ocrx_word' id='word_1_166' title='bbox 1828 1803 1992 1853; x_wconf 91' lang='lat' dir='ltr'>debet</span> 
     </span>
     <span class='ocr_line' id='line_1_21' title="bbox 85 1884 1990 1950; baseline 0.001 -17"><span class='ocrx_word' id='word_1_167' title='bbox 85 1902 131 1934; x_wconf 84' lang='lat' dir='ltr'>v.</span> <span class='ocrx_word' id='word_1_168' title='bbox 172 1901 221 1949; x_wconf 92' lang='lat' dir='ltr'>g.</span> <span class='ocrx_word' id='word_1_169' title='bbox 267 1884 582 1949; x_wconf 77' lang='lat' dir='ltr'>restringere</span> <span class='ocrx_word' id='word_1_170' title='bbox 623 1885 916 1934; x_wconf 85' lang='lat' dir='ltr'>meretricia</span> <span class='ocrx_word' id='word_1_171' title='bbox 957 1884 1185 1950; x_wconf 85' lang='lat' dir='ltr'>publica,</span> <span class='ocrx_word' id='word_1_172' title='bbox 1229 1884 1514 1950; x_wconf 90' lang='lat' dir='ltr'>prohibere</span> <span class='ocrx_word' id='word_1_173' title='bbox 1554 1884 1710 1935; x_wconf 93' lang='lat' dir='ltr'>ludos</span> <span class='ocrx_word' id='word_1_174' title='bbox 1750 1886 1990 1935; x_wconf 91' lang='lat' dir='ltr'>scenicos</span> 
     </span>
     <span class='ocr_line' id='line_1_22' title="bbox 85 1966 1990 2032; baseline 0.001 -17"><span class='ocrx_word' id='word_1_175' title='bbox 85 1966 413 2027; x_wconf 89' lang='lat' dir='ltr'>obscoenos,</span> <span class='ocrx_word' id='word_1_176' title='bbox 472 1966 757 2032; x_wconf 88' lang='lat' dir='ltr'>impedire,</span> <span class='ocrx_word' id='word_1_177' title='bbox 818 1968 1101 2032; x_wconf 88' lang='lat' dir='ltr'>quominus</span> <span class='ocrx_word' id='word_1_178' title='bbox 1154 1967 1267 2016; x_wconf 86' lang='lat' dir='ltr'>libri</span> <span class='ocrx_word' id='word_1_179' title='bbox 1322 1968 1476 2017; x_wconf 92' lang='lat' dir='ltr'>bonis</span> <span class='ocrx_word' id='word_1_180' title='bbox 1529 1968 1765 2017; x_wconf 88' lang='lat' dir='ltr'>moribus</span> <span class='ocrx_word' id='word_1_181' title='bbox 1816 1969 1990 2018; x_wconf 85' lang='lat' dir='ltr'>nocivi</span> 
     </span>
     <span class='ocr_line' id='line_1_23' title="bbox 84 2047 1989 2116; baseline 0.001 -19"><span class='ocrx_word' id='word_1_182' title='bbox 84 2047 299 2115; x_wconf 92' lang='lat' dir='ltr'>publice</span> <span class='ocrx_word' id='word_1_183' title='bbox 340 2057 568 2098; x_wconf 86' lang='lat' dir='ltr'>veneant</span> <span class='ocrx_word' id='word_1_184' title='bbox 620 2056 718 2098; x_wconf 93' lang='lat' dir='ltr'>etc.</span> <span class='ocrx_word' id='word_1_185' title='bbox 802 2048 1078 2099; x_wconf 85' lang='lat' dir='ltr'>Praeterea</span> <span class='ocrx_word' id='word_1_186' title='bbox 1127 2050 1186 2116; x_wconf 73' lang='grc' dir='ltr'>β)</span> <span class='ocrx_word' id='word_1_187' title='bbox 1229 2050 1352 2115; x_wconf 88' lang='lat' dir='ltr'>quia</span> <span class='ocrx_word' id='word_1_188' title='bbox 1406 2049 1757 2099; x_wconf 88' lang='lat' dir='ltr'>conformatio</span> <span class='ocrx_word' id='word_1_189' title='bbox 1810 2049 1989 2116; x_wconf 89' lang='lat' dir='ltr'>legum</span> 
     </span>
     <span class='ocr_line' id='line_1_24' title="bbox 85 2130 1990 2198; baseline 0.002 -19"><span class='ocrx_word' id='word_1_190' title='bbox 85 2130 368 2196; x_wconf 88' lang='lat' dir='ltr'>plurimum</span> <span class='ocrx_word' id='word_1_191' title='bbox 409 2131 583 2180; x_wconf 93' lang='lat' dir='ltr'>bonos</span> <span class='ocrx_word' id='word_1_192' title='bbox 626 2147 799 2180; x_wconf 90' lang='lat' dir='ltr'>mores</span> <span class='ocrx_word' id='word_1_193' title='bbox 829 2130 1007 2180; x_wconf 72' lang='lat' dir='ltr'>fovere</span> <span class='ocrx_word' id='word_1_194' title='bbox 1048 2130 1130 2181; x_wconf 78' lang='lat' dir='ltr'>vel</span> <span class='ocrx_word' id='word_1_195' title='bbox 1171 2132 1429 2198; x_wconf 90' lang='lat' dir='ltr'>impedire</span> <span class='ocrx_word' id='word_1_196' title='bbox 1458 2140 1653 2197; x_wconf 91' lang='lat' dir='ltr'>potest,</span> <span class='ocrx_word' id='word_1_197' title='bbox 1698 2132 1990 2182; x_wconf 92' lang='lat' dir='ltr'>curandum</span> 
     </span>
     <span class='ocr_line' id='line_1_25' title="bbox 86 2211 1990 2280; baseline 0.002 -19"><span class='ocrx_word' id='word_1_198' title='bbox 86 2220 180 2273; x_wconf 91' lang='lat' dir='ltr'>est,</span> <span class='ocrx_word' id='word_1_199' title='bbox 223 2220 279 2261; x_wconf 93' lang='lat' dir='ltr'>ut</span> <span class='ocrx_word' id='word_1_200' title='bbox 319 2211 466 2277; x_wconf 90' lang='lat' dir='ltr'>leges</span> <span class='ocrx_word' id='word_1_201' title='bbox 509 2211 640 2262; x_wconf 89' lang='lat' dir='ltr'>tales</span> <span class='ocrx_word' id='word_1_202' title='bbox 681 2213 797 2273; x_wconf 86' lang='lat' dir='ltr'>sint,</span> <span class='ocrx_word' id='word_1_203' title='bbox 842 2229 979 2279; x_wconf 90' lang='lat' dir='ltr'>quae</span> <span class='ocrx_word' id='word_1_204' title='bbox 1020 2214 1265 2263; x_wconf 84' lang='lat' dir='ltr'>virtutem</span> <span class='ocrx_word' id='word_1_205' title='bbox 1306 2223 1673 2279; x_wconf 83' lang='lat' dir='ltr'>promoveant.</span> <span class='ocrx_word' id='word_1_206' title='bbox 1743 2214 1990 2280; x_wconf 91' lang='lat' dir='ltr'>Denique</span> 
     </span>
     <span class='ocr_line' id='line_1_26' title="bbox 89 2293 1991 2362; baseline 0.003 -20"><span class='ocrx_word' id='word_1_207' title='bbox 89 2295 133 2361; x_wconf 73' lang='grc' dir='ltr'>γ)</span> <span class='ocrx_word' id='word_1_208' title='bbox 175 2295 429 2360; x_wconf 89' lang='lat' dir='ltr'>quoniam</span> <span class='ocrx_word' id='word_1_209' title='bbox 470 2293 777 2360; x_wconf 77' lang='lat' dir='ltr'>exemplum</span> <span class='ocrx_word' id='word_1_210' title='bbox 819 2296 1220 2360; x_wconf 88' lang='lat' dir='ltr'>magistratuum</span> <span class='ocrx_word' id='word_1_211' title='bbox 1270 2295 1554 2362; x_wconf 86' lang='lat' dir='ltr'>plurimum</span> <span class='ocrx_word' id='word_1_212' title='bbox 1595 2295 1760 2357; x_wconf 77' lang='lat' dir='ltr'>valet,</span> <span class='ocrx_word' id='word_1_213' title='bbox 1816 2296 1991 2347; x_wconf 86' lang='lat' dir='ltr'>officia</span> 
     </span>
     <span class='ocr_line' id='line_1_27' title="bbox 87 2375 1498 2444; baseline 0.002 -19"><span class='ocrx_word' id='word_1_214' title='bbox 87 2376 303 2444; x_wconf 88' lang='lat' dir='ltr'>publica</span> <span class='ocrx_word' id='word_1_215' title='bbox 342 2375 516 2426; x_wconf 89' lang='lat' dir='ltr'>solum</span> <span class='ocrx_word' id='word_1_216' title='bbox 557 2377 677 2426; x_wconf 83' lang='lat' dir='ltr'>viris</span> <span class='ocrx_word' id='word_1_217' title='bbox 719 2377 901 2442; x_wconf 90' lang='lat' dir='ltr'>probis</span> <span class='ocrx_word' id='word_1_218' title='bbox 944 2377 1321 2427; x_wconf 88' lang='lat' dir='ltr'>demandanda</span> <span class='ocrx_word' id='word_1_219' title='bbox 1360 2387 1498 2429; x_wconf 91' lang='lat' dir='ltr'>sunt.</span> 
     </span>
    </p>
   </div>
   <div class='ocr_carea' id='block_1_4' title="bbox 107 2522 1958 2633">
    <p class='ocr_par' dir='ltr' id='par_1_5' title="bbox 107 2522 1958 2633">
     <span class='ocr_line' id='line_1_28' title="bbox 107 2522 1958 2577; baseline 0.001 -13"><span class='ocrx_word' id='word_1_220' title='bbox 107 2522 134 2577; x_wconf 67' lang='grc' dir='ltr'>ξ</span> <span class='ocrx_word' id='word_1_221' title='bbox 169 2536 205 2575; x_wconf 83' lang='lat'>3.</span> <span class='ocrx_word' id='word_1_222' title='bbox 258 2525 417 2574; x_wconf 66' lang='lat' dir='ltr'>QUAE</span> <span class='ocrx_word' id='word_1_223' title='bbox 452 2525 607 2564; x_wconf 74' lang='lat' dir='ltr'><strong>CURA</strong></span> <span class='ocrx_word' id='word_1_224' title='bbox 640 2525 979 2564; x_wconf 82' lang='lat' dir='ltr'>RELIGIONIS</span> <span class='ocrx_word' id='word_1_225' title='bbox 1014 2526 1416 2564; x_wconf 69' lang='lat' dir='ltr'>AUCTORITATI</span> <span class='ocrx_word' id='word_1_226' title='bbox 1451 2527 1627 2565; x_wconf 87' lang='lat' dir='ltr'>CIVILI</span> <span class='ocrx_word' id='word_1_227' title='bbox 1661 2526 1958 2566; x_wconf 72' lang='lat' dir='ltr'><strong>SPECTATO</strong></span> 
     </span>
     <span class='ocr_line' id='line_1_29' title="bbox 488 2591 1589 2633; baseline 0.003 -4"><span class='ocrx_word' id='word_1_228' title='bbox 488 2591 638 2630; x_wconf 82' lang='lat' dir='ltr'>SOLO</span> <span class='ocrx_word' id='word_1_229' title='bbox 675 2592 901 2630; x_wconf 84' lang='lat' dir='ltr'>ORDINE</span> <span class='ocrx_word' id='word_1_230' title='bbox 935 2592 1237 2631; x_wconf 68' lang='lat' dir='ltr'>NATURALI</span> <span class='ocrx_word' id='word_1_231' title='bbox 1270 2593 1589 2633; x_wconf 77' lang='lat' dir='ltr'>INCUMBAT.</span> 
     </span>
    </p>
   </div>
   <div class='ocr_carea' id='block_1_5' title="bbox 90 2702 1988 3106">
    <p class='ocr_par' dir='ltr' id='par_1_6' title="bbox 90 2702 1988 3106">
     <span class='ocr_line' id='line_1_30' title="bbox 742 2702 1324 2752; baseline 0.003 -2"><span class='ocrx_word' id='word_1_232' title='bbox 742 2702 1010 2752; x_wconf 89' lang='lat' dir='ltr'>THESIS</span> <span class='ocrx_word' id='word_1_233' title='bbox 1048 2705 1324 2752; x_wconf 89' lang='lat' dir='ltr'>LXXXV.</span> 
     </span>
     <span class='ocr_line' id='line_1_31' title="bbox 91 2803 1988 2876; baseline 0.002 -17"><span class='ocrx_word' id='word_1_234' title='bbox 91 2803 236 2868; x_wconf 86' lang='lat'><strong>548·</strong></span> <span class='ocrx_word' id='word_1_235' title='bbox 305 2813 491 2860; x_wconf 89' lang='lat' dir='ltr'>Etiam</span> <span class='ocrx_word' id='word_1_236' title='bbox 541 2814 782 2862; x_wconf 86' lang='lat' dir='ltr'>societas</span> <span class='ocrx_word' id='word_1_237' title='bbox 831 2815 1005 2862; x_wconf 89' lang='lat' dir='ltr'>civilis</span> <span class='ocrx_word' id='word_1_238' title='bbox 1054 2831 1162 2876; x_wconf 90' lang='lat' dir='ltr'>qua</span> <span class='ocrx_word' id='word_1_239' title='bbox 1208 2816 1333 2863; x_wconf 86' lang='lat' dir='ltr'>talis</span> <span class='ocrx_word' id='word_1_240' title='bbox 1382 2823 1607 2864; x_wconf 88' lang='lat' dir='ltr'>tenetur</span> <span class='ocrx_word' id='word_1_241' title='bbox 1655 2818 1723 2864; x_wconf 88' lang='lat' dir='ltr'>ad</span> <span class='ocrx_word' id='word_1_242' title='bbox 1772 2817 1988 2864; x_wconf 88' lang='lat' dir='ltr'>cultum</span> 
     </span>
     <span class='ocr_line' id='line_1_32' title="bbox 90 2888 646 2936; baseline 0.004 -2"><span class='ocrx_word' id='word_1_243' title='bbox 90 2888 211 2935; x_wconf 90' lang='lat' dir='ltr'>Deo</span> <span class='ocrx_word' id='word_1_244' title='bbox 250 2888 646 2936; x_wconf 86' lang='lat' dir='ltr'>exhibendum.</span> 
     </span>
     <span class='ocr_line' id='line_1_33' title="bbox 126 2981 1951 3039; baseline 0.003 -17"><span class='ocrx_word' id='word_1_245' title='bbox 126 2981 319 3036; x_wconf 82' lang='lat' dir='ltr'>(Encycl.</span> <span class='ocrx_word' id='word_1_246' title='bbox 354 2984 509 3023; x_wconf 88' lang='lat' dir='ltr'>Leonis</span> <span class='ocrx_word' id='word_1_247' title='bbox 541 2986 648 3023; x_wconf 82' lang='lat' dir='ltr'>XIII</span> <span class='ocrx_word' id='word_1_248' title='bbox 686 2986 947 3025; x_wconf 87' lang='lat' dir='ltr'>«Immortale</span> <span class='ocrx_word' id='word_1_249' title='bbox 979 2986 1106 3025; x_wconf 88' lang='lat' dir='ltr'>Dei».</span> <span class='ocrx_word' id='word_1_250' title='bbox 1167 2988 1371 3035; x_wconf 71' lang='lat' dir='ltr'>fisendive,</span> <span class='ocrx_word' id='word_1_251' title='bbox 1406 2988 1557 3027; x_wconf 85' lang='lat' dir='ltr'>Ethica</span> <span class='ocrx_word' id='word_1_252' title='bbox 1590 2998 1688 3039; x_wconf 85' lang='lat'>390.</span> <span class='ocrx_word' id='word_1_253' title='bbox 1748 2989 1951 3035; x_wconf 37' lang='lat' dir='ltr'>illelllart,</span> 
     </span>
     <span class='ocr_line' id='line_1_34' title="bbox 427 3042 1646 3106; baseline 0.003 -16"><span class='ocrx_word' id='word_1_254' title='bbox 427 3042 624 3104; x_wconf 72' lang='lat' dir='ltr'>L&#39;Eglise</span> <span class='ocrx_word' id='word_1_255' title='bbox 658 3060 699 3091; x_wconf 87' lang='lat' dir='ltr'>et</span> <span class='ocrx_word' id='word_1_256' title='bbox 731 3042 888 3091; x_wconf 72' lang='lat' dir='ltr'>I’Etat3</span> <span class='ocrx_word' id='word_1_257' title='bbox 927 3065 1008 3092; x_wconf 86' lang='lat'>110</span> <span class='ocrx_word' id='word_1_258' title='bbox 1031 3067 1120 3106; x_wconf 92' lang='lat' dir='ltr'>sqq.</span> <span class='ocrx_word' id='word_1_259' title='bbox 1176 3055 1416 3106; x_wconf 81' lang='lat' dir='ltr'>Mor-alphil.</span> <span class='ocrx_word' id='word_1_260' title='bbox 1450 3055 1489 3093; x_wconf 92' lang='lat' dir='ltr'>II</span> <span class='ocrx_word' id='word_1_261' title='bbox 1526 3052 1646 3106; x_wconf 78' lang='lat'>546.)</span> 
     </span>
    </p>
   </div>
   <div class='ocr_carea' id='block_1_6' title="bbox 165 3150 1599 3223">
    <p class='ocr_par' dir='ltr' id='par_1_7' title="bbox 165 3150 1599 3223">
     <span class='ocr_line' id='line_1_35' title="bbox 165 3150 1599 3223; baseline 0.003 -21"><span class='ocrx_word' id='word_1_262' title='bbox 165 3150 253 3202; x_wconf 82' lang='lat' dir='ltr'>St.</span> <span class='ocrx_word' id='word_1_263' title='bbox 298 3151 374 3219; x_wconf 82' lang='lat' dir='ltr'>Q.</span> <span class='ocrx_word' id='word_1_264' title='bbox 456 3154 647 3205; x_wconf 88' lang='lat' dir='ltr'>Thesis</span> <span class='ocrx_word' id='word_1_265' title='bbox 687 3156 821 3206; x_wconf 91' lang='lat' dir='ltr'>haec</span> <span class='ocrx_word' id='word_1_266' title='bbox 861 3164 941 3206; x_wconf 91' lang='lat' dir='ltr'>est</span> <span class='ocrx_word' id='word_1_267' title='bbox 979 3156 1210 3223; x_wconf 90' lang='lat' dir='ltr'>analoga</span> <span class='ocrx_word' id='word_1_268' title='bbox 1250 3157 1386 3207; x_wconf 86' lang='lat' dir='ltr'>thesi</span> <span class='ocrx_word' id='word_1_269' title='bbox 1427 3157 1599 3207; x_wconf 83' lang='lat' dir='ltr'>XLV.</span> 
     </span>
    </p>
   </div>
   <div class='ocr_carea' id='block_1_7' title="bbox 88 3235 1986 3387">
    <p class='ocr_par' dir='ltr' id='par_1_8' title="bbox 88 3235 1986 3387">
     <span class='ocr_line' id='line_1_36' title="bbox 164 3235 1986 3289; baseline 0.004 -8"><span class='ocrx_word' id='word_1_270' title='bbox 164 3235 327 3283; x_wconf 89' lang='lat' dir='ltr'>Prob.</span> <span class='ocrx_word' id='word_1_271' title='bbox 369 3251 411 3284; x_wconf 89' lang='lat'>1.</span> <span class='ocrx_word' id='word_1_272' title='bbox 489 3237 575 3286; x_wconf 79' lang='lat' dir='ltr'>Ex</span> <span class='ocrx_word' id='word_1_273' title='bbox 627 3237 881 3288; x_wconf 88' lang='lat' dir='ltr'>relatione</span> <span class='ocrx_word' id='word_1_274' title='bbox 932 3239 1200 3289; x_wconf 89' lang='lat' dir='ltr'>societatis</span> <span class='ocrx_word' id='word_1_275' title='bbox 1254 3239 1416 3289; x_wconf 87' lang='lat' dir='ltr'>civilis</span> <span class='ocrx_word' id='word_1_276' title='bbox 1468 3240 1536 3289; x_wconf 91' lang='lat' dir='ltr'>ad</span> <span class='ocrx_word' id='word_1_277' title='bbox 1587 3240 1782 3289; x_wconf 89' lang='lat' dir='ltr'>Deum.</span> <span class='ocrx_word' id='word_1_278' title='bbox 1863 3239 1986 3289; x_wconf 91' lang='lat' dir='ltr'>Non</span> 
     </span>
     <span class='ocr_line' id='line_1_37' title="bbox 88 3313 1986 3387; baseline 0.004 -23"><span class='ocrx_word' id='word_1_279' title='bbox 88 3313 269 3366; x_wconf 72' lang='lat' dir='ltr'>solum&#39;</span> <span class='ocrx_word' id='word_1_280' title='bbox 299 3318 493 3384; x_wconf 91' lang='lat' dir='ltr'>singuli</span> <span class='ocrx_word' id='word_1_281' title='bbox 533 3320 792 3382; x_wconf 80' lang='lat' dir='ltr'>homineS,</span> <span class='ocrx_word' id='word_1_282' title='bbox 836 3321 932 3370; x_wconf 88' lang='lat' dir='ltr'>sed</span> <span class='ocrx_word' id='word_1_283' title='bbox 965 3321 1124 3371; x_wconf 86' lang='lat' dir='ltr'>etiarn</span> <span class='ocrx_word' id='word_1_284' title='bbox 1165 3322 1449 3371; x_wconf 88' lang='lat' dir='ltr'>societates</span> <span class='ocrx_word' id='word_1_285' title='bbox 1477 3321 1740 3371; x_wconf 90' lang='lat' dir='ltr'>humanae</span> <span class='ocrx_word' id='word_1_286' title='bbox 1780 3329 1836 3370; x_wconf 91' lang='lat' dir='ltr'>ut</span> <span class='ocrx_word' id='word_1_287' title='bbox 1877 3337 1986 3387; x_wconf 90' lang='lat' dir='ltr'>per-</span> 
     </span>
    </p>
   </div>
  </div>
 </body>
</html>
