2182 3682
2124 0 2164 140 *arat*

203 171 307 223 312
605 169 720 197 PARS
755 169 803 200 ΙΙ.
854 167 1170 198 PHILOSOPHIA
1203 167 1406 198 MORALIS
1442 168 1690 199 SPECIALIS.

2146 293 2157 313 u
2140 207 2162 278 ἰῖ-ιγ,
2134 148 2158 198 ’.ἷὶ,

203 306 413 365 ferendi,
452 315 610 354 cessat
646 314 759 367 post
794 315 1020 365 mortem,
1059 313 1173 353 ante
1208 305 1342 366 quod
1380 314 1573 368 tempus
1607 306 1752 354 heres
1789 323 1900 355 cum
1936 308 2116 358 effectu
2147 320 2182 357 3·

202 381 484 429 consentire
528 397 634 429 non
668 389 844 443 potest.
915 381 1054 441 Ergo
1091 379 1323 427 alienatio
1359 395 1450 441 per
1486 389 1834 429 testamentum
1869 384 1976 430 solo
2011 382 2115 445 iure
2144 376 2182 421 Ὗ

201 465 407 503 naturae
443 472 547 503 non
584 458 726 503 valet.

281 557 433 606 Resp.
486 548 616 594 Dz'sl.
655 549 792 595 maa.-
831 548 1114 594 Consensus
1140 546 1480 594 transferentis
1517 556 1565 594 et
1601 548 1906 610 acceptantis
1931 548 2118 598 debent
2161 590 2176 603 „

199 639 300 670 una
335 623 568 670 exsistere
606 623 656 669 in
693 622 991 670 alienatione
1029 638 1119 684 per
1155 630 1356 684 pactum
1391 623 1593 683 proprie
1630 622 1837 682 dictum,
1885 639 2000 672 conc.
2037 625 2117 673 vel

199 704 380 753 trans„
440 713 532 759 per
582 696 933 744 hereditariam
985 696 1376 756 successionem,
1438 712 1566 758 quae
1619 706 1692 745 est
1739 699 1994 746 translatio
2045 699 2118 747 sui

200 772 409 835 generis,
447 773 637 818 subdist.
656 791 670 819 .·
706 772 983 833 requiritur,
1024 781 1074 818 ut
1101 787 1371 819 consensus
1396 772 1647 833 utriusque
1673 773 1876 835 physice
1903 773 2114 832 exsistat,

199 863 330 907 nego,
368 856 419 893 ut
456 862 726 894 consensus
763 846 1075 908 acceptantis·
1108 847 1311 909 physice
1350 846 1571 904 exsistat,
1621 848 1961 897 transferentis
1996 864 2116 897 vero

200 923 446 978 moraliter
480 927 525 967 et
556 923 718 983 quoad
746 923 866 968 iuris
902 921 1130 982 effectum,
1170 937 1285 968 conc.
1328 922 1614 968 Contradisl.
1656 924 1764 970 min.
1784 940 1798 969 .·
1834 924 2117 972 Consensus
2154 920 2158 921 ⁷

199 996 537 1044 transferentis
576 1005 733 1043 cessat
761 1006 873 1058 post
909 1005 1120 1044 mortem
1157 996 1377 1059 physice,
1417 1013 1550 1051 com„
1589 997 1840 1045 moraliter
1877 1006 1926 1046 et
1950 998 2117 1060 quoad

200 1071 314 1118 iuris
353 1072 609 1129 effectum,
661 1087 787 1131 flego.
839 1098 904 1102 —
954 1073 1048 1118 Scl.
1089 1072 1291 1133 quando
1328 1072 1472 1118 heres
1507 1072 1835 1120 hereditatem
1873 1081 2114 1136 acceptat,

199 1146 424 1193 voluntas
461 1145 706 1193 testatoris
754 1146 851 1192 iam
900 1162 1004 1193 non
1040 1146 1244 1207 physice
1295 1146 1544 1193 coexsistit
1591 1163 1701 1193 cum
1739 1148 1991 1195 voluntate
2040 1165 2118 1196 ac-

201 1221 468 1282 ceptantis,
523 1222 610 1268 sed
659 1222 815 1267 solum
865 1222 1113 1268 moraliter
1159 1228 1203 1266 ct
1246 1222 1295 1266 [ll
1343 1222 1464 1267 iuris
1512 1222 1691 1281 effectu.
1764 1223 1857 1269 Per
1905 1232 2117 1270 mortem

200 1296 443 1342 testatoris
481 1311 557 1343 res
593 1312 697 1342 non
735 1297 784 1342 fit
822 1295 1108 1357 simpliciter
1143 1296 1334 1354 nullius,
1374 1296 1461 1343 sed
1499 1297 1701 1343 offertur
1736 1297 1924 1355 heredi,
1963 1297 2031 1344 ita
2066 1306 2118 1345 ut

200 1371 280 1417 hic
328 1370 541 1431 accipiat
591 1372 664 1416 ius
710 1372 779 1416 orl
824 1371 1152 1418 hereditatem
1205 1385 1323 1432 prae
1376 1370 1481 1417 aliis
1533 1371 1893 1433 occupandam.
1966 1374 2117 1420 Hanc

201 1456 364 1493 autem
389 1445 486 1492 vim
524 1446 723 1492 ultimae
750 1445 989 1492 voluntati
1025 1445 1185 1493 inesse
1224 1445 1492 1492 necessitas
1530 1455 1578 1493 et
1614 1446 1868 1508 integritas
1896 1447 2115 1509 proprie-

200 1520 309 1568 tatis
347 1520 567 1582 privatae
604 1536 696 1582 pro
735 1521 910 1567 ordine
948 1520 1117 1567 sociali
1154 1521 1394 1582 postulat,
1445 1529 1495 1567 ut
1531 1536 1591 1568 ex
1628 1520 1928 1583 argumentis
1963 1531 2113 1584 patet.

201 1594 458 1642 Eiusmodi
504 1595 704 1642 moralis
753 1603 801 1641 et
845 1594 1071 1642 effectiva
1108 1595 1394 1656 perduratio
1432 1595 1695 1643 voluntatis
1742 1604 1856 1657 post
1903 1604 2115 1644 mortem

204 1670 350 1718 etiam
387 1669 434 1715 in
474 1669 579 1716 aliis
616 1670 761 1716 rebus
798 1669 992 1716 accidit.

279 1746 446 1791 Potest
483 1744 628 1791 etiam
666 1745 762 1791 alio
801 1744 952 1791 modo
990 1743 1283 1806 responderi
1321 1744 1383 1791 ad
1415 1744 1718 1806 propositam
1757 1745 2110 1795 difficultatem.

201 1821 367 1867 Potest
390 1819 622 1865 nimirum
649 1819 747 1866 dici
784 1828 1069 1866 testatorem
1106 1819 1155 1865 in
1192 1819 1363 1866 ultimo
1391 1820 1516 1866 vitae
1555 1835 1670 1867 suae
1699 1829 1955 1868 momento
1980 1822 2115 1868 bona

202 1911 288 1942 sua
324 1894 497 1941 heredi
534 1896 739 1951 offerre,
790 1896 857 1941 ita
892 1903 943 1941 ut
979 1894 1161 1941 eodem
1209 1903 1463 1942 momento
1508 1894 1559 1940 in
1595 1896 1692 1942 hoc
1729 1895 1910 1943 oriatur
1945 1897 2019 1943 ius
2053 1897 2123 1943 ad

200 1971 282 2016 illa
307 1970 443 2016 bona
479 1969 570 2016 sibi
609 1970 916 2031 accipienda.
981 1969 1060 2016 Sic
1098 1969 1136 2016 si
1161 1970 1337 2016 Paulus
1373 1985 1463 2031 per
1500 1970 1756 2031 epistulam
1783 1972 1928 2017 Petro
1965 1978 2116 2019 trans-

201 2044 345 2091 mittit
381 2045 568 2090 donum
606 2044 822 2105 aliquod,
863 2054 910 2091 et
946 2043 1176 2102 moritur,
1217 2044 1334 2091 dum
1373 2045 1579 2106 epistula
1615 2053 1685 2092 est
1723 2045 1772 2090 in
1809 2045 1912 2103 via,
1952 2054 2116 2107 potest

201 2120 372 2166 Petrus
408 2127 520 2180 post
556 2119 824 2166 adventum
861 2120 1098 2181 epistulae
1125 2120 1310 2165 donum
1349 2127 1612 2181 acceptare
1650 2128 1698 2166 et
1733 2119 1960 2179 retinere,
2001 2120 2116 2181 quia

202 2208 261 2241 eo
298 2194 405 2255 ipso
443 2202 724 2251 momento,
766 2210 865 2254 quo
904 2195 1079 2241 Paulus
1117 2194 1375 2256 epistulam
1413 2194 1555 2250 misit,
1595 2194 1645 2240 in
1682 2195 1828 2241 Petro
1865 2195 2116 2242 oriebatur

201 2269 273 2315 ius
311 2269 374 2315 ad
412 2269 613 2326 donum,
653 2269 791 2329 quod
827 2269 899 2315 ius
936 2284 1025 2330 per
1061 2278 1272 2316 mortem
1309 2268 1446 2315 Pauli
1481 2284 1584 2315 non
1623 2268 1955 2331 exstinguitur.
2018 2265 2112 2331 (Cf.

209 2343 588 2399 Costa-Rossetli,
626 2344 805 2391 Philos.
845 2359 967 2390 mor.
1008 2340 1139 2404 401.)

283 2448 385 2488 Obi.
419 2459 463 2487 2.
529 2434 794 2500 (Zallinger
829 2441 855 2487 l.
897 2435 957 2500 c.)
1029 2441 1112 2487 Ad
1148 2440 1493 2487 transferenda
1543 2455 1602 2486 ex
1644 2441 1853 2487 naturali
1890 2440 1994 2488 iure
2031 2441 2115 2488 do-

201 2514 353 2561 minia
389 2514 655 2575 requiritur
692 2524 739 2561 et
764 2518 987 2562 voluntas
1025 2523 1072 2562 et
1107 2523 1325 2577 potestas
1362 2515 1693 2562 transferendi
1729 2515 1837 2577 ipso
1875 2524 2113 2578 tempore,

203 2605 302 2650 quo
340 2590 390 2636 fit
427 2588 670 2637 alienatio.
733 2590 885 2650 Atqui
919 2598 1119 2637 testator
1149 2589 1285 2636 vivus
1322 2591 1607 2636 voluntalem
1643 2590 1976 2638 transferendi
2012 2605 2114 2637 non

201 2665 373 2722 habet,
427 2673 646 2711 mortuus
695 2679 797 2710 non
843 2665 995 2712 habet
1030 2671 1330 2727 potestatem,
1384 2680 1500 2710 nam
1547 2664 1821 2712 dominium
1867 2665 2116 2712 bonorum

202 2738 428 2785 fortunae
467 2754 578 2784 cum
615 2748 773 2785 morte
811 2739 1145 2800 exstinguitur.
1219 2739 1356 2799 Ergo
1385 2777 1391 2785 .
1424 2778 1430 2785 .
1462 2778 1469 2786 .

282 2837 432 2885 Resp.
479 2828 609 2874 Dist.
637 2829 746 2874 mai.
766 2847 779 2874 .·
805 2828 885 2874 Ad
911 2829 1256 2875 transferenda
1283 2828 1503 2874 dominia
1522 2827 1795 2888 requiritur,
1823 2834 1874 2874 ut
1890 2828 2114 2874 voluntas

204 2912 251 2949 et
287 2911 502 2964 potestas
538 2903 869 2949 transferendi
906 2903 1013 2964 ipso
1040 2913 1281 2964 tempore,
1321 2917 1419 2963 quo
1456 2903 1509 2949 fit
1532 2903 1800 2960 translatio,
1829 2902 2016 2963 physice
2039 2917 2115 2949 ex-

204 2977 351 3035 sistat,
390 2993 518 3037 uego,
557 2978 803 3023 moraliter
826 2983 871 3023 et
892 2978 1053 3038 quoad
1070 2979 1190 3024 iuris
1217 2978 1445 3037 offectura,
1484 2993 1599 3024 conc.
1660 2977 1946 3024 Contradist.
1974 2978 2084 3024 min.
2103 2994 2117 3023 :

204 3054 428 3098 Mortuus
473 3067 577 3098 non
625 3051 776 3098 habet
811 3052 1115 3098 voluntatem
1161 3062 1207 3098 et
1252 3060 1544 3114 potestatem
1582 3050 1810 3113 physice,
1860 3065 2006 3107 cona,
2057 3066 2115 3098 ea

203 3127 442 3183 voluntas,
483 3142 629 3186 quam
655 3126 824 3172 vivens
860 3126 1064 3187 physice
1101 3127 1283 3183 habuit,
1322 3142 1425 3173 non
1459 3133 1744 3187 perseverat
1779 3124 2031 3172 moraliter
2066 3133 2116 3172 et

207 3200 374 3260 quoad
409 3200 523 3247 iuris
561 3201 804 3257 effectum,
843 3215 969 3259 nego.
1020 3200 1172 3247 Vivus
1205 3201 1374 3247 habuit
1398 3202 1702 3248 voluntatem
1740 3208 1786 3246 et
1819 3207 2113 3261 potestatem

207 3274 506 3334 disponendi
531 3274 593 3322 de
618 3274 762 3322 bonis
787 3275 883 3321 suis
908 3290 1000 3336 pro
1018 3283 1244 3336 tempore
1263 3284 1375 3336 post
1399 3284 1625 3322 mortem.
1664 3276 1809 3320 Haec
1835 3283 1996 3321 autem
2023 3273 2112 3320 dis-

206 3348 384 3409 positio
414 3363 473 3395 ex
497 3348 600 3397 iure
625 3358 830 3397 naturae
856 3358 906 3396 ut
930 3348 1093 3397 valida
1118 3350 1437 3412 agnoscenda
1469 3358 1540 3397 est
1576 3348 1724 3398 etiam
1749 3356 1861 3412 post
1885 3356 2111 3398 mortem.
