2182 3682
957 163 1120 193 INDEX.
1927 165 1989 204 IX

1899 253 1948 284 Pa
1980 278 1984 284 .

210 304 302 342 Art.
338 313 375 343 2.
431 304 497 342 De
530 301 789 354 obligatione
823 301 1123 341 conscientiam
1155 300 1356 353 sequendi
1403 333 1409 339 .
1535 332 1542 340 .
1668 332 1676 339 .
1803 333 1809 340 .
1909 264 1988 340 16g6

212 371 302 411 Art.
338 381 376 421 3.
430 371 498 409 De
530 370 657 409 modo
690 369 931 421 deponendi
964 368 1134 407 dubium
1166 369 1393 420 practicum
1538 400 1544 406 .
1669 400 1676 407 .
1804 401 1810 407 .
1910 369 1989 419 169

95 461 229 511 Caput
255 460 352 500 VII.
414 460 481 500 De
492 459 810 511 proprietatibus
825 458 1039 497 bonitatem
1060 463 1099 497 et
1117 458 1317 497 malitiam
1340 463 1454 497 actus
1476 460 1811 510 consequentibus.

210 539 300 578 Art.
339 549 374 577 Ι.
427 538 494 577 De
526 544 700 590 peccato
736 568 742 575 .
869 568 875 575 .
1003 568 1008 574 .
1136 568 1142 574 .
1270 568 1275 575 .
1404 568 1409 574 .
1536 567 1543 575 .
1669 567 1676 575 .
1803 569 1809 576 .
1910 537 1988 586 178

274 602 302 656 ξ
341 616 375 645 1.
428 606 496 644 De
528 612 702 656 peccato
736 604 961 656 generatim
1002 635 1009 642 .
1136 635 1142 641 .
1269 635 1276 641 .
1403 638 1409 642 ,
1537 636 1542 642 .
1670 636 1675 642 .
1803 636 1809 641 .
1910 604 1988 653 178

276 669 304 724 ἓ
338 682 376 712 2.
430 672 497 712 De
529 679 705 725 peccato
737 670 1031 723 philosophico
1065 671 1179 722 quod
1210 678 1384 710 vocatur
1537 703 1544 710 .
1671 703 1677 709 .
1804 703 1810 709 .
1911 671 1991 710 180

213 740 301 779 Art.
336 749 374 778 2.
429 740 496 778 De
529 740 675 778 merito
737 770 743 777 .
870 769 876 775 .
1003 770 1009 776 .
1136 770 1142 776 .
1269 769 1276 777 .
1404 770 1410 776 .
1537 770 1543 777 .
1671 770 1677 776 .
1805 771 1810 776 .
1911 738 1986 777 181

275 803 303 858 ξ
342 817 376 845 1.
433 806 531 845 Eius
564 806 679 845 notio
734 837 740 844 .
869 837 875 844 .
1003 836 1008 843 .
1136 837 1142 843 .
1270 837 1275 843 .
1404 837 1408 843 .
1537 837 1543 844 .
1670 837 1675 843 .
1804 836 1810 843 .
1911 806 1986 845 181

275 870 304 925 ξ
337 884 376 913 2.
430 873 497 912 De
529 873 665 912 meriti
698 872 1015 912 condicionibus
1137 904 1143 910 .
1273 904 1279 910 .
1406 904 1412 910 .
1539 904 1544 910 .
1673 904 1679 910 .
1805 904 1811 911 .
1912 873 1990 912 182

275 937 302 993 ξ
337 952 375 992 3.
429 941 496 979 De
528 939 707 979 naturali
738 939 920 978 hominis
953 939 1099 978 merito
1131 939 1198 977 vel
1230 939 1434 978 demerito
1466 940 1579 991 apud
1611 940 1750 978 Deum
1805 970 1812 978 .
1913 940 1992 989 184

94 1031 228 1082 Caput
255 1029 377 1070 VIII.
440 1031 506 1069 De
535 1031 624 1069 iure
654 1031 698 1068 in
723 1041 881 1081 genere.

208 1106 299 1144 Art.
339 1115 373 1144 1.
425 1104 533 1142 Iuris
565 1103 756 1142 definitio
871 1134 878 1141 .
1004 1134 1011 1142 .
1137 1134 1144 1142 .
1270 1133 1276 1140 .
1404 1135 1410 1141 .
1539 1135 1544 1141 .
1672 1135 1678 1142 .
1806 1136 1811 1143 .
1912 1105 1992 1144 188

209 1174 299 1212 Art.
336 1182 374 1211 2.
428 1171 494 1210 De
527 1171 609 1210 fine
642 1178 683 1210 et
715 1170 1041 1222 proprietatibus
1074 1170 1175 1208 iuris
1271 1202 1277 1208 .
1404 1202 1410 1208 .
1539 1203 1544 1210 .
1672 1204 1677 1209 .
1805 1203 1811 1210 .
1913 1183 1990 1221 192

210 1242 301 1279 Art.
336 1250 375 1290 3.
427 1239 539 1288 Num
573 1239 743 1277 exsistat
775 1238 880 1277 ordo
913 1237 1108 1277 iuridicus
1142 1238 1339 1276 naturalis
1405 1269 1411 1275 .
1539 1271 1546 1277 .
1673 1271 1678 1278 .
1806 1271 1812 1278 .
1913 1248 1990 1290 195

210 1309 301 1346 Art.
336 1318 375 1355 4.
429 1306 496 1345 De
529 1306 732 1345 relatione
766 1306 873 1345 inter
905 1306 1094 1345 ordinem
1128 1305 1346 1345 iuridicum
1380 1313 1419 1344 et
1453 1306 1652 1345 moralem
1807 1339 1813 1346 .
1913 1318 1992 1357 199

211 1377 300 1414 Art.
337 1383 374 1426 5.
427 1375 494 1413 De
528 1374 731 1413 divisione
766 1374 861 1412 iuris
894 1381 935 1412 et
967 1372 1095 1412 officii
1138 1405 1145 1412 .
1272 1404 1278 1411 .
1405 1405 1411 1411 .
1540 1406 1545 1412 .
1674 1406 1679 1413 .
1807 1407 1813 1413 .
1909 1386 1994 1424 204

276 1439 304 1494 ξ
344 1453 377 1480 1.
432 1442 498 1479 De
531 1441 738 1480 divisione
772 1441 868 1478 iuris
901 1441 1155 1492 praeceptivi
1272 1471 1278 1479 .
1405 1473 1411 1479 .
1540 1474 1545 1479 .
1673 1474 1679 1480 .
1808 1474 1813 1480 .
1910 1453 1994 1491 204

275 1506 303 1561 ἓ
337 1520 373 1548 2.
429 1509 495 1546 De
529 1509 731 1547 divisione
765 1508 863 1546 iuris
896 1508 1139 1546 dominativi
1274 1539 1280 1546 .
1407 1540 1412 1546 .
1540 1541 1546 1546 .
1674 1542 1680 1547 .
1807 1542 1813 1548 .
1910 1511 1994 1549 208

275 1573 302 1628 ξ
337 1586 374 1626 3.
428 1577 495 1614 De
529 1575 760 1614 officiorum
794 1575 1001 1613 divisione
1034 1583 1074 1613 et
1107 1575 1324 1614 collisione
1404 1606 1410 1612 .
1540 1608 1545 1613 .
1673 1609 1678 1614 .
1807 1608 1812 1615 .
1909 1588 1988 1616 211

209 1645 299 1683 Art.
335 1644 372 1682 6.
426 1643 493 1681 De
527 1642 716 1682 subiecto
750 1643 880 1681 iuris.
1007 1674 1014 1682 .
1141 1674 1146 1681 .
1274 1675 1279 1681 .
1409 1675 1414 1680 .
1543 1676 1548 1680 .
1674 1677 1680 1681 .
1808 1676 1814 1683 .
1911 1655 1993 1694 213

811 1857 955 1896 PARS
990 1856 1275 1897 SECUNDA.

194 1959 717 2008 PHILOSOPHIA
753 1960 1087 2009 MORALIS
1126 1958 1455 2020 (ETHICA)
1493 1962 1891 2010 SPECIALIS.

862 2082 1004 2114 LIBER
1030 2082 1222 2115 PRIMUS.

502 2168 736 2207 ETHICA
770 2169 1092 2208 SPECIALIS
1126 2170 1582 2208 INDIVIDUALIS.

95 2271 228 2322 Caput
258 2271 292 2308 I.
357 2271 422 2310 De
453 2271 596 2322 officiis
627 2272 801 2310 hominis
831 2286 929 2324 erga
962 2273 1099 2312 Deum.
1139 2304 1145 2311 .
1274 2304 1279 2311 .
1408 2305 1413 2310 .
1540 2305 1546 2312 .
1675 2305 1681 2311 .
1809 2305 1815 2311 .
1911 2275 1994 2313 216

95 2352 229 2404 Caput
257 2352 318 2392 II.
382 2354 448 2392 De
478 2353 622 2406 officiir
654 2354 828 2393 lzomz'm's
858 2368 956 2406 erga
987 2368 1026 2393 se
1056 2356 1201 2406 (psum.

210 2428 299 2466 Art.
341 2438 374 2467 1.
430 2427 581 2466 Officia
614 2428 725 2467 cirea
757 2428 935 2467 animam
1007 2459 1012 2466 .
1141 2461 1146 2467 .
1275 2461 1280 2466 .
1408 2460 1413 2467 .
1543 2460 1548 2467 .
1675 2462 1680 2467 .
1808 2461 1814 2467 .
1911 2440 1995 2478 224

210 2495 300 2533 Art.
337 2505 375 2533 2.
431 2494 581 2534 Officia
615 2495 725 2535 circa
758 2509 910 2547 eorpus
1008 2528 1012 2533 .
1141 2528 1146 2533 .
1275 2528 1280 2533 .
1408 2527 1413 2533 .
1540 2529 1546 2534 .
1675 2528 1681 2535 .
1808 2529 1814 2534 .
1911 2506 1992 2548 225

211 2563 300 2600 Art.
338 2571 376 2611 3.
430 2563 498 2600 De
530 2562 679 2601 officiis
712 2563 824 2602 circa
859 2565 973 2601 bona
1006 2571 1177 2601 externa
1274 2595 1279 2601 .
1408 2595 1413 2600 .
1541 2596 1546 2601 .
1673 2596 1681 2603 .
1808 2595 1814 2601 .
1911 2574 1989 2613 231

97 2649 228 2701 Caput
258 2649 343 2688 III.
407 2650 474 2689 De
505 2650 648 2701 officiis
679 2651 892 2690 hominum
925 2653 1077 2689 mutm's
1108 2652 1217 2691 inter
1245 2665 1295 2690 se.

212 2725 303 2762 Art.
343 2734 376 2763 1.
430 2724 496 2762 De
529 2725 714 2776 generali
746 2725 885 2764 officio
918 2725 1070 2763 amoris
1103 2739 1201 2777 erga
1235 2726 1465 2777 proximum
1541 2757 1547 2763 .
1674 2757 1679 2763 .
1808 2758 1815 2765 .
1911 2736 1992 2775 232

212 2791 303 2830 Art.
339 2801 376 2830 2.
432 2791 497 2829 De
530 2791 679 2831 officiis
712 2792 864 2831 mutuis
897 2792 1008 2831 circa
1039 2793 1151 2831 bona
1184 2792 1310 2831 animi
1406 2823 1414 2831 .
1541 2824 1547 2831 .
1674 2824 1681 2831 .
1808 2825 1814 2832 .
1911 2803 1995 2843 234

213 2859 303 2897 Art.
341 2869 377 2908 3.
433 2858 499 2896 De
532 2858 677 2898 officiis
710 2859 862 2897 mutuis
896 2859 1004 2899 circa
1036 2860 1316 2913 integritatem
1350 2860 1538 2912 corporis
1675 2892 1680 2898 .
1807 2892 1813 2899 .
1911 2871 1995 2908 240

213 2926 302 2963 Art.
338 2936 377 2973 4.
431 2926 498 2964 De
531 2925 678 2965 officiis
711 2926 859 2965 mutuis
893 2927 999 2965 circa
1032 2928 1181 2965 famam
1215 2936 1256 2966 et
1288 2927 1489 2965 honorem
1537 2958 1542 2966 .
1615 2975 1617 2977 q
1669 2959 1676 2966 .
1808 2959 1814 2966 .
1911 2938 1994 2976 244

157 3014 160 3015 ν
214 2994 303 3030 Art.
342 3001 378 3043 5.
432 2992 499 3032 De
532 2992 679 3032 officiis
712 2994 861 3032 mutuis
894 2994 1006 3033 circa
1037 2994 1270 3033 libertatem
1303 3002 1514 3033 externam
1675 3026 1680 3032 .
1808 3026 1814 3032 .
1911 3003 1994 3045 253

277 3056 305 3109 ξ·
343 3069 377 3098 1.
432 3060 498 3098 De
532 3060 724 3099 libertate
757 3061 980 3100 universim
1141 3094 1146 3100 .
1273 3093 1279 3100 .
1408 3093 1414 3100 .
1542 3093 1547 3098 .
1677 3093 1682 3097 .
1810 3093 1815 3099 .
1912 3070 1994 3112 253

277 3122 306 3176 ξ
339 3135 377 3166 2.
433 3127 499 3165 De
532 3127 725 3166 libertate
757 3128 1041 3168 eonscientiae
1142 3161 1148 3166 .
1274 3162 1280 3167 .
1408 3161 1416 3168 .
1543 3160 1549 3165 .
1676 3160 1681 3165 .
1809 3160 1814 3166 .
1911 3137 1995 3179 254

98 3207 232 3258 Caput
260 3207 332 3246 IV.
396 3209 462 3248 De
493 3210 581 3248 iure
603 3212 878 3260 proprlktalis.

213 3282 304 3320 Art.
344 3292 378 3321 1.
432 3282 583 3322 Variae
616 3284 807 3323 notiones
840 3284 950 3323 cirea
982 3284 1283 3337 proprietatem
1409 3316 1415 3323 .
1542 3314 1547 3321 .
1675 3315 1681 3323 .
1808 3315 1815 3321 .
1911 3292 1993 3334 257

214 3349 303 3386 Art.
339 3359 376 3387 2.
431 3350 681 3389 Refutantur
712 3359 934 3401 systemata
967 3351 1335 3390 communistarum
1409 3383 1415 3389 .
1543 3382 1548 3388 .
1676 3383 1681 3388 .
1808 3382 1814 3388 .
1911 3359 1994 3401 259
