2182 3682
596 182 748 210 CAPUT
781 183 822 211 V.
873 182 935 210 DE
969 181 1087 210 LEGE
1122 182 1378 212 NATURALI.
1836 182 1929 237 155

50 315 251 368 fusam?
327 317 658 383 Respondeo
700 317 970 367 hominem
1014 333 1122 365 non
1163 315 1278 365 sola
1331 319 1730 383 comparatione
1771 321 1939 369 termi-

43 417 232 451 norum
287 399 561 448 veritatem
618 397 828 448 illorum
867 398 1248 464 principiorum
1305 415 1659 464 cognoscere,
1720 401 1814 450 sed
1871 419 1939 451 ex

43 480 467 532 consideratione
532 487 750 530 naturae
815 479 1093 529 humanae.
1190 479 1374 529 Homo
1442 481 1581 530 enim
1646 481 1940 533 inclinatur

41 561 373 614 naturaliter
410 562 478 611 ad
520 562 723 611 bonum
763 562 862 611 sibi
902 561 1196 611 secundum
1227 570 1468 611 naturam
1510 563 1844 625 conveniens,
1889 573 1941 614 et

41 643 347 695 naturaliter
373 644 553 693 horret
581 644 917 704 contrarium,
962 652 1014 693 et
1042 643 1163 693 hinc
1191 644 1368 693 statim
1399 644 1636 708 exsurgit
1663 644 1936 695 iudicium:

41 725 240 777 malum
293 726 569 775 vitandum
638 733 692 775 et
747 726 950 775 bonum
1011 725 1340 787 faciendum,
1403 727 1453 775 in
1513 735 1771 792 quantum
1830 729 1940 776 eius

41 808 256 859 omissio
285 814 365 857 est
394 807 546 858 mala.
605 808 675 857 Et
703 808 806 857 hoc
834 807 1087 858 iudicium
1116 816 1195 857 est
1225 809 1440 858 omnino
1470 808 1702 859 evidens.
1764 809 1939 858 Nemo

40 907 200 940 sanae
248 891 439 939 mentis
495 890 725 955 quaerit,
789 907 915 939 num
973 890 1169 957 debeat
1211 889 1425 955 fugere,
1485 907 1620 955 quae
1673 890 1780 940 sibi
1824 899 1946 940 smel

42 972 208 1022 mala.
276 971 334 1020 In
376 971 479 1021 hoc
521 980 699 1021 tamen
740 972 935 1021 iudicio
979 971 1220 1020 nondum
1260 972 1468 1021 videtur
1496 973 1753 1022 contineri
1793 972 1940 1022 notio

41 1053 383 1120 obligationis
423 1053 636 1119 proprie
677 1054 850 1103 dictae
892 1062 944 1103 et
984 1053 1277 1119 perfectae3
1323 1053 1472 1103 facile
1507 1063 1683 1103 autem
1714 1055 1782 1103 ad
1824 1072 1940 1104 eam

43 1137 358 1203 pervenitur.
429 1134 539 1185 Scit
579 1136 719 1185 enim
749 1135 913 1184 homo
954 1152 1011 1184 se
1052 1144 1293 1184 naturam
1335 1153 1456 1185 cum
1484 1152 1578 1185 sua
1605 1135 1942 1186 inclinatione

42 1235 149 1268 non
190 1217 387 1268 habere
428 1234 459 1268 a
499 1217 841 1287 seaffifljb
836 1217 962 1290 alio;
1007 1226 1281 1283 praeterea
1317 1218 1454 1267 circa
1482 1234 1538 1267 se
1578 1218 1725 1267 videt
1765 1219 1941 1268 omnia

40 1317 154 1350 esse
196 1300 600 1361 ordinatissima,
645 1316 714 1349 ex
755 1317 861 1365 quo
887 1288 1054 1349 facile
1084 1298 1285 1365 colligit
1314 1300 1473 1349 etiam
1501 1317 1558 1349 se
1599 1300 1796 1350 debere
1825 1317 1940 1350 esse

41 1382 357 1444 ordinatum,
402 1391 454 1432 et
496 1383 618 1449 quia
660 1400 740 1432 res
781 1381 898 1431 illae
938 1391 1061 1432 sunt
1102 1382 1375 1432 ordinatae
1405 1382 1470 1431 ab
1511 1382 1640 1443 alim
1684 1384 1843 1432 etiam
1882 1400 1939 1432 se

40 1482 109 1514 ex
136 1464 363 1525 alterius,
406 1463 495 1514 scl.
529 1466 759 1515 auctoris
788 1473 1021 1525 naturae,
1065 1464 1338 1514 voluntate
1368 1465 1566 1514 debere
1595 1481 1708 1514 esse
1737 1465 1939 1515 ordina-

41 1554 170 1608 tum,
215 1554 268 1597 et
306 1564 363 1597 se
404 1564 511 1596 non
539 1564 699 1613 posse
728 1546 869 1597 hunc
898 1548 1140 1597 ordinem
1170 1539 1381 1597 laedere
1409 1546 1492 1596 vel
1521 1546 1720 1596 malum
1750 1546 1938 1608 facere,

44 1630 170 1695 quin
211 1628 352 1679 hunc
394 1638 667 1679 auctorem
708 1638 927 1680 naturae
970 1628 1224 1679 offendat.

51 1752 192 1804 181·
262 1770 362 1810 Obi.
398 1784 430 1810 ι.
492 1764 606 1811 Non
643 1772 885 1825 repugnat
922 1763 1191 1825 sapientiae
1229 1763 1325 1810 Dei
1363 1763 1467 1809 dari
1504 1770 1738 1810 amentes.
1808 1763 1944 1823 Ergo

39 1852 203 1899 neque
239 1847 483 1900 repugnat
519 1839 624 1886 dari
660 1839 944 1900 ignorantes
981 1840 1140 1900 legem
1178 1839 1464 1885 naturalem.

120 1929 269 1978 Resp.
342 1920 476 1968 Com.
515 1928 658 1968 antec.
729 1922 859 1968 Dz'st.
900 1937 1049 1968 cmm:
1089 1922 1203 1967 Non
1240 1929 1482 1982 repugnat
1519 1919 1625 1967 dari
1662 1919 1945 1981 ignorantes

40 1996 202 2056 legem
237 1997 510 2043 naturalem
547 2012 606 2043 ex
642 1996 839 2043 defectu
878 2012 1134 2044 causarum
1170 1995 1495 2043 secundarum
1534 2009 1618 2042 seu
1651 2010 1710 2042 ex
1749 1995 1947 2042 defectu

41 2069 241 2118 rationis
277 2085 378 2117 non
416 2072 664 2130 evolutae,
715 2087 859 2127 cena,
912 2086 970 2118 ex
1006 2071 1204 2118 defectu
1241 2070 1648 2132 promulgationis
1686 2085 1774 2132 per
1809 2069 1949 2131 legis-

41 2145 261 2203 latorem,
300 2161 427 2206 nego.

124 2236 225 2276 Obi.
251 2248 293 2276 2.
338 2231 499 2290 Leges
513 2229 832 2291 particulares
846 2237 1051 2291 possunt
1065 2228 1295 2290 ignorari.
1318 2229 1455 2287 Ergo
1471 2228 1617 2274 etiam
1633 2228 1946 2275 universales.

121 2320 272 2369 Resp.
346 2311 480 2358 Cone.
519 2317 661 2359 antec.
733 2311 873 2371 Nego
910 2327 1026 2358 (0715.
1066 2317 1110 2357 et
1144 2312 1418 2372 paritatem.
1479 2309 1641 2356 Maior
1679 2318 1750 2357 est
1785 2324 1952 2357 neces-

45 2384 155 2433 sitas
204 2386 613 2447 promulgationis
657 2387 824 2447 quoad
868 2386 1112 2448 principia
1150 2384 1549 2433 communissima
1598 2399 1746 2446 quam
1784 2385 1952 2446 quoad

46 2460 404 2522 applicationes
451 2461 796 2523 particulares,
848 2461 962 2522 quia
1008 2462 1160 2508 homo
1204 2461 1308 2522 ipse
1346 2460 1549 2522 propria
1585 2459 1830 2507 activitate
1866 2461 1953 2506 has

47 2534 404 2597 applicationes
452 2537 618 2584 facere
666 2544 841 2597 potest.
880 2563 941 2566 —
981 2538 1050 2584 Ut
1085 2536 1335 2597 legislator
1379 2535 1568 2582 censeri
1606 2535 1758 2596 possit
1793 2536 1953 2596 legem

47 2611 318 2658 naturalem
370 2611 668 2658 sufficienter
718 2612 1084 2673 promulgasse,
1136 2610 1397 2672 requiritur
1448 2619 1496 2657 et
1548 2609 1746 2656 sufficit:
1815 2627 1852 2656 1.
1906 2617 1957 2655 ut

48 2684 456 2733 universalissima
492 2686 613 2746 legis
651 2695 943 2747 praecepta,
990 2685 1039 2731 in
1078 2685 1252 2746 quibus
1288 2685 1556 2732 virtualiter
1592 2692 1694 2731 tota
1730 2685 1807 2732 lex
1845 2699 1957 2730 con-

48 2760 250 2819 tinetur,
302 2777 328 2807 a
376 2760 576 2808 nemine
624 2760 841 2822 ignorari
882 2760 1094 2823 possint,
1145 2760 1396 2822 supposita
1431 2759 1622 2807 ratione
1659 2759 1957 2806 sufficienter

50 2836 270 2895 evoluta3
310 2853 350 2883 2.
390 2844 440 2882 ut
475 2836 626 2882 homo
664 2836 714 2882 in
740 2835 999 2882 ordinariis
1025 2834 1403 2881 condicionibus
1429 2833 1631 2881 internis
1657 2842 1704 2881 et
1729 2832 1955 2889 externis,

49 2909 336 2970 praesertim
364 2910 640 2969 socialibus,
671 2910 825 2972 possit
849 2926 939 2972 per
964 2925 1013 2957 se
1041 2910 1212 2957 saltem
1239 2924 1321 2956 eas
1346 2908 1588 2971 practicas
1615 2907 1957 2955 conclusiones

51 2982 286 3042 derivare,
326 3000 453 3045 quae
490 2984 555 3031 ad
590 2984 740 3032 vitam
776 2984 1003 3031 rationali
1038 2984 1240 3031 homine
1267 2984 1468 3045 dignam
1498 2992 1609 3031 sunt
1631 2981 1954 3030 necessariae.

52 3059 210 3105 Immo
248 3059 619 3106 convenientius
656 3068 740 3116 est,
779 3068 831 3106 ut
867 3061 1017 3106 homo
1056 3057 1203 3106 etiam
1240 3058 1344 3120 ipse
1382 3074 1471 3121 per
1508 3073 1556 3105 se
1594 3058 1644 3104 in
1682 3055 1956 3104 evolvenda

53 3140 101 3179 et
136 3133 433 3194 applicanda
468 3135 578 3196 lege
615 3135 822 3182 naturali
859 3135 1086 3182 laborare
1123 3133 1318 3180 debeat.

135 3222 237 3263 Obi.
267 3235 310 3273 3.
368 3216 514 3263 Circa
550 3217 798 3277 quaedam
833 3223 1103 3278 praecepta
1135 3215 1383 3262 secundae
1410 3214 1574 3262 classis
1602 3209 1662 3276 (v.
1689 3229 1733 3275 g.
1762 3212 1955 3269 furtum,

55 3288 354 3338 occisionem
391 3290 462 3338 sui
497 3291 661 3353 ipsius,
700 3291 1002 3339 occisionem
1039 3298 1299 3353 parentum
1326 3285 1438 3351 ete.)
1476 3288 1611 3335 multi
1634 3286 1805 3350 populi
1831 3301 1957 3333 erra-

55 3372 240 3412 verunt.
