2182 3682
198 206 232 255 6
977 217 1319 247 INTRODUCTIO.

549 348 577 404 ξ
611 363 650 403 3.
698 353 974 393 PARTITIO
1008 353 1445 393 PHILOSOPHIAE
1476 354 1752 395 MORALIS.

197 465 255 516 4.
372 453 427 503 A
469 455 854 505 recentioribus
893 454 1239 522 Philosophia
1291 455 1507 506 moralis
1556 455 1721 522 vulgo
1764 456 2013 507 dividitur
2051 458 2103 507 in

193 534 449 585 Etlzz'cam
501 545 554 586 et
605 536 698 586 Ius
746 545 991 587 naturae.
1074 538 1259 599 Potest
1310 538 1449 587 enim
1504 538 1644 588 actio
1696 538 1930 608 hqmassfl
1981 556 2102 589 con-

192 618 408 668 siderari
449 617 533 668 vel
585 618 894 684 simpliciter
942 620 1241 669 secundum
1293 637 1481 670 omnes
1521 629 1797 687 respectus
1837 609 2102 672 rectitudi-

193 701 272 750 nis
327 700 568 761 moraliS,
638 710 695 750 ut
750 708 830 751 est
885 702 1169 752 universim
1224 702 1453 753 honesta
1508 712 1598 753 aut
1653 703 1960 766 inhonesta,
1991 688 2103 754 μκῖΘΙ

192 783 470 849 speciatim
522 783 819 833 secundum
872 793 1147 850 respectus
1198 785 1451 846 iustitiae,
1507 794 1666 851 prout
1717 794 1798 835 est
1836 786 1973 836 iusta
2012 795 2104 837 aut

193 865 397 916 iniusta.
478 865 712 915 Priorem
770 867 1257 917 considerationem
1308 868 1378 917 ad
1418 867 1694 929 Ethicam‚
1750 869 2103 935 posteriorem

193 948 262 998 ad
304 948 389 997 Ius
442 956 663 997 naturae
714 955 959 1014 spectare
1000 950 1201 999 dicunt.
1283 948 1393 1000 Sed
1446 951 1498 999 in
1539 949 1639 1000 hac
1681 950 1939 1001 divisione
1981 969 2103 1017 pars

192 1031 335 1097 prior
374 1031 726 1096 posteriorem
768 1032 872 1081 iam
913 1039 1084 1081 totam
1126 1033 1378 1083 continet.
1447 1033 1650 1082 Iustitia
1688 1034 1830 1083 enim
1858 1041 1939 1083 est
1979 1050 2103 1100 pars

191 1114 462 1163 universae
514 1113 825 1175 honestatis,
877 1122 929 1164 et
981 1115 1117 1164 ordo
1169 1115 1416 1165 iuridicus
1468 1132 1590 1182 pars
1631 1117 1830 1166 ordinis
1870 1115 2100 1168 moralis.

267 1193 479 1260 Quodsi
519 1196 793 1262 praedicta
835 1196 1021 1246 divisio
1063 1197 1134 1246 ita
1174 1197 1512 1263 intellegitur,
1558 1206 1615 1247 ut
1654 1198 1705 1247 in
1734 1198 1853 1248 Iure
1881 1206 2102 1249 naturae

190 1279 430 1328 actiones
470 1278 737 1329 humanae
771 1280 1176 1330 considerentur
1217 1288 1375 1346 prout
1401 1289 1522 1329 sunt
1550 1281 1718 1329 iustae
1745 1279 1830 1330 vel
1858 1281 2100 1342 iniustae,

189 1361 242 1410 in
283 1360 475 1411 Ethica
524 1379 651 1411 vero
703 1362 997 1412 secundum
1052 1380 1240 1412 omnes
1281 1362 1507 1428 reliquas
1560 1361 1843 1412 relationes
1895 1364 2102 1413 rectitu-

190 1444 326 1494 dinis
366 1443 594 1507 morahs,
639 1445 829 1494 eadem
870 1462 966 1510 per
1006 1462 1062 1494 se
1104 1444 1233 1494 falsa
1275 1462 1382 1495 non
1424 1454 1518 1506 est,
1563 1443 1714 1495 facile
1754 1453 1935 1494 tamen
1961 1446 2102 1495 viam

190 1527 425 1592 pandere
465 1534 646 1592 potest
685 1527 846 1577 errori
888 1545 1088 1588 eorum,
1133 1528 1224 1593 qui
1264 1528 1505 1577 ordinem
1535 1528 1811 1578 iuridicum
1839 1545 1870 1577 a
1898 1528 2100 1595 reliquo

192 1609 379 1658 ordine
420 1609 599 1659 ethico
643 1627 749 1659 non
790 1609 965 1659 solum
1008 1611 1357 1675 distinguunt,
1401 1611 1497 1660 sed
1538 1609 1698 1676 plane
1739 1609 2011 1660 divellunt.

265 1692 457 1741 Melius
508 1693 665 1758 igitur
705 1692 1106 1759 Philosophiam
1160 1692 1416 1742 moralem
1458 1693 1756 1742 dividemus
1795 1693 1847 1742 in
1879 1701 2099 1758 partem

183 1775 502 1839 generalem
536 1783 587 1824 et
613 1775 1012 1840 particularem
1043 1775 1411 1839 (theoreticam
1444 1784 1496 1825 et
1524 1775 1885 1842 applicatam).
1955 1775 2102 1825 Prior

192 1856 458 1923 generalia
509 1875 720 1907 morum
772 1858 1051 1924 principia
1082 1866 1369 1918 scrutatur,
1425 1858 1689 1924 posterior
1735 1857 1927 1908 eadem
1967 1858 2105 1925 prin-

193 1940 329 2005 cipia
380 1940 449 1989 ad
491 1941 806 2006 praecipuas
850 1940 1079 1991 hominis
1121 1941 1392 2007 operantis
1432 1940 1716 1990 relationes
1767 1948 1881 1989 tum
1920 1940 2101 1990 indivi-

193 2020 377 2071 duales
418 2030 531 2072 tum
571 2022 797 2073 sociales
838 2023 1074 2090 applicat
1115 2042 1184 2074 ex
1224 2023 1393 2090 iisque
1435 2023 1809 2074 conclusiones
1850 2023 1998 2073 eruit.
