2182 3682
187 169 293 230 482
594 178 707 206 PARS
743 178 790 207 II.
841 177 1156 208 PHILOSOPHIA
1190 179 1395 208 MORALIS
1431 179 1682 209 SPECIALIS.

192 312 338 378 653.
419 321 587 361 PARS
618 322 651 361 I.
718 322 883 362 Sensu
918 323 1159 363 absoluto.

262 411 428 459 Prob.
470 425 511 458 1.
602 410 689 460 EX
730 410 946 461 defectu
986 411 1300 462 sufficientis
1342 412 1690 464 fundamenti.
1750 412 2106 465 Nationalitas

188 493 257 543 de
297 510 355 543 se
394 500 602 543 tantum
644 493 868 559 praebet
918 494 1273 560 aptitudinem
1314 494 1383 544 ad
1424 495 1677 545 unionem
1718 494 1991 562 politicam
2020 495 2104 546 vel

186 577 254 626 ad
295 593 562 626 summum
609 576 1028 626 convenientiam
1071 577 1343 643 quandam
1394 585 1658 627 remotam
1699 585 1752 627 et
1802 577 2103 628 indetermi-

186 666 367 708 natam
408 658 478 708 ad
520 658 762 708 eandem.
820 657 968 708 Talis
1009 667 1189 709 autem
1230 659 1602 710 convenientia
1630 677 1738 710 non
1778 667 1959 727 potest
1987 677 2103 711 esse

183 740 451 791 sufficiens
506 739 687 790 titulus
745 740 1056 791 destruendi
1113 742 1356 791 ordinem
1413 742 1764 792 exsistentem
1807 751 1916 808 per
1969 743 2101 805 vim,

186 824 497 890 praesertim
539 840 658 873 cum
700 823 889 874 adesse
942 824 1152 890 possint
1203 824 1415 875 vincula
1467 824 1686 891 politica
1725 842 1897 892 aeque
1949 824 2104 875 fortia

186 905 269 956 vel
327 905 543 956 fortiora
600 921 760 972 quam
819 904 1183 968 nationalitaS‚
1242 925 1289 957 v.
1345 924 1393 973 g.
1449 907 1640 958 vicinia
1694 907 2101 969 habitationum,

186 997 371 1039 mutua
409 988 717 1055 indigentia,
762 990 1062 1039 communis
1103 989 1322 1040 historia
1362 996 1463 1041 ete.

262 1072 428 1119 Prob.
467 1086 510 1119 2.
590 1070 725 1120 Illud
783 1071 1100 1138 principium
1156 1072 1390 1138 practice
1442 1071 1791 1138 impossibilia
1846 1071 2098 1139 postulat.

185 1153 341 1219 Ergo
374 1196 381 1203 .
415 1196 423 1204 .
460 1196 467 1204 .
513 1153 694 1203 Hodie
736 1153 844 1204 fere
885 1153 1028 1204 nulla
1070 1155 1214 1204 natio
1245 1171 1309 1204 eo
1349 1154 1515 1204 modo
1557 1153 1775 1220 politice
1816 1156 2105 1206 constituta

187 1245 292 1298 est,
347 1244 507 1303 prout
554 1237 721 1302 exigit
772 1237 1087 1302 principium
1136 1235 1542 1298 nationalitati5‚
1599 1253 1728 1303 ergo
1781 1245 1927 1288 totus
1968 1238 2103 1288 ordo

185 1319 373 1385 vigens
401 1325 541 1368 esset
582 1320 992 1384 pervertendu53
1039 1327 1091 1368 et
1121 1319 1400 1385 quomodo
1443 1326 1665 1385 possent
1690 1337 1737 1371 v.
1769 1337 1820 1386 g.
1851 1319 2102 1387 reliquiae

186 1402 415 1451 nationis
456 1400 677 1452 celticae
705 1401 758 1451 in
788 1400 974 1462 Gallia,
1018 1401 1301 1463 Britannia,
1347 1401 1605 1452 Hibernia
1632 1402 1683 1451 in
1713 1420 1880 1452 unum
1907 1420 2103 1470 corpus

186 1483 461 1550 politicum
491 1485 639 1544 uniri,
683 1485 993 1550 praesertim
1024 1501 1145 1534 cum
1188 1483 1380 1534 limites
1409 1484 1785 1535 nationalitatis
1812 1486 1915 1535 sint
1941 1502 2103 1552 saepe

186 1566 405 1617 incerti?
499 1566 631 1616 Inde
690 1584 819 1617 ansa
877 1567 1224 1633 praeberetur
1282 1568 1553 1633 perpetuis
1612 1568 2102 1634 perturbationibus

187 1649 387 1699 ordinis
426 1648 635 1700 socialis
676 1650 995 1700 exsistentis.

266 1769 433 1808 PARS
467 1769 522 1808 ΙΙ.
591 1769 755 1808 Sensu
787 1770 1028 1808 restricto.

263 1859 428 1906 Prob.
508 1857 905 1919 Restrictiones,
950 1874 1083 1924 quas
1118 1857 1329 1907 addunt
1357 1856 1507 1907 Mohl
1543 1864 1597 1907 et
1624 1856 1936 1920 Bluntschli,
1980 1866 2101 1908 sunt

262 1941 310 2006 a)
352 1956 569 2006 prorsus
620 1941 949 2003 arbitrariae3
1005 1940 1061 2003 b)
1103 1939 1262 1989 valde
1302 1957 1499 2005 vagae,
1553 1940 1626 1989 ita
1665 1948 1723 1989 ut
1762 1940 2101 1990 securitatem

187 2022 459 2090 publicam
500 2022 842 2073 labefactent.

933 2156 1264 2197 ARTICULUS
1297 2157 1348 2196 V.

950 2262 1042 2308 DE
1080 2262 1318 2309 BELLO.

192 2377 337 2442 654.
418 2378 635 2428 Bellum
676 2395 707 2428 a
745 2378 933 2429 Grotio
977 2378 1226 2428 definitur
1264 2386 1435 2428 status
1464 2386 1573 2443 per
1610 2377 1723 2427 vini
1765 2376 2101 2437 certantium,

188 2478 293 2527 qna
332 2461 470 2510 tales
495 2469 627 2511 sunt.
685 2460 958 2512 Strictiore
986 2478 1144 2511 sensu
1186 2460 1389 2510 bellum
1417 2467 1640 2510 vocatur
1665 2467 1838 2509 status
1859 2459 2100 2525 gentiunt

190 2542 492 2593 liberarum
531 2543 621 2592 vel
658 2543 931 2593 [lentinum
973 2543 1433 2608 independentinm
1464 2550 1573 2608 per
1613 2542 1724 2592 vini
1767 2540 2101 2602 certantium,

188 2642 294 2692 qna
334 2624 471 2674 tales
510 2633 643 2687 sunt,
687 2626 865 2691 itaque
907 2624 1208 2675 excluditur
1247 2623 1449 2674 bellum
1492 2622 1643 2674 civile
1685 2632 1738 2673 et
1779 2621 2017 2673 rebellio.

263 2706 469 2757 Bellum
511 2708 759 2757 dividitur
809 2708 860 2757 in
902 2707 1094 2757 instmn
1136 2715 1189 2756 et
1228 2706 1511 2767 iniustum,
1565 2705 1886 2770 offensivmn
1927 2713 1982 2755 et
2019 2703 2101 2754 de-

174 2790 470 2855 fensivmn.
542 2789 737 2856 Quoad
778 2790 1129 2855 posteriorem
1173 2789 1489 2839 divisionem
1530 2795 1661 2838 nota
1701 2805 1861 2838 omne
1902 2785 2102 2837 bellum

191 2871 367 2938 aliquo
421 2872 587 2922 modo
640 2889 757 2922 esse
802 2871 1166 2936 deffensivnnz,
1223 2871 1344 2936 quia
1394 2869 1580 2920 ultima
1620 2886 1780 2920 causa
1820 2867 2103 2919 cuiuslibet

191 2955 316 3005 belli
365 2956 487 3005 iusti
537 2963 618 3005 est
658 2953 898 3004 defensio
939 2962 992 3003 et
1047 2952 1381 3003 conservatio
1435 2952 1665 3018 propria.
1747 2949 2103 3001 Nihilominus

190 3054 349 3086 sensu
388 3037 571 3087 stricto
612 3036 810 3087 bellum
852 3035 1187 3100 defensz'vum
1226 3042 1307 3084 est
1346 3033 1490 3096 illud,
1535 3033 1684 3100 quod
1724 3033 2006 3099 suscipitur
2032 3031 2102 3081 ad

191 3118 430 3169 iniuriam
470 3119 525 3168 in
548 3118 689 3185 fieri
727 3117 1173 3185 propulsandam;
1225 3116 1544 3181 offensivmn
1585 3133 1711 3166 vero
1752 3113 1953 3172 bellum
1993 3130 2102 3163 sus-

194 3208 410 3267 ceptum
438 3202 506 3251 ad
546 3201 787 3251 iniuriam
819 3201 932 3251 iani
958 3201 1176 3265 factam
1206 3198 1582 3249 vindicandam
1607 3197 1692 3247 vel
1733 3195 2099 3263 reparandam.

192 3283 249 3332 In
291 3283 497 3349 vulgari
545 3300 791 3333 sermone
842 3282 1044 3333 bellum
1096 3290 1177 3332 est
1229 3281 1544 3331 offensivum
1585 3277 1991 3345 <aggressivum)
2033 3294 2103 3326 ex

196 3374 346 3431 parte
386 3364 520 3415 illius
562 3365 750 3431 gentis,
795 3382 931 3431 quae
972 3365 1144 3430 primo
1185 3364 1291 3413 vim
1333 3363 1481 3413 alteri
1522 3361 1692 3412 infert.
