2182 3682
206 166 313 216 206
611 176 725 205 PARS
762 177 790 206 ῐ.
843 177 1164 206 PHILOSOPHIA
1198 178 1404 207 MORALIS
1439 179 1719 208 GENERALIS.

916 330 1185 378 THESIS
1222 331 1394 377 XLII.

207 433 351 486 247·
419 433 473 480 S.
502 431 759 481 Thomas
797 434 1029 482 nomine
1065 434 1202 481 iuris
1239 434 1492 496 gentium
1529 434 1800 496 intellegit
1836 449 1931 483 eas
1955 435 2109 497 leges

201 505 496 566 positivaS,
547 523 690 569 quae
728 509 1019 556 continent
1056 509 1451 557 conclusiones
1489 509 1837 557 necessarias
1875 524 1940 557 ex
1985 511 2108 571 lege

203 582 457 629 naturali.

917 647 1180 702 (Moralphil.
1216 652 1235 689 I
1270 649 1392 703 539.)

279 748 369 802 St.
415 749 490 817 Q.
571 752 751 818 Leges
804 753 1092 819 positivae,
1148 762 1205 803 ut
1255 771 1416 820 supra
1468 754 1537 818 (n.
1590 755 1710 819 188)
1763 754 1964 804 dictum
2013 763 2108 816 est,

202 833 505 884 derivantur
556 852 624 884 ex
674 836 794 901 lege
835 834 1084 897 naturali,
1139 837 1249 886 sive
1290 853 1385 902 per
1425 835 1828 886 conclusionem
1866 836 1976 886 sive
2016 853 2111 903 per

203 916 715 966 determinationem.
830 918 1035 968 Priores
1110 917 1257 984 leges
1330 919 1588 984 positivae
1652 919 1760 968 vim
1834 918 2110 984 obligandi

202 997 403 1048 habent
453 1016 560 1048 non
608 999 779 1049 solum
822 1017 852 1049 a
892 999 1170 1050 voluntate
1211 1000 1376 1051 libera
1416 1000 1758 1067 legislatoris,
1814 1001 1909 1051 sed
1951 1001 2110 1050 etiam

202 1096 233 1130 a
284 1079 404 1146 lege
456 1081 695 1131 naturali.
779 1081 1106 1132 Posteriores
1145 1100 1272 1133 vero
1325 1082 1499 1133 solum
1542 1082 1786 1149 obligant
1825 1083 1875 1132 vi
1915 1082 2112 1132 liberae

203 1161 489 1213 voluntatis
540 1163 871 1230 legislatoris.
953 1165 1158 1215 Priores
1209 1175 1333 1215 sunt
1374 1183 1468 1232 per
1508 1183 1565 1215 se
1607 1166 1750 1231 apud
1793 1182 1981 1215 omnes
2020 1183 2110 1231 po-

203 1244 359 1311 pulos
400 1246 651 1306 eaedem,
703 1246 778 1296 sic
818 1265 865 1297 v.
911 1264 960 1313 g.
1007 1265 1194 1297 omnes
1235 1256 1424 1313 gentes
1465 1248 1753 1314 prohibent
1794 1257 1847 1298 et
1887 1247 2113 1314 puniunt

203 1327 567 1389 homicidium,
613 1328 807 1378 furtum
837 1338 935 1380 etc.
1006 1330 1117 1379 Iam
1146 1329 1429 1380 asserimus
1457 1348 1525 1380 ex
1562 1338 1741 1381 mente
1781 1329 1834 1382 S.
1866 1329 2112 1380 Thomae

204 1409 280 1459 ius
321 1411 559 1475 gentium
602 1428 718 1461 esse
759 1429 878 1461 caui
908 1420 1129 1477 partem
1171 1412 1349 1477 legum
1393 1413 1788 1478 positivorum,
1841 1430 1979 1479 quae
2019 1429 2114 1479 per

205 1493 427 1542 modum
480 1493 828 1543 conclusionis
880 1495 1210 1544 necessariae
1262 1512 1332 1544 ex
1383 1494 1503 1560 lege
1556 1494 1778 1545 naturali
1819 1495 2084 1545 derivatur
2098 1511 2108 1557 ;

208 1573 463 1640 reliquam
504 1593 631 1625 vero
683 1585 890 1642 partem
943 1576 1123 1643 legum
1176 1577 1549 1643 posstivarum,
1609 1595 1746 1644 quae
1796 1595 1892 1644 per
1943 1577 2112 1627 deter-

206 1658 552 1707 minationem
581 1676 651 1708 eX
678 1657 798 1725 lege
826 1659 1047 1709 naturali
1077 1659 1356 1720 derivatur,
1389 1660 1800 1726 comprehendit
1823 1658 1876 1710 S.
1903 1660 2113 1709 Doctor

207 1740 421 1790 nomine
461 1740 584 1790 iuris
626 1740 802 1791 civilis.

210 1863 355 1929 248.
437 1869 601 1915 Prob.
645 1883 684 1915 1.
727 1885 794 1917 ex
833 1882 873 1929 1,
917 1881 964 1929 2,
1010 1886 1059 1934 q.
1093 1878 1178 1932 95,
1224 1886 1267 1918 a.
1300 1883 1348 1931 4,
1380 1869 1470 1918 ubi
1500 1867 1552 1918 S.
1596 1867 1833 1919 Thomas
1861 1867 2112 1934 explicite

207 1949 394 1999 docet:
447 1950 492 2013 Ι)
528 1950 606 1999 ius
647 1951 884 2014 gentium
926 1951 1187 2015 pertinere
1228 1951 1296 2000 ad
1339 1951 1484 2015 leges
1511 1950 1787 2016 positivus
1825 1951 2107 2001 lzumcmas.

209 2028 431 2095 Quaerit
471 2033 611 2081 enim
654 2032 721 2082 de
763 2033 1019 2082 divisione
1060 2033 1193 2099 legis
1231 2031 1502 2083 humanae
1530 2041 1582 2082 et
1623 2033 1899 2099 conceptis
1938 2033 2115 2083 verbis

207 2113 463 2163 affirmat:
514 2114 643 2163 «Est
684 2115 751 2164 de
793 2115 995 2164 ratione
1037 2114 1176 2180 legis
1214 2115 1503 2176 humanae,
1547 2115 1694 2181 quod
1723 2116 1789 2165 sit
1822 2116 2059 2165 derivata
2087 2132 2117 2165 a

208 2195 327 2260 lege
380 2202 623 2256 naturae,
671 2239 678 2246 .
726 2239 734 2247 .
780 2239 787 2246 .
833 2206 886 2247 et
934 2198 1228 2247 secundum
1270 2197 1375 2247 hoc
1418 2197 1667 2246 dividitur
1707 2198 1790 2247 ius
1818 2197 2111 2262 positivum

130 2272 136 2277 ’
206 2278 257 2327 in
298 2278 382 2328 ius
414 2279 653 2343 gencium
696 2289 748 2328 et
789 2279 870 2328 ius
917 2279 1088 2329 civile.
1104 2300 1123 2324 »

285 2362 335 2424 2)
383 2361 495 2410 Iam
548 2362 840 2427 quaeritur,
895 2379 1159 2428 quaenam
1214 2378 1337 2427 pars
1389 2360 1569 2427 legum
1620 2363 1969 2428 positivarum
2021 2361 2112 2411 hu-

206 2460 483 2493 manarum
524 2444 813 2494 constituat
851 2445 932 2493 ius
975 2443 1247 2510 gentium?
1311 2444 1473 2510 Resp.
1506 2442 1558 2494 S.
1591 2444 1826 2494 Doctor:
1877 2443 2002 2494 «Ad
2030 2445 2111 2494 ius

207 2526 443 2590 gentium
485 2526 749 2591 pertinent
789 2543 866 2587 ea,
911 2543 1045 2592 quae
1085 2525 1409 2575 derivantur
1448 2543 1516 2575 cx
1556 2526 1673 2591 lege
1713 2534 1946 2575 naturae
1980 2525 2116 2575 sicut

205 2607 564 2657 conclusiones
604 2626 671 2657 ca:
699 2608 1009 2673 principiis,
1052 2617 1109 2657 ut
1150 2609 1317 2657 iustae
1359 2608 1659 2673 emptiones
1696 2616 1748 2658 et
1775 2608 2111 2658 venditiones

206 2698 258 2739 et
297 2689 397 2740 alia
437 2690 757 2751 huiusmodi,
801 2691 913 2740 sine
953 2690 1148 2755 quibus
1187 2690 1429 2739 homines
1468 2690 1537 2740 ad
1573 2690 1798 2740 invicem
1830 2690 2111 2740 convivere

207 2789 314 2821 non
367 2780 617 2838 possunt,
673 2773 821 2838 quod
876 2780 957 2822 est
1008 2773 1074 2821 de
1116 2771 1236 2837 lege
1277 2779 1528 2821 naturae»
1576 2772 1665 2836 (ib.
1710 2790 1759 2838 q.
1804 2782 1904 2836 95,
1947 2788 1993 2822 a.
2036 2772 2107 2835 4).

280 2854 368 2903 EX
420 2854 595 2904 verbis
654 2855 794 2904 «sine
846 2855 1040 2920 quibus
1092 2854 1335 2904 homines
1376 2855 1656 2904 convivere
1697 2872 1805 2903 non
1845 2860 2104 2920 possunt»

208 2935 470 3002 colligitur
510 2935 562 2986 S.
606 2936 877 2986 Thomam
924 2936 1070 3003 loqui
1111 2937 1179 2986 de
1220 2935 1652 2986 conclusionibus
1692 2935 2001 2986 necessariis
2041 2952 2110 2984 ex

207 3016 327 3084 lege
367 3025 601 3068 naturae.
672 3017 921 3068 Ceterum
963 3036 1149 3068 omnes
1191 3018 1562 3068 conclusiones
1594 3019 1807 3084 proprie
1837 3018 2012 3067 dictae
2040 3034 2110 3066 ex

208 3100 449 3150 doctrina
490 3097 542 3149 S.
587 3098 833 3149 Thomae
872 3108 993 3149 sunt
1033 3100 1376 3149 necessariae.
1461 3100 1798 3149 «Praemissis
1837 3099 1977 3149 enim
2024 3115 2111 3147 ex-

207 3182 538 3243 sistentibu5‚
593 3198 811 3231 necesse
852 3190 932 3231 est
972 3181 1370 3232 conclusionem
1414 3198 1555 3242 esse,
1616 3190 1669 3231 et
1719 3182 1841 3231 ideo
1892 3196 2111 3229 necesse

209 3271 303 3324 est,
348 3263 511 3329 quod,
556 3263 815 3328 quidquid
859 3281 929 3313 ex
955 3265 1094 3313 iusto
1124 3262 1345 3313 naturali
1371 3263 1611 3329 sequitur
1639 3264 1789 3329 quasi
1817 3260 2106 3322 conclusio,

209 3345 273 3393 sit
314 3345 508 3394 iustum
548 3344 816 3395 naturale»
866 3345 943 3408 (In
974 3345 1027 3394 V
1055 3345 1177 3395 Eth.
1222 3344 1252 3394 1.
1305 3345 1404 3409 12).
1482 3345 1728 3411 Denique
1769 3344 1823 3395 S.
1867 3343 2108 3393 Thomas
