2182 3682
208 145 312 196 392
606 143 720 171 PARS
754 143 801 172 11.
853 143 1169 172 PHILOSOPHIA
1203 142 1405 171 MORALIS
1441 143 1692 173 SPECIALIS.

203 286 317 328 tura
376 279 636 344 postulat;
701 281 850 331 aliae
908 299 1034 331 vero
1095 291 1216 331 sunt
1264 281 1540 346 positivae
1599 282 2001 348 consistuntque
2061 281 2111 331 in

199 360 482 411 sufficienti
523 364 680 429 copia
719 364 1082 413 subsidiorum
1126 364 1364 429 corporis
1405 372 1458 413 et
1497 364 1672 425 animi,
1716 380 1853 430 quae
1881 364 2033 430 quasi
2058 364 2111 413 in

200 444 380 493 medio
421 455 692 510 ponuntur
732 446 1091 512 omnibusque
1132 446 1441 506 offeruntur,
1484 446 1555 495 ita
1596 453 1654 495 ut
1693 446 1893 496 directe
1933 464 2028 512 per
2054 463 2112 496 se

199 541 352 574 suam
395 525 699 577 felicitatem
740 527 1094 593 temporalem
1135 527 1347 577 efficere
1386 526 1612 578 valeant.

273 607 385 657 Iam
448 609 584 659 inter
646 609 742 658 has
803 610 1149 660 condiciones
1200 609 1388 674 primo
1452 609 1564 659 loco
1624 609 1935 659 obtinendas
1993 627 2110 659 esse
2162 600 2163 605 ¹

197 690 414 756 priores,
457 691 529 740 ita
569 698 628 740 ut
668 708 960 757 numquam
1002 692 1101 741 sub
1143 700 1425 757 praetextu
1467 692 1596 741 boni
1633 692 1930 742 communis
1969 691 2109 742 hunc

198 773 436 822 ordinem
480 773 789 823 subvertere
830 774 1000 834 liceat,
1046 782 1219 839 patet:
1273 788 1313 823 Ι.
1359 791 1428 823 ex
1468 791 1550 834 eo,
1595 774 1742 840 quod
1783 772 1869 823 illa
1909 791 2019 840 pax
2055 783 2110 824 et

196 855 447 904 securitas
499 855 687 904 iurium
740 857 910 921 prima
962 864 1015 905 et
1068 856 1300 905 maxime
1353 855 1644 905 essentialis
1692 856 1939 906 condicio
1991 873 2107 922 pro-

195 937 459 1002 speritatis
499 937 709 987 socialis
751 948 843 988 est.
927 938 1068 988 Hinc
1115 937 1270 988 illud:
1326 937 1530 987 Iustitia
1570 946 1649 987 est
1702 937 2107 987 fundamentum

196 1036 498 1085 regnorum.
573 1019 745 1069 Immo
786 1021 992 1085 absque
1032 1020 1317 1070 securitate
1357 1020 1545 1069 iurium
1587 1019 1720 1070 aliae
1763 1020 2108 1070 condiciones

193 1101 457 1167 positivae
498 1102 766 1168 procurari
807 1101 1130 1152 sufficienter
1170 1120 1278 1151 non
1319 1111 1560 1168 possunt.

270 1197 316 1234 2.
371 1184 546 1249 Magis
586 1184 893 1234 hominibus
935 1185 1085 1234 cordi
1126 1192 1232 1245 est,
1289 1194 1372 1244 ut,
1424 1191 1682 1250 quantum
1724 1184 1858 1233 ordo
1899 1184 2108 1234 socialis

191 1266 462 1332 permittit,
507 1267 558 1315 in
600 1266 756 1316 bonis
796 1267 899 1315 iam
942 1267 1053 1315 iure
1081 1267 1149 1315 ad
1191 1284 1247 1315 se
1289 1267 1678 1332 pertinentibus
1719 1267 2101 1328 custodiantur,

191 1365 352 1414 quam
405 1356 463 1398 ut
514 1348 594 1398 his
646 1348 868 1398 sublatis
919 1349 978 1397 iis
1032 1356 1271 1414 potestas
1322 1348 1422 1397 alia
1474 1348 1781 1414 acquirendi
1835 1349 2102 1409 offeratur,

189 1432 501 1496 praesertim
543 1448 666 1481 cum
708 1431 840 1480 haec
883 1430 983 1480 alia
1023 1431 1211 1480 iterum
1256 1431 1314 1479 iis
1356 1430 1547 1480 auferri
1589 1439 1836 1496 possent,
1885 1431 1928 1480 si
1968 1431 2103 1481 ordo

188 1513 434 1563 iuridicus
481 1513 617 1563 intra
670 1513 863 1563 limites
904 1514 1234 1562 necessitatis
1277 1513 1574 1562 communis
1625 1531 1734 1562 non
1773 1522 2106 1579 supponatur

190 1594 521 1646 inviolabilis

190 1723 335 1778 522.
423 1712 621 1764 Coroll.
668 1729 713 1762 I.
800 1713 934 1763 Cum
989 1713 1105 1763 finis
1158 1713 1497 1763 ansforl'sall's
1550 1713 1710 1762 civilis
1762 1713 1828 1763 sit
1868 1713 2098 1779 efficere,

187 1804 244 1845 ut
296 1797 537 1846 membra
589 1796 858 1845 societatis
909 1796 961 1844 in
1014 1796 1255 1845 eiusdem
1310 1795 1469 1844 finem
1526 1805 1883 1861 cooperentur
1933 1804 1985 1845 et
2025 1796 2100 1845 sic

186 1879 414 1928 societas
476 1878 637 1928 finem
695 1895 845 1927 suum
905 1886 1284 1943 consequamur,
1347 1895 1415 1927 ex
1472 1877 1627 1927 dictis
1682 1879 1880 1927 eruitur
1938 1877 2099 1927 finem

185 1961 513 2010 auctoritatis
555 1959 718 2010 civilis
760 1978 874 2010 esse
927 1977 1238 2026 procurare,
1295 1968 1351 2009 ut
1393 1960 1661 2009 communi
1704 1960 2098 2026 conspiratione

186 2044 529 2093 condiciones
557 2042 690 2104 illae,
735 2043 785 2092 in
816 2043 1012 2108 quibus
1053 2043 1462 2108 prosperitatem
1506 2042 1776 2108 publicam
1806 2043 2095 2092 consistere

185 2125 431 2186 diximus,
477 2125 831 2175 obtineantur.
914 2125 1228 2190 Praeprimis
1269 2141 1398 2190 ergo
1442 2125 1605 2174 debet
1645 2125 1887 2174 ordinem
1925 2124 2096 2174 iuridi-

184 2225 304 2258 cum
347 2208 616 2257 societatis
657 2208 941 2274 organicae
981 2216 1199 2256 naturae
1243 2207 1781 2272 correspondentem‚
1833 2215 2095 2273 quatenus

183 2290 286 2339 iam
330 2307 424 2356 per
475 2289 651 2355 legem
692 2289 989 2339 naturalem
1032 2289 1414 2339 determinatus
1455 2298 1561 2350 est,
1615 2290 1776 2352 tueri;
1833 2298 2095 2355 quatenus

181 2389 308 2422 vero
352 2372 795 2422 determinatione
837 2373 1056 2437 indiget,
1103 2372 1401 2421 secundum
1430 2372 1756 2437 exigentiam
1797 2372 1925 2421 boni
1953 2388 2094 2421 com-

182 2455 356 2503 munis
397 2454 749 2504 determinare
779 2464 831 2504 et
873 2453 1159 2520 complere.
1217 2454 1496 2503 Praeterea
1526 2454 1689 2503 debet
1729 2454 1863 2503 intra
1903 2452 2094 2503 limites

182 2537 381 2586 ordinis
421 2537 624 2586 iuridici
665 2537 830 2586 modo
874 2536 1127 2602 descripti
1168 2553 1453 2602 procurare
1489 2536 1661 2585 omnis
1702 2536 1910 2601 generis
1950 2535 2095 2585 bona

182 2627 295 2668 tum
337 2619 575 2684 corporis
616 2628 727 2668 tum
771 2620 944 2679 animi,
990 2635 1127 2684 quae
1169 2619 1520 2684 requiruntur,
1565 2625 1623 2667 ut
1650 2617 1892 2667 membra
1931 2617 2094 2667 socie-

181 2701 302 2751 tatis
351 2700 514 2751 civilis
566 2701 975 2766 prosperitatem
1028 2718 1178 2750 suam
1228 2702 1490 2766 privatam
1532 2717 1759 2765 eamque
1810 2699 2093 2749 honestam
2167 2755 2173 2760 ⁴

180 2783 334 2833 huius
373 2784 513 2833 vitae
552 2783 652 2848 ipsi
692 2800 788 2849 per
827 2800 884 2832 se
927 2783 1137 2832 efficere
1177 2782 1403 2832 valeant.

182 2918 327 2972 523.
414 2907 615 2959 Cm‘oll.
672 2924 719 2959 2.
812 2909 959 2974 Ergo
1014 2918 1155 2958 recte
1210 2909 1402 2958 dicitur
1455 2908 1708 2957 activilas
1749 2906 1969 2973 publica
2022 2906 2090 2956 ad

179 2991 440 3057 privatam
485 2991 742 3041 accedere
794 2999 1069 3057 tamquam
1123 2990 1278 3040 huius
1319 2990 1752 3055 complemenlum
1794 2990 2091 3039 extrinsece

180 3074 561 3136 necessarium3
605 3073 741 3123 illius
781 3074 934 3139 proin
975 3073 1245 3139 propriam
1272 3073 1556 3139 sphaeram
1597 3073 1669 3121 ibi
1709 3072 1954 3137 incipere,
1999 3071 2092 3120 ubi

180 3155 333 3205 huius
373 3156 624 3205 naturalis
664 3156 897 3205 ambitus
947 3155 1151 3204 desinit.
1234 3155 1396 3205 Unde
1449 3163 1591 3204 recte
1644 3155 1803 3203 etiam
1843 3170 1873 3202 a
1912 3151 2090 3202 multis

181 3237 372 3288 dicitur
399 3239 769 3288 auctoritatem
800 3236 1005 3287 civilem
1035 3237 1213 3287 omnia
1242 3238 1485 3286 ordinare
1514 3253 1689 3302 posse,
1721 3252 1858 3301 quae
1886 3235 2090 3285 bonum

180 3336 464 3369 commune
504 3321 841 3369 subditorum
883 3319 1076 3385 exigit,
1131 3336 1269 3384 quae
1310 3320 1422 3368 sine
1462 3318 1596 3368 illius
1637 3318 1935 3367 interventu
1975 3333 2084 3366 non

2179 218 2182 427 ἦ
