2182 3682
215 163 316 226 338
607 172 721 201 PARS
756 172 804 201 ΙΙ.
855 171 1175 201 PHILOSOPHIA
1209 171 1413 200 MORALIS
1449 171 1698 201 SPECIALIS.

210 326 424 359 munem
467 307 647 359 locum
687 309 1004 360 habituram.
1067 309 1199 359 Ideo
1230 308 1382 359 multi
1423 309 1826 359 oeconomistae
1865 309 2008 358 varia
2048 325 2123 358 re-

209 392 386 441 media
426 399 613 441 contra
664 391 883 441 nimium
927 393 1311 442 incrementum
1364 390 1552 458 populi
1592 398 1927 458 proponunt,
1983 407 2121 458 quae

208 475 400 540 partim
442 474 547 540 legi
586 473 811 524 naturali
853 482 1171 540 repugnant,
1223 474 1414 540 partim
1457 481 1640 524 carent
1679 474 1825 523 omni
1865 473 2117 524 efficacia.

208 587 280 592 —-
319 556 381 606 Id
422 555 611 606 saltem
652 574 722 606 ex
751 557 905 606 dictis
946 555 1198 606 efficitur:
1243 556 1621 606 detrimentum
1656 557 1866 622 generis
1905 556 2121 606 humani

208 656 277 689 ex
318 638 582 698 caelibatu
624 639 922 688 timendum
962 655 1071 688 non
1113 655 1245 689 esse.

282 721 559 772 Praeterea
596 721 654 787 β)
696 720 897 770 bonum
941 721 1148 786 generis
1176 720 1394 770 humani
1433 728 1644 787 praeter
1671 721 2118 788 propagationem

207 803 306 853 alia
347 820 516 869 eaque
557 802 755 853 altioris
797 803 995 852 ordinis
1036 803 1179 853 bona
1217 803 1447 869 requirit,
1492 820 1628 869 quae
1655 803 1707 853 in
1747 810 1888 853 statu
1916 802 2119 853 caelibe

208 885 423 946 facilius,
468 886 645 946 tutius,
690 885 1048 935 abundantius
1090 885 1317 935 obtineri
1356 894 1596 952 possunt.
1667 883 1775 950 Qui
1816 887 1956 935 enirn
1997 902 2119 936 con-

205 969 331 1034 iugii
373 985 533 1017 onere
572 966 732 1017 soluti
772 976 912 1029 sunt,
962 967 1164 1017 facilius
1205 968 1317 1017 sine
1357 967 1463 1018 ulla
1502 985 1598 1034 spe
1640 967 1767 1018 lucri
1807 966 2119 1034 temporalis

205 1051 256 1100 in
309 1068 473 1117 opera
524 1051 671 1100 bono
726 1051 999 1100 communi
1051 1051 1374 1111 necessaria,
1429 1069 1475 1101 v.
1529 1068 1580 1117 g.
1634 1050 1907 1112 scientiaS,
1961 1059 2116 1112 artes.‚

206 1133 409 1183 cultum
475 1134 743 1193 divinum,
811 1151 975 1199 opera
1041 1133 1432 1183 misericordiae
1499 1142 1632 1193 etc.,
1701 1150 1759 1183 se
1824 1139 1972 1183 totos
2029 1134 2118 1183 im-

206 1216 464 1282 pendunt

280 1306 336 1370 b)
378 1306 778 1355 Matrimonium
819 1322 926 1354 non
969 1313 1049 1354 est
1090 1304 1383 1354 remedium
1413 1312 1599 1354 contra
1628 1304 2118 1371 concupiscentiam

203 1387 450 1438 absolute
502 1388 874 1437 necessarium.
956 1387 1096 1436 Nam
1149 1396 1358 1453 praeter
1411 1386 1586 1436 media
1633 1386 1916 1448 naturalia,
1970 1405 2019 1437 v.
2064 1403 2114 1452 g.

204 1470 497 1521 naturalem
525 1469 813 1520 voluntatis
840 1470 1097 1536 vigorem,
1130 1470 1423 1521 orationem
1456 1479 1575 1531 etc.‚
1621 1469 1804 1535 religio
1834 1469 2119 1520 christiana

204 1553 428 1619 plurima
470 1570 640 1619 eaque
682 1553 1048 1602 efficacissima
1088 1554 1414 1619 suppeditat.

205 1704 354 1756 442.
435 1702 603 1741 PARS
634 1703 689 1741 II.
753 1703 905 1741 Immo
935 1702 1204 1752 perfectior
1236 1706 1316 1741 est
1347 1705 1477 1741 statu
1512 1702 1736 1751 coniugii.

251 1791 336 1843 (Cf.
371 1792 549 1838 Balmes,
584 1792 950 1830 Protestantismus
985 1805 1169 1844 compar.
1205 1805 1299 1831 curn
1333 1792 1624 1831 catholicismo
1658 1806 1692 1830 c.
1730 1792 1799 1831 26.
1863 1790 2070 1836 Zaccarz'a,

792 1859 926 1898 Storia
960 1860 1166 1912 polemica
1200 1860 1268 1898 del
1303 1856 1520 1910 celibato.)

279 1955 445 2002 Prob.
526 1953 834 2004 Caelibatus
876 1955 1214 2015 christianus,
1259 1956 1349 2021 qui
1390 1956 1596 2004 virtutis
1637 1972 1819 2005 amore
1844 1952 2114 2014 servatur,

203 2037 540 2087 matrimonio
583 2054 677 2103 per
716 2055 773 2087 se
815 2045 1062 2104 praestat,
1107 2038 1231 2104 quia
1259 2038 1494 2087 animum
1524 2055 1554 2087 a
1595 2037 1772 2087 multis
1813 2037 1951 2087 curis
1979 2036 2117 2087 circa

201 2119 344 2168 bona
385 2120 648 2176 terrestria
689 2119 876 2170 liberat
917 2138 1147 2186 eumque
1177 2121 1347 2186 magis
1377 2121 1691 2186 expeditum
1735 2119 1926 2180 reddit,
1971 2127 2026 2168 ut
2054 2135 2112 2168 se

201 2201 269 2250 ad
310 2202 597 2268 spiritualia
638 2202 810 2252 elevet
850 2211 902 2252 et
942 2203 1194 2252 indivisus
1235 2203 1356 2252 Deo
1399 2203 1702 2253 adhaereat.
1765 2199 1906 2266 Quin
1949 2202 2115 2251 immo

201 2284 488 2349 virginitas,
534 2284 766 2334 docente
808 2284 860 2335 S.
903 2284 1110 2335 Thema
1154 2284 1232 2349 (C.
1278 2292 1420 2351 gent.
1466 2284 1496 2335 l.
1533 2299 1578 2349 3,
1623 2302 1665 2335 c.
1712 2285 1849 2349 136),
1893 2285 1962 2333 ad
2003 2300 2116 2350 per-

202 2366 504 2428 fectionem,
550 2384 687 2433 quae
725 2384 1067 2417 communem
1096 2367 1317 2416 modum
1347 2367 1577 2428 excedit,
1622 2367 1894 2416 hominem
1926 2365 2113 2423 elevat,

202 2449 248 2498 ei
303 2448 702 2499 similitudinem
758 2450 1029 2516 quandam
1087 2467 1206 2500 cum
1268 2450 1384 2516 ipso
1442 2450 1563 2499 Deo
1621 2458 1673 2499 et
1733 2449 2115 2514 cognationem

202 2547 323 2580 cum
375 2530 579 2597 angelis
632 2532 933 2582 tribuendo.
1016 2532 1140 2581 Non
1193 2532 1350 2597 igitur
1402 2533 1590 2581 mirum
1639 2541 1718 2581 est
1758 2531 2115 2597 virginitatem

200 2621 420 2679 propter
461 2614 696 2663 divinum
726 2613 928 2663 cultum
957 2623 1221 2664 servatam
1249 2613 1331 2664 vel
1360 2614 1506 2680 apud
1548 2630 1790 2680 paganos
1819 2613 1871 2662 in
1899 2629 2111 2663 summo

201 2695 405 2745 honore
448 2695 627 2745 fuisse.

284 2821 385 2861 Obi.
421 2834 455 2861 1.
532 2815 712 2861 Contra
747 2821 881 2876 part.
928 2816 967 2861 L
1042 2811 1106 2877 (S.
1154 2816 1344 2870 Πρω,
1396 2815 1450 2861 C.
1490 2823 1621 2874 gent.
1668 2815 1750 2862 lib.
1791 2830 1845 2875 3,
1898 2831 1940 2861 c.
1985 2810 2112 2875 136.)

201 2890 371 2935 Homo
407 2897 584 2950 peccat
631 2890 928 2936 abstinendo
973 2906 1000 2935 a
1046 2889 1184 2947 cibo,
1235 2889 1318 2950 qui
1367 2904 1481 2936 suae
1531 2888 1897 2936 conservationi
1944 2903 2117 2936 neces-

200 2963 352 3010 sarius
401 2972 485 3011 est.
557 2964 696 3023 Ergo
733 2981 760 3010 a
797 2964 988 3010 fortiori
1035 2972 1213 3025 peccat
1261 2964 1558 3011 abstinendo
1610 2964 1672 3010 ab
1720 2978 1806 3022 eo,
1856 2963 1993 3024 quod
2042 2970 2115 3009 est

200 3039 535 3085 necessarium
574 3039 638 3085 ad
676 3039 1106 3086 conservationem
1144 3039 1343 3100 speciei.

279 3144 430 3193 Resp.
506 3136 639 3182 Cone.
680 3142 822 3182 antec.
862 3142 907 3182 et
939 3151 1053 3196 nego
1090 3152 1206 3182 cons.
1246 3142 1291 3182 et
1314 3138 1588 3198 paritatem.
1661 3137 1719 3181 In
1755 3135 1843 3192 his,
1883 3149 2010 3195 quae
2046 3134 2114 3180 in-

202 3209 402 3256 dividuo
429 3212 710 3258 necessaria
736 3220 858 3269 sunt,
899 3210 1098 3258 cuilibet
1124 3210 1374 3272 provideri
1400 3211 1563 3257 debet.
1613 3210 1729 3256 Non
1759 3217 1922 3256 autem
1947 3223 2114 3256 neces-

201 3283 407 3342 sarium,
457 3284 610 3331 immo
647 3300 712 3332 ne
748 3284 982 3346 possibile
1020 3284 1223 3345 quidem
1272 3294 1369 3343 est,
1420 3293 1471 3331 ut
1507 3299 1590 3342 ea,
1643 3299 1769 3345 quae
1814 3283 1878 3330 ad
1923 3283 2112 3329 bonum

201 3358 386 3419 speciei
425 3368 534 3406 sunt
570 3360 863 3417 necessaria,
904 3361 966 3406 ab
1003 3374 1309 3420 unoquoque
1338 3367 1667 3421 procurentur
1703 3354 1782 3419 (cf.
1821 3373 2006 3419 argum.
2052 3354 2110 3418 1).
