2182 3682
524 170 612 199 ΜΒ.
641 166 677 198 Ἰ.
724 170 825 199 CAP.
861 171 903 199 v.
951 169 1013 197 DE
1048 169 1418 200 CONTRACTIBUS.
1813 175 1910 225 321

24 308 54 358 i.
85 323 127 356 e.
171 322 266 371 per
303 322 360 354 se
401 321 522 354 cum
563 304 758 353 eodem
787 320 1052 366 coneXus;
1097 305 1244 369 quod
1273 305 1461 354 iterum
1492 304 1772 371 dupliciter
1799 322 1920 355 con-

26 389 228 453 tingere
267 394 477 452 potest:
521 385 603 435 vel
642 386 963 450 simpliciter
1002 385 1086 435 vel
1124 386 1407 436 secundum
1449 387 1589 451 quid.

98 467 309 518 Titulus
347 468 671 533 simpliciter
709 466 994 532 (absolute)
1035 467 1350 517 intrinsecus
1390 475 1470 517 est
1509 467 1619 528 ille,
1671 469 1761 533 qui
1801 486 1922 533 cum

26 558 211 601 natura
262 550 431 599 mutui
470 549 553 599 vel
606 550 676 599 rei
729 557 1002 599 mutuatae
1042 549 1341 615 (pecuniae)
1381 567 1594 615 semper
1633 558 1684 598 et
1726 550 1924 616 ubique

28 649 264 683 conexus
315 640 421 693 est3
474 632 756 681 secundnm
798 631 932 697 qnid
965 631 1284 681 intrinsecus
1324 640 1404 680 est
1443 630 1554 692 ille,
1609 632 1698 696 qui
1739 640 1925 681 mutuo

27 714 242 781 quidem
271 732 365 780 per
391 731 448 764 se
476 714 804 764 extrinsecus
832 722 926 775 est,
963 721 1198 763 attamen
1227 715 1299 763 rei
1327 722 1599 763 mutuatae
1629 713 1926 779 (pecuniae)

26 806 244 863 propter
292 795 578 862 specialem
631 797 1003 846 condicionem
1052 797 1458 846 oeconomicam
1498 796 1767 845 societatis
1807 795 1927 845 dur-

29 887 151 928 ante
189 878 288 928 lcoc
325 888 467 929 statu
505 896 718 944 semper
758 896 998 928 conexus
1041 888 1135 929 est.

102 960 312 1011 Titulus
353 979 482 1027 ergo
534 962 853 1011 intrinsecus
901 962 1181 1010 samnium
1235 961 1370 1026 quid
1403 961 1553 1026 quasi
1604 960 1811 1010 medius
1852 968 1931 1009 est

30 1042 164 1092 inter
221 1043 431 1093 titulum
490 1043 797 1110 simpliciter
855 1044 1195 1093 intrinsecum
1256 1052 1309 1092 et
1366 1042 1676 1109 simpliciter
1741 1043 1931 1092 extrin-

30 1141 213 1175 secum
254 1135 306 1176 et
347 1127 414 1175 de
455 1134 683 1192 utroque
723 1126 921 1192 aliquid
963 1126 1258 1192 participat.
1329 1124 1594 1174 Convenit
1627 1142 1749 1174 cum
1776 1123 1930 1174 titulo

30 1208 331 1258 extrinseco
385 1225 476 1270 eo,
535 1209 683 1274 quod
736 1226 843 1257 non
895 1226 965 1257 ex
1015 1206 1129 1257 sola
1181 1215 1368 1258 natura
1408 1208 1578 1256 mutui
1618 1216 1671 1256 et
1711 1207 1783 1256 rei
1823 1224 1931 1255 mu-

29 1295 209 1339 tuatae
249 1290 427 1353 adest3
473 1308 595 1340 cum
635 1290 788 1340 titulo
829 1291 1114 1341 intrinseco
1156 1307 1237 1351 eo,
1281 1290 1428 1355 quod
1460 1290 1512 1338 in
1540 1288 1717 1355 aliqua
1743 1288 1932 1338 saltem

32 1373 347 1422 condicione
401 1375 750 1423 oeconomica
800 1391 1012 1439 semper
1064 1390 1185 1422 cum
1244 1372 1469 1438 pecunia
1520 1378 1760 1421 mutuata
1813 1388 1933 1421 con-

30 1455 239 1504 iunctus
280 1463 375 1516 est,
419 1456 651 1522 ideoque
692 1473 799 1504 non
839 1456 974 1505 sicut
1014 1454 1149 1504 tituli
1189 1472 1333 1504 mere
1373 1454 1652 1503 extrinseci
1682 1471 1778 1520 pro
1808 1471 1933 1502 uno-

33 1554 250 1603 quoque
291 1555 416 1587 casu
457 1538 730 1588 individuo
772 1538 986 1603 probari
1021 1537 1198 1597 debet,
1242 1536 1337 1586 sed
1365 1553 1578 1601 semper
1606 1553 1676 1585 ex
1703 1534 1936 1601 generali

35 1619 352 1669 condicione
400 1621 659 1685 pecuniae
700 1621 866 1670 adest.
948 1619 1072 1669 Non
1115 1619 1225 1668 dari
1266 1617 1478 1667 titulum
1518 1617 1828 1683 simpliciter
1867 1618 1936 1666 in-

34 1701 318 1751 trinsecum
364 1694 557 1752 'mutuo
611 1720 795 1752 omnes
850 1702 1178 1762 concedunt3
1237 1700 1347 1749 dari
1388 1699 1598 1750 titulum
1639 1699 1935 1750 secundum

35 1783 163 1849 quid
204 1785 545 1834 intrinsecum
586 1802 683 1834 nos
724 1784 1113 1834 contendimus.

39 1911 185 1964 415.
254 1902 415 1952 Tituli
444 1904 737 1953 extrinseci
755 1911 942 1952 mutuo
966 1909 1114 1952 sunt:
1146 1903 1196 1965 a)
1226 1902 1431 1951 lucrum
1456 1917 1682 1962 cessans,
1712 1900 1768 1963 b)
1792 1900 1938 1949 dam-

35 2000 159 2033 num
198 2001 489 2050 emergens,
534 1986 582 2050 c)
612 1985 917 2050 periculzmz
960 1984 1435 2034 extraordinarium
1477 1983 1802 2033 amittendae
1829 1999 1938 2031 sor-

35 2065 131 2126 tis,
174 2066 228 2129 d>
258 2075 436 2131 poena
476 2068 907 2117 cmlvenlionalis.
991 2067 1227 2116 Lucrum
1269 2082 1482 2115 cessans
1524 2066 1697 2126 adest,
1740 2065 1783 2114 si
1824 2065 1940 2130 quis

35 2157 257 2214 propter
295 2158 538 2199 mutuum
572 2151 844 2215 acquirere
883 2150 1184 2215 impeditur,
1228 2149 1376 2214 quod
1406 2147 1638 2214 alioquin
1668 2147 1940 2213 acquirere

35 2239 244 2296 posset;
301 2231 555 2281 damnum
606 2249 913 2297 emergens,
968 2231 1009 2280 si
1061 2232 1178 2297 quis
1231 2231 1486 2279 damnum
1528 2230 1725 2295 patitur
1764 2229 1815 2278 in
1856 2245 1937 2289 eo,

38 2313 186 2378 quod
245 2313 348 2362 iam
408 2313 586 2363 habet.
687 2314 785 2363 Pro
846 2313 926 2363 his
984 2313 1148 2362 titulis
1209 2313 1517 2362 extrinsecis
1577 2311 1808 2377 aliquam
1869 2327 1942 2359 re-

38 2395 381 2445 tributionem
422 2395 557 2446 ultra
597 2403 796 2446 sortem
837 2397 981 2461 exigi
1008 2413 1168 2462 posse
1196 2412 1355 2444 nemo
1385 2403 1573 2460 negat3
1618 2394 1741 2459 quia
1768 2391 1939 2442 solum

39 2476 337 2543 postulatur
377 2479 696 2528 indemnitas
736 2496 833 2545 pro
876 2496 1052 2537 onere,
1096 2478 1243 2544 quod
1285 2478 1401 2543 quis
1442 2477 1585 2526 subit
1624 2477 1675 2525 in
1705 2475 1941 2525 favorem

38 2557 264 2610 alterius.
335 2558 619 2624 Quaeritur
659 2569 837 2611 autem
880 2561 947 2610 de
988 2559 1141 2609 titulo
1182 2560 1466 2609 intrinseco
1508 2576 1665 2608 sensu
1702 2557 1941 2607 secundo

0 2655 1 2683 ἓ
38 2657 198 2708 Supra
237 2643 523 2709 explicato
605 2642 661 2693 Si
706 2643 791 2693 ille
832 2642 1015 2693 titulus
1056 2642 1361 2702 affirmatur,
1405 2648 1650 2690 mutuum
1691 2641 1795 2690 iam
1836 2656 1941 2688 non

39 2732 120 2774 est
160 2732 464 2775 contractus
512 2726 798 2791 gratuitus,
852 2724 949 2774 sed
990 2741 1249 2774 onerosus
1290 2732 1343 2773 et
1383 2723 1597 2789 proprie
1638 2728 1944 2772 contractus

40 2804 268 2856 fenebris
308 2816 658 2874 nuncupatur.

43 2929 189 2994 416.
272 2945 318 2995 3.
362 2933 590 2983 Veteres
629 2934 943 2983 unanimiter
982 2932 1267 2982 liceitatem
1297 2931 1452 2981 huius
1491 2938 1794 2981 contractus
1823 2946 1942 2978 cum

41 3011 95 3063 S.
148 3013 356 3064 Thema
398 3015 467 3079 (2,
513 3029 559 3077 2,
604 3034 653 3081 q.
701 3018 784 3079 78,
828 3033 873 3065 a.
925 3029 976 3077 1;
1022 3015 1106 3064 De
1147 3014 1289 3063 malo
1332 3031 1380 3079 q.
1422 3027 1499 3077 13,
1544 3029 1585 3062 a.
1629 3013 1684 3075 4)
1726 3019 1941 3077 negant,

41 3100 154 3146 tum
207 3099 521 3147 auctoritate
562 3097 614 3149 S.
659 3096 962 3164 Scripturae
1014 3106 1066 3146 et
1108 3096 1380 3146 Ecclesiae
1430 3104 1542 3144 tum
1596 3094 1695 3143 hac
1743 3094 1945 3142 ratione

44 3177 217 3240 ducti,
273 3180 418 3245 quod
469 3181 696 3246 pecunia
746 3181 812 3230 sit
863 3197 945 3229 res
998 3176 1448 3245 consumptibilis,
1505 3176 1653 3225 cuius
1701 3191 1825 3224 usus
1865 3182 1945 3223 est

43 3260 203 3326 ipsius
257 3263 625 3328 consumptio,
680 3262 752 3312 ita
802 3269 861 3311 ut
911 3279 1019 3312 non
1070 3261 1225 3311 liceat
1275 3261 1387 3309 sine
1426 3258 1675 3307 iniustitia
1714 3255 1945 3305 vendere

47 3345 330 3408 separatim
371 3362 526 3394 usum
566 3346 635 3394 rei
678 3353 731 3394 et
770 3346 938 3410 ipsam
974 3361 1100 3394 rem.
1169 3343 1349 3392 Hodie
1378 3358 1406 3389 e
1436 3339 1713 3398 contrario,
1756 3353 1946 3402 appro-

136 3437 374 3478 Cathrein,
402 3437 535 3470 Philos.
563 3437 718 3470 moralis.
762 3438 828 3470 Ed.
856 3448 888 3477 5.
1624 3438 1673 3466 21
