2182 3682
225 182 332 232 234
630 178 742 206 PARS
777 178 824 208 11.
877 177 1190 207 PHILOSOPHIA
1224 178 1427 206 MORALIS
1462 177 1714 208 SPECIALIS.

221 314 525 380 proximum
568 313 745 364 habet.
827 313 969 364 Hinc
1009 314 1095 363 illa
1144 313 1253 363 duo
1307 313 1563 379 principia
1615 313 1908 365 verissima:
1963 311 2127 379 Quod

221 386 315 446 tibi
355 396 467 446 fieri
506 414 613 446 non
641 397 732 457 vis,
775 395 925 446 alteri
964 413 1031 445 ne
1071 394 1271 457 feceris,
1315 403 1393 445 et:
1439 394 1602 461 Quod
1643 395 1737 446 tibi
1777 395 1888 446 fieri
1925 396 2019 457 vis,
2061 395 2128 445 al-

219 478 315 528 teri
345 478 519 529 facias,
583 477 929 545 Quapropter
969 495 1106 544 quae
1135 478 1202 527 de
1232 477 1419 527 officiis
1455 478 1684 528 hominis
1713 495 1840 544 erga
1867 495 1925 528 se
1952 478 2128 544 ipsum

220 561 479 622 diximus,
537 560 689 610 facile
731 561 799 610 ad
841 560 1017 610 officia
1058 577 1185 626 erga
1238 560 1544 626 proximum
1589 559 1844 626 applicari
1882 570 2124 627 possunt.

219 642 501 709 Quaedam
543 651 720 694 tamen
763 642 940 693 officia
979 642 1198 709 speciali
1239 642 1668 692 consideratione
1708 643 1966 709 indigent.

222 759 364 824 296.
439 777 540 817 ΟΜ.
575 790 608 816 1.
662 769 711 816 Si
738 771 872 816 Deus
911 777 982 816 est
1019 769 1142 814 ratio
1180 768 1394 825 amandi,
1435 768 1674 815 debemus
1711 767 1989 830 proximum
2025 784 2128 816 non

217 844 374 891 solum
411 844 578 901 simili,
618 844 706 891 sed
744 843 940 904 aequali
976 844 1128 890 modo
1166 843 1372 904 diligere
1411 842 1534 890 sicut
1570 859 1686 900 nos,
1727 843 1842 905 quia
1878 843 2128 905 proximus

218 918 396 965 eodem
432 919 584 966 modo
622 919 884 980 participat
920 918 1107 965 bonum
1144 917 1254 964 Dei.

295 1010 445 1058 Resp.
509 1001 702 1048 Gradus
730 1000 908 1048 amoris
934 1000 1340 1062 proportionatur
1370 1017 1408 1046 1.
1438 999 1636 1047 obiecto
1663 1015 1748 1047 seu
1774 1001 1909 1046 bono
1936 1009 2128 1061 amato,

220 1093 261 1122 2.
302 1075 666 1133 coniunctioni,
714 1090 841 1136 quae
879 1084 950 1121 est
986 1076 1113 1121 inter
1150 1084 1365 1121 amatum
1404 1083 1451 1121 et
1487 1083 1737 1121 amantem
1775 1071 1838 1135 (2,
1880 1092 1921 1132 2,
1962 1091 2008 1136 q.
2050 1079 2125 1134 26,

217 1167 257 1197 a.
299 1146 361 1211 o).
433 1153 604 1198 Homo
653 1160 815 1197 autem
864 1150 954 1196 sibi
1003 1149 1246 1197 identicus
1283 1150 1499 1210 ideoque
1536 1149 1692 1210 magis
1730 1149 2020 1197 coniunctus
2057 1159 2129 1197 est

217 1241 364 1286 quam
390 1225 634 1287 proximo,
661 1241 877 1286 quocum
902 1226 1058 1271 solum
1086 1225 1235 1271 habet
1260 1224 1629 1271 similitudinem
1656 1219 1719 1285 (2,
1750 1240 1791 1282 2,
1820 1240 1867 1285 q.
1899 1227 1973 1282 26,
2001 1242 2042 1272 a.
2064 1221 2127 1287 4).

299 1315 400 1355 Obi.
435 1327 478 1354 2.
535 1307 772 1354 Damnati
810 1308 1023 1354 retinent
1060 1314 1284 1353 naturam
1321 1306 1628 1353 rationalem.
1682 1306 1820 1366 Ergo
1845 1307 1992 1353 etiam
2017 1317 2128 1355 sunt

216 1382 471 1443 diligendi.

293 1474 444 1523 Resp.
512 1465 642 1511 Dz'st.
682 1470 858 1510 antea:
905 1463 1143 1510 Retinent
1190 1472 1413 1509 naturam
1458 1472 1668 1525 peccato
1714 1463 2043 1512 deformatam
2080 1474 2128 1512 et

215 1539 530 1586 beatitudinis
567 1538 664 1585 iam
701 1554 804 1585 non
843 1553 1107 1600 capacem,
1147 1553 1291 1594 cona,
1331 1554 1492 1597 secus,
1531 1553 1646 1598 nego
1684 1534 1749 1599 (S.
1797 1539 1956 1586 leem.
2000 1556 2042 1597 2,
2083 1557 2125 1598 2,

217 1630 264 1675 q.
306 1628 380 1676 25,
431 1631 472 1661 a.
518 1611 609 1675 11).
683 1615 915 1661 Ceterum
964 1613 1052 1661 etsi
1101 1613 1322 1660 damnati
1369 1629 1472 1660 non
1519 1612 1710 1676 possint
1745 1614 1952 1676 positive
1990 1614 2128 1676 diligi

216 1699 419 1752 propter
444 1691 607 1736 Deum
645 1689 701 1735 iis
734 1691 863 1736 bene
890 1689 1122 1746 volendo,
1162 1689 1353 1736 videtur
1379 1698 1545 1736 tamen
1572 1704 1678 1736 6556
1706 1697 1879 1735 contra
1903 1704 2126 1737 amorem

214 1764 448 1826 proximi,
488 1764 543 1811 iis
580 1764 862 1811 desiderare
901 1763 1089 1810 maiora
1125 1766 1275 1822 mala,
1315 1779 1464 1825 quam
1501 1763 1564 1810 de
1600 1764 1733 1810 facto
1771 1779 1831 1811 ex
1866 1764 1963 1811 Dei
2000 1763 2127 1812 ordi-

213 1839 416 1886 natione
453 1840 728 1901 patiuntur,
779 1840 894 1900 quia
930 1839 1096 1900 aliquo
1134 1840 1306 1886 saltem
1343 1839 1496 1886 modo
1533 1838 1748 1885 retinent
1783 1848 2007 1887 naturam
2043 1841 2126 1886 hu·

214 1930 412 1961 manam
451 1911 522 1975 (de
557 1914 708 1973 Lnga,
750 1915 826 1961 De
864 1914 1042 1961 iustitia
1079 1923 1127 1961 et
1162 1914 1265 1961 iure
1304 1913 1426 1975 disp.
1471 1930 1543 1972 14,
1582 1929 1630 1960 n.
1670 1908 1766 1974 46).

958 2061 1284 2100 ARTICL'LL‘S
1318 2062 1372 2100 II.

441 2160 532 2204 DE
571 2158 856 2205 OFFICHS
893 2159 1156 2205 MUTUS
1195 2158 1403 2205 CIRCA
1442 2157 1631 2204 BONA
1669 2157 1885 2204 ANIMI.

288 2268 412 2318 Hoc
455 2268 577 2319 loco
622 2268 894 2333 agendum
936 2268 1003 2317 de
1046 2267 1233 2318 officiis
1275 2268 1413 2317 circa
1454 2268 1810 2317 veracitatem.

958 2404 1226 2453 THESIS
1265 2405 1383 2451 LII.

214 2510 361 2564 297-
445 2509 809 2556 Mendacium
836 2509 943 2570 legi
969 2508 1207 2556 naturali
1233 2514 1535 2569 repugnat;
1574 2505 1958 2568 aequivocatio
1983 2520 2120 2554 vero

213 2590 267 2630 et
304 2584 579 2632 restrictio
618 2599 744 2654 HEE.
769 2599 911 2645 pure
950 2584 1213 2630 mentalis
1250 2597 1352 2644 per
1388 2597 1450 2630 se
1486 2581 1675 2629 illicita
1711 2595 1826 2629 non
1864 2588 1964 2628 est.

391 2678 454 2732 (S.
498 2683 637 2720 lem.
675 2691 711 2729 2,
750 2691 786 2728 2,
822 2695 861 2733 q.
903 2692 996 2719 110.
1061 2681 1105 2718 de
1140 2681 1270 2731 Lnga,
1305 2680 1372 2718 De
1406 2679 1489 2718 fide
1523 2679 1632 2731 disp.
1668 2690 1706 2728 4,
1742 2686 1840 2718 sect.
1876 2676 1941 2730 4.)

288 2774 377 2826 St.
424 2773 628 2842 Q.1.
686 2776 1028 2826 Mendacium
1082 2782 1163 2825 est
1214 2775 1403 2825 locutio
1456 2783 1639 2825 contra
1689 2782 1928 2824 mentem.
2011 2772 2118 2840 Op-

211 2859 425 2925 ponitur
464 2859 623 2924 igitur
662 2859 838 2908 virtuti
877 2858 1190 2919 veracitatis,
1235 2874 1371 2923 quae
1411 2858 1688 2907 veritatem
1731 2854 1986 2906 moralem
2025 2873 2119 2905 seu

212 2940 642 2991 conformitatem
682 2941 818 2990 inter
846 2948 1082 2989 mentem
1111 2949 1163 2989 et
1190 2940 1342 3006 signa
1371 2948 1593 2989 externa
1624 2944 1890 3005 procurat.
1945 2936 2122 3003 Loqui
2165 2966 2168 2969 -

209 3023 474 3088 significat
525 3024 769 3073 ordinare
821 3031 1117 3088 conceptus
1169 3040 1296 3072 suos
1347 3022 1416 3072 ad
1471 3021 1705 3088 aliquem
1761 3019 2118 3081 mediantibus

211 3094 399 3172 signis,
450 3107 521 3155 ita
560 3114 616 3155 ut
656 3105 808 3171 signa
847 3105 951 3154 sint
992 3105 1143 3170 quasi
1183 3105 1350 3154 nuntii
1391 3111 1752 3170 conceptuum
1793 3110 2111 3152 nostrorum.

210 3188 357 3253 Ergo
409 3205 516 3237 non
569 3187 790 3253 quilibet
841 3203 964 3236 usus
1015 3186 1302 3236 verborum
1353 3187 1458 3237 iam
1510 3194 1593 3235 est
1644 3185 1858 3252 proprie
1897 3183 2112 3234 locutiO.

211 3269 490 3320 Praeterea
539 3269 687 3335 loqui
738 3285 1020 3335 possumus
1068 3285 1176 3318 non
1215 3268 1389 3318 solum
1442 3285 1536 3334 per
1575 3267 1765 3327 verba,
1819 3266 1915 3316 sed
1955 3266 2114 3315 etiam

211 3369 306 3416 per
346 3360 527 3417 gestus
570 3358 622 3401 et
663 3351 817 3401 facta.
