2182 3682
201 170 269 233 36
605 177 719 206 PARS
753 178 782 207 I.
833 177 1154 206 PHILOSOPHIA
1186 175 1389 206 MORALIS
1425 175 1704 205 GENERALIS.

275 326 427 373 Resp.
494 316 625 362 Dist.
665 321 840 362 antea:
885 317 955 362 Ut
989 315 1141 361 homo
1178 313 1333 375 possit
1380 314 1601 375 appetitu
1636 313 1800 361 elicito
1825 312 2113 376 formaliter

197 391 402 438 tendere
450 390 500 437 in
548 389 905 437 beatitudinem
953 389 1253 451 perfectam,
1304 402 1389 435 seu
1429 389 1496 435 ita
1530 397 1582 435 ut
1617 388 1871 436 beatitudo
1907 387 2015 450 ipsa
2050 387 2111 434 sit

197 465 447 512 obiectum
494 465 740 526 appetitus
787 463 961 521 eliciti,
1012 463 1162 510 debet
1208 462 1340 524 prius
1388 478 1695 523 cognoscere
1735 462 2107 521 beatitudinem,

195 556 341 599 sona,
390 549 441 586 ut
476 539 630 601 possit
664 539 871 585 tendere
908 538 957 584 in
995 537 1353 584 beatitudinem
1390 552 1526 584 mere
1561 539 1942 600 interpretative,
1980 553 2107 597 nego.

197 617 266 663 Ut
315 615 555 662 habeatur
606 612 847 661 eiusmodi
897 611 1155 660 tendentia
1205 611 1577 674 interpretativa
1634 612 1684 659 in
1735 611 2108 671 beatitudinem,

196 689 392 747 sufficit,
429 699 481 736 ut
517 698 688 735 auctor
723 697 927 735 naturae
963 687 1155 734 homini
1190 686 1424 734 indiderit
1460 687 1767 735 tendentiam
1802 688 2023 735 innatam
2059 687 2110 733 in

199 767 382 812 bonum
435 762 866 826 prosequendum,
920 763 1085 810 donec
1131 762 1355 809 voluntas
1403 761 1468 809 ad
1515 762 1789 824 perfectam
1836 763 2110 810 satietatem

195 839 465 901 perveniat.
543 838 831 885 Contradz‘st.
870 853 987 884 cons.

270 928 520 977 Assertio
570 942 617 977 2.
701 927 884 976 Homo
940 927 991 976 in
1048 926 1298 976 omnibus
1352 926 1459 976 suis
1514 925 1815 976 actionibus
1869 925 2108 976 honestis

196 1010 591 1077 interpretative
648 1018 900 1075 operatur
953 1017 1173 1075 propter
1233 1009 1393 1058 finem
1455 1008 1700 1058 ultimum
1760 1008 2111 1058 determinate

196 1102 471 1160 sumptum
510 1110 606 1142 seu
646 1093 842 1142 Deum.

270 1182 429 1233 Proh.
510 1183 720 1232 Bonum
782 1183 1069 1233 honestum
1129 1199 1289 1231 sensu
1348 1182 1534 1232 stricto
1594 1180 1723 1231 illud
1784 1188 1896 1243 est,
1958 1180 2107 1248 quod

197 1273 414 1316 naturae
455 1264 695 1315 rationali
737 1283 844 1331 qua
884 1264 975 1314 tali
1016 1281 1111 1330 per
1150 1281 1208 1314 se
1250 1265 1526 1326 convenit3
1582 1272 1768 1314 natura
1808 1270 1987 1314 autem
2028 1271 2109 1314 est

197 1348 508 1414 principium
553 1356 730 1397 motus
770 1348 821 1397 in
862 1347 1039 1397 finem.
1112 1346 1258 1413 Ergo
1301 1347 1541 1412 operatio
1582 1346 1767 1413 nequit
1807 1346 1984 1396 eidem
2023 1363 2108 1396 na-

197 1440 345 1480 turae
385 1448 480 1497 per
519 1448 576 1480 se
618 1430 915 1491 convenire,
960 1430 1087 1495 quin
1129 1438 1314 1478 natura
1353 1446 1449 1479 sua
1476 1428 1654 1495 aliquo
1696 1428 1863 1478 modo
1904 1428 1955 1478 in
1997 1428 2108 1479 ulti-

199 1531 344 1562 mum
387 1513 546 1562 finem
589 1512 791 1563 tendat.

271 1596 413 1645 Num
453 1613 579 1645 vero
621 1603 673 1645 et
715 1594 991 1661 quomodo
1034 1593 1198 1643 homo
1240 1594 1401 1644 finem
1442 1593 1685 1644 ultimum
1728 1591 2016 1643 formaliter
2055 1601 2109 1643 et

197 1678 447 1744 explicite
489 1678 765 1727 intendere
807 1677 1020 1737 debeat,
1064 1677 1305 1743 quaestio
1348 1684 1429 1726 est
1468 1676 1600 1726 infra
1640 1675 1914 1726 solvenda.

989 1936 1217 1983 CAPUT
1254 1937 1314 1981 Π.

466 2044 583 2103 DE
631 2043 991 2102 ACTIBUS
1043 2042 1428 2102 HUMANIS
1478 2042 1835 2101 PHYSICE

335 2140 955 2200 CONSIDERATIS
1006 2139 1166 2199 SEU
1216 2140 1331 2198 DE
1380 2138 1963 2198 VOLUNTARIO.

955 2286 1285 2326 ARTICULUS
1318 2287 1350 2326 Ι.

632 2385 724 2431 DE
761 2385 1223 2432 VOLUNTARIO
1262 2384 1334 2430 IN
1373 2383 1670 2431 GENERE.

244 2478 406 2532 (Arist,
440 2480 536 2520 Eth.
571 2480 597 2521 l.
633 2491 671 2531 3,
707 2493 741 2520 e.
782 2491 817 2520 1.
883 2481 925 2519 S.
966 2481 1107 2518 Thom.
1148 2489 1181 2528 1,
1218 2489 1255 2527 2,
1292 2493 1331 2531 q.
1367 2480 1406 2518 6.
1469 2479 1623 2526 lVaAEIz,
1657 2480 1724 2518 De
1758 2479 1918 2519 actibus
1950 2478 2064 2519 hum.

616 2561 655 2587 n.
693 2556 760 2599 35.
825 2548 967 2595 Frins,
1002 2547 1069 2587 De
1102 2546 1263 2586 actibus
1298 2547 1410 2585 hum.
1444 2547 1475 2594 Ι,
1510 2559 1551 2585 n.
1590 2544 1681 2596 70.)

405 2670 432 2725 ξ
472 2684 505 2712 1.
555 2673 741 2713 NOTIO
775 2673 849 2712 ET
882 2671 1103 2711 DIVISIO
1137 2671 1506 2711 VOLUNTARII
1540 2670 1901 2710 GENERATIM.

204 2788 306 2839 32.
386 2777 423 2828 Ι.
483 2776 659 2843 Actus
712 2776 931 2826 humani
980 2784 1104 2825 sunt
1159 2774 1260 2836 illi,
1316 2775 1405 2842 qui
1456 2774 1525 2824 ab
1576 2773 1793 2824 homine
1841 2782 2114 2840 ponuntur

202 2859 369 2909 modo
423 2860 523 2909 sibi
579 2857 830 2925 specifice
870 2859 1120 2925 propri0‚
1174 2858 1205 2908 i.
1250 2875 1292 2907 e.
1338 2873 1459 2907 cum
1515 2856 1732 2906 rationis
1782 2856 2112 2906 advertentia

202 2950 254 2991 et
294 2940 553 2992 libertate.
636 2941 801 3006 Igitur
853 2948 1002 2990 actus
1054 2940 1273 2990 humani
1324 2939 1590 3006 pertinent
1628 2939 1698 2988 ad
1739 2945 1890 2988 actus
1929 2937 2111 2988 volun-

202 3024 388 3074 tarios:
433 3031 764 3090 quapropter
804 3023 937 3072 ratio
979 3022 1284 3072 voluntarii
1321 3021 1408 3071 hic
1447 3019 1770 3087 explicanda
1809 3028 1905 3070 est.

277 3105 328 3155 V
324 3105 655 3155 oluntarimn
716 3105 959 3154 effective
1014 3112 1094 3154 est
1133 3104 1219 3165 id,
1282 3103 1427 3169 qnod
1458 3102 1711 3168 procedit
1758 3119 1793 3151 a
1833 3101 2110 3167 principio

203 3187 489 3237 intrinseco
529 3203 644 3236 cum
686 3186 983 3251 cognitione
1007 3186 1148 3253 finis
1189 3184 1453 3250 (formali).
1533 3184 1770 3234 Dicitur:
1822 3198 1863 3235 Ι.
1906 3201 1938 3233 a
1976 3183 2111 3250 prin-

204 3269 343 3334 cipio
398 3268 700 3329 intrinseCO‚
758 3269 788 3318 i.
833 3285 876 3318 e.
921 3269 989 3318 ab
1045 3268 1316 3334 appetitu,
1375 3267 1466 3332 qui
1519 3266 1587 3315 sit
1636 3266 1689 3316 in
1728 3266 1846 3332 ipso
1886 3274 2108 3333 agente3

205 3351 424 3400 dicitur:
483 3363 529 3400 2.
574 3367 697 3400 cum
739 3350 1045 3414 cognitione
1085 3349 1218 3410 finis,
1262 3348 1410 3414 quod
1451 3364 1558 3398 non
1598 3355 1806 3398 tantum
1847 3356 1928 3398 est
1966 3346 2112 3397 intel-
