2182 3682
495 183 581 212 LIB.
617 182 664 211 ΙΙ.
712 182 811 211 CAP.
846 181 912 209 111.
963 180 1024 209 DE
1060 179 1316 208 SOCIETATE
1342 178 1508 207 -CIVILL
1830 177 1927 230 371

42 340 85 373 c.
127 336 187 384 4,
242 337 290 370 n.
336 333 394 381 2;
447 318 569 368 Def.
613 318 736 367 fidei
777 317 808 366 l.
855 330 910 379 3.
967 332 1009 364 c,
1056 328 1109 375 2,
1164 331 1213 364 n.
1262 314 1338 376 5),
1393 329 1530 378 quae
1577 329 1683 362 non
1725 331 1840 363 raro
1881 321 1939 363 ut

49 402 343 453 «iesuitica»
389 400 694 460 traducitur,
737 398 958 448 inimicis
997 396 1269 446 Ecclesiae
1309 411 1491 444 ansam
1532 395 1754 460 praebet
1792 395 1937 444 theo-

43 485 198 550 logos
238 481 531 533 catholicos
572 479 954 539 calumniandi,
1010 478 1160 544 quasi
1200 477 1298 542 ipsi
1341 476 1531 525 fuerint
1571 493 1941 541 praecursores

42 567 122 617 Iis.
167 565 219 615 Ii.
263 565 555 614 Rousseau.
637 562 816 627 Quare
855 561 923 610 sit

687 723 955 771 THESIS
993 722 1299 769 LXXVIII.

49 835 171 890 497
183 864 194 876 ·
277 834 546 882 Doctrina
580 840 839 881 veterum
890 834 959 879 de
1008 831 1218 892 origine
1267 830 1502 878 civitatis
1552 836 1607 877 et
1653 829 1946 890 potestatis

45 908 302 970 politicae
338 908 652 969 plurimum
691 907 875 955 differt
911 908 979 954 ab
1019 921 1097 963 ea,
1137 920 1308 967 quarn
1346 906 1640 952 Rousseau
1668 904 1850 966 alique
1877 905 1946 951 de

49 985 247 1031 eadem
285 998 346 1030 re
382 989 724 1044 proponunt.

123 1093 287 1139 Proh.
328 1091 693 1158 comparando
734 1099 1015 1157 utramque
1058 1090 1356 1140 doctrinam
1397 1090 1531 1138 inter
1570 1106 1640 1139 se.

127 1172 454 1223 Conveniunt
491 1173 707 1240 quidem
749 1173 799 1222 in
829 1190 909 1233 eo,
954 1173 1098 1238 quod
1140 1173 1368 1221 societas
1397 1170 1557 1221 civilis
1598 1188 1692 1236 per
1732 1181 1947 1236 pactum

50 1255 168 1305 oriri
221 1264 273 1305 et
328 1264 568 1321 potestas
624 1255 839 1321 politica
892 1255 1132 1320 primitus
1187 1254 1237 1302 in
1293 1261 1410 1303 toto
1467 1252 1667 1319 populo
1721 1253 1950 1302 residere

50 1338 253 1388 dicitur.
335 1337 413 1387 At
453 1338 504 1386 id
547 1337 812 1403 utrimque
853 1337 1074 1386 (lsi-'elsa
1107 1336 1277 1401 plane
1318 1335 1528 1385 ratione
1568 1335 1825 1385 statuitur.

54 1470 201 1535 498.
281 1473 316 1522 Ι.
372 1470 569 1533 Quoad
590 1481 826 1537 poclum.

125 1562 264 1611 Nam
328 1577 368 1612 Ι.
423 1562 719 1612 secundum
779 1570 985 1611 veteres
1045 1561 1209 1610 homo
1270 1569 1454 1610 natura
1513 1560 1581 1609 acl
1641 1560 1951 1610 societatem

53 1643 258 1694 civilem
300 1645 599 1705 ordinatur,
654 1646 725 1693 ita
766 1652 821 1693 ut
874 1643 1005 1693 haec
1057 1644 1123 1692 sit
1175 1642 1363 1692 saltem
1416 1643 1647 1692 mediate
1688 1641 1952 1692 naturalis.

55 1725 361 1776 Secundum
403 1727 680 1776 Rousseau
720 1744 846 1775 vero
888 1725 1130 1775 homines
1172 1724 1334 1774 libere
1376 1742 1404 1773 e
1444 1733 1583 1774 statu
1625 1724 1802 1790 aliquo
1840 1724 1956 1774 soli-

9 1875 12 1878 ,
55 1824 193 1872 vago
235 1809 286 1857 in
327 1808 641 1857 societatem
684 1808 1016 1868 transierunt,
1060 1807 1201 1856 unde
1244 1807 1426 1856 civitas
1466 1807 1510 1856 ei
1553 1824 1659 1856 non
1701 1816 1779 1856 est
1822 1824 1958 1872 opus

57 1896 289 1950 naturae,
331 1890 427 1939 sed
469 1891 607 1940 artis.

130 1985 176 2021 2.
233 1970 542 2022 Secundum
584 1972 862 2021 Rousseau
915 1979 1133 2038 pactum
1186 1971 1381 2021 sociale
1423 1979 1501 2020 est
1554 1970 1958 2021 fundamentum

56 2061 109 2103 et
148 2070 306 2104 causa
346 2055 585 2104 omnium
626 2054 925 2104 officiorum
966 2062 1018 2103 et
1058 2054 1259 2113 iurium,
1304 2054 1467 2102 immo
1507 2053 1775 2102 moralitas
1802 2055 1960 2103 actio-

57 2153 181 2185 num
224 2153 345 2185 cum
398 2136 501 2186 hoc
554 2144 714 2202 pacto
756 2137 889 2185 inter
940 2136 1184 2185 homines
1225 2137 1484 2185 nascitur·
1542 2152 1677 2200 quae
1719 2136 1961 2185 doctrina

1476 2177 1485 2197 5

57 2234 215 2283 quam
244 2218 310 2267 sit
337 2217 505 2267 aliena
535 2235 565 2267 a
593 2227 771 2267 mente
798 2217 1257 2279 scholasticorum,
1290 2235 1384 2283 per
1411 2235 1467 2266 se
1497 2217 1834 2267 manifestum
1864 2227 1958 2268 est.

60 2368 206 2420 499.
285 2358 347 2408 II.
403 2356 599 2419 Quoad
632 2359 1046 2409 tl‘mlslatl'onellz
1077 2359 1376 2424 j’olesl‘al‘l's.

131 2446 271 2496 Nam
320 2461 360 2496 Ι.
403 2456 608 2497 veteres
660 2448 1033 2497 auctoritatem
1088 2446 1359 2513 politicam
1412 2464 1506 2512 per
1557 2463 1614 2496 se
1666 2454 1962 2513 spectatam

58 2528 363 2578 immediate
403 2547 432 2578 a
462 2529 582 2578 Deo
613 2530 868 2580 derivant.
925 2529 1204 2578 Rousseau
1235 2545 1352 2578 eam
1386 2529 1452 2578 ab
1494 2529 1620 2594 ipsis
1660 2529 1964 2578 hominibus

59 2609 337 2661 ultimatim
380 2612 584 2678 repetit,
635 2613 725 2678 qui
767 2629 885 2662 eam
927 2612 1077 2677 quasi
1119 2629 1187 2661 ex
1228 2610 1434 2661 collatis
1475 2612 1672 2661 iuribus
1714 2611 1962 2661 conflant.

132 2693 364 2763 Ideol2.
407 2694 705 2744 secundum
758 2703 964 2743 veteres
1016 2694 1304 2744 auctoritas
1356 2711 1462 2742 non
1515 2701 1594 2743 est
1645 2694 1694 2743 in
1747 2693 1966 2760 singulis

59 2774 168 2824 sive
219 2775 452 2826 totaliter
491 2777 600 2826 sive
652 2775 961 2842 partialiter,
1016 2777 1180 2825 immo
1229 2794 1294 2826 ne
1336 2777 1385 2825 in
1438 2777 1553 2842 ipsa
1593 2777 1809 2842 quidem
1850 2776 1965 2825 rudi

63 2855 404 2918 collectione,
458 2859 554 2907 sed
608 2857 826 2908 resultat
866 2859 916 2907 vi
969 2867 1185 2907 naturae
1238 2875 1307 2907 ex
1349 2859 1731 2908 communitate
1779 2866 1834 2907 ut
1874 2858 1964 2917 sic,

62 2954 154 2987 seu
195 2947 454 3005 quatenus
495 2941 731 3006 praecise
773 2947 853 2990 est
894 2949 1078 2990 coetus
1120 2940 1392 2989 hominum
1435 2948 1657 3006 propter
1685 2957 1966 2990 commune

63 3019 263 3070 bonum
305 3022 733 3072 coalescentium.
792 3022 1069 3072 Rousseau
1112 3031 1296 3072 contra
1338 3023 1571 3088 concipit
1599 3023 1967 3071 auctoritatem

62 3106 334 3168 tamquam
374 3120 639 3153 summam
681 3104 869 3153 iurium
909 3103 1239 3170 singulorum
1281 3105 1487 3165 civium,
1530 3121 1591 3154 ac
1633 3104 1783 3169 proin
1825 3103 1964 3153 illam

0 3183 1 3198 ³
64 3184 350 3248 partialiter
390 3186 573 3236 tribuit
611 3185 832 3252 singulis
872 3187 1028 3236 sociis
1069 3188 1368 3253 separatim.

140 3279 185 3329 3.
228 3266 470 3317 Potestas
509 3269 807 3318 secundum
848 3277 1054 3318 veteres
1106 3286 1212 3318 non
1254 3267 1655 3318 inalienabiliter
1695 3285 1724 3316 a
1764 3267 1966 3334 populo

66 3348 382 3411 possidetur,
423 3350 518 3399 sed
562 3358 741 3415 potest
781 3349 1012 3416 populus
1040 3367 1096 3399 se
1124 3349 1210 3400 illa
1245 3351 1447 3415 privare
1475 3366 1702 3414 eamque
1730 3351 1779 3399 in
1809 3350 1965 3399 alium

1617 3434 1706 3487 24ss
