2182 3682
203 174 313 238 476
609 183 723 212 PARS
757 183 805 213 II.
856 183 1170 212 PHILOSOPHIA
1203 183 1407 212 MORALIS
1443 183 1694 213 SPECIALIS.

202 321 348 370 nium
400 320 510 369 iura
551 327 606 370 et
646 319 822 370 officia
871 337 966 386 per
1005 321 1176 387 ipsam
1217 327 1473 369 naturam
1525 319 1653 385 ipsis
1704 318 1912 371 collata.
1993 320 2109 370 Iura

202 409 382 453 autem
423 403 689 468 acquisita
731 411 955 470 possunt
983 420 1099 453 esse
1126 402 1293 463 varia;
1336 403 1501 452 immo
1535 402 1646 451 fieri
1684 409 1879 468 potest,
1923 411 1980 453 ut
2006 420 2109 453 una

202 501 336 550 gens
377 485 559 551 quoad
599 485 776 552 aliqua
804 486 872 536 ab
902 485 1002 535 alia
1043 485 1363 551 dependeat,
1406 502 1454 534 V.
1486 501 1536 550 g.
1569 484 1750 551 quoad
1789 484 2110 536 solutionem

202 567 537 618 tributorum.

944 663 1214 713 THESIS
1253 664 1365 711 CII.

205 760 351 825 647.
437 771 669 818 Praeter
705 770 886 819 officia
921 769 1154 818 iuridica
1189 769 1335 818 inter
1370 776 1566 832 gentes
1615 770 1784 819 etiam
1838 771 2111 820 exsistunt

201 845 383 894 officia
419 845 678 893 caritatis,

277 957 442 1004 Prob.
527 954 733 1022 Singuli
774 956 1018 1006 homines
1057 973 1115 1006 se
1155 965 1343 1007 mutuo
1397 973 1573 1007 amare
1615 965 1874 1007 tenentur.
1954 958 2110 1024 Ergo

198 1055 228 1089 a
270 1038 381 1104 pari
422 1039 580 1089 etiam
623 1039 900 1089 hominum
953 1040 1238 1089 societates
1280 1039 1421 1089 hunc
1462 1056 1700 1089 amorem
1751 1040 1852 1090 sibi
1892 1040 2107 1092 debent.

199 1121 339 1171 Nam
381 1122 529 1187 quod
571 1121 789 1188 singulis
830 1140 924 1189 per
965 1122 1248 1172 essentiam
1291 1123 1553 1184 convenit,
1605 1140 1700 1188 per
1738 1123 1988 1173 unionem
2030 1141 2110 1174 so-

199 1203 387 1254 cialem
428 1222 535 1253 non
576 1204 791 1254 tollitur.
876 1205 944 1254 Et
984 1204 1245 1271 profecto,
1296 1205 1432 1254 sicut
1471 1204 1666 1270 singuli
1706 1204 1949 1256 homines
1988 1217 2112 1257 sunt

199 1287 440 1336 membra
477 1287 718 1337 eiusdem
746 1304 975 1353 magnae
1004 1287 1155 1354 quasi
1191 1287 1415 1337 familiae
1444 1287 1724 1349 humanae,
1769 1305 1905 1354 quae
1933 1288 2110 1339 Deum

198 1369 363 1419 habet
414 1377 714 1431 auctorem,
770 1369 1130 1436 legislatorem
1184 1377 1237 1419 et
1288 1369 1449 1419 finem
1502 1369 1771 1431 ultimum,
1826 1370 1898 1420 ita
1950 1372 2110 1421 etiam

198 1451 438 1517 singulae
491 1453 729 1502 civitates
781 1460 904 1502 sunt
958 1453 1110 1518 quasi
1167 1452 1408 1502 membra
1464 1453 1795 1519 composita,
1859 1454 2110 1519 organica

199 1535 350 1585 huius
392 1534 618 1585 familiae
659 1535 1027 1602 similibusque
1069 1535 1257 1585 officiis
1297 1538 1431 1585 inter
1470 1553 1527 1585 se
1569 1536 1921 1598 continentur.

203 1665 349 1730 648.
437 1666 635 1718 Coroll.
717 1668 872 1733 Ergo
914 1667 999 1717 illa
1041 1668 1296 1734 principia
1344 1667 1539 1733 «Quod
1581 1668 1674 1718 tibi
1715 1667 1825 1718 fieri
1865 1685 1972 1718 non
2012 1667 2105 1729 vis,

198 1749 343 1800 alteri
382 1767 448 1800 ne
486 1750 720 1812 feceris»,
765 1761 818 1800 et
866 1749 1061 1815 «Quod
1099 1751 1192 1800 tibi
1230 1750 1338 1800 fieri
1375 1751 1659 1811 desideras,
1704 1749 1852 1800 alteri
1892 1750 2104 1811 facias»,

198 1833 358 1882 etiam
398 1833 532 1883 inter
571 1834 857 1884 societates
898 1833 1074 1884 civiles
1111 1833 1307 1898 vigent.
1376 1833 1436 1882 In
1477 1833 1581 1883 hoc
1623 1842 1802 1882 tamen
1843 1840 1924 1882 est
1964 1832 2107 1882 diffe-

200 1917 366 1965 rentia
400 1916 534 1966 inter
568 1933 806 1966 amorem
841 1926 1101 1977 mutuum,
1147 1933 1305 1981 quem
1335 1916 1523 1981 privati
1555 1923 1608 1965 et
1637 1933 1796 1981 quem
1823 1915 2108 1965 societates

201 1998 378 2048 civiles
429 1999 527 2049 sibi
580 1999 807 2060 debent,
864 2000 1010 2065 quod
1062 2015 1224 2064 saepe
1276 2015 1505 2064 persona
1557 1999 1760 2064 privata
1811 2015 1879 2047 ex
1925 2014 2109 2047 amore

198 2081 409 2131 alterius
461 2098 614 2131 suum
667 2083 940 2148 proprium
992 2081 1195 2131 bonum
1248 2080 1544 2146 temporale
1595 2079 1882 2146 neglegere
1921 2080 2106 2146 possit,

200 2165 330 2214 dum
371 2182 399 2214 e
442 2173 627 2214 contra
679 2164 929 2230 princeps
970 2165 1021 2213 in
1062 2163 1215 2212 simili
1268 2180 1390 2213 casu
1443 2163 1648 2213 bonum
1698 2163 1967 2213 societatis
2009 2163 2109 2212 sibi

197 2247 514 2297 commissae
555 2247 701 2297 bono
744 2246 956 2296 alterius
997 2246 1266 2296 societatis
1307 2245 1572 2312 praeferre
1612 2254 1869 2295 teneatur.

200 2376 347 2443 649.
429 2379 603 2430 Schol.
637 2395 685 2429 J.
749 2379 883 2429 Iura
917 2380 1159 2445 gentium
1190 2379 1569 2445 particularia
1611 2379 1718 2429 fere
1751 2379 1818 2429 ad
1860 2378 1993 2429 haec
2034 2396 2107 2429 re-

199 2464 378 2513 vocari
418 2472 669 2529 possunt:

271 2546 320 2609 a)
374 2544 663 2610 Quaelibet
714 2546 942 2595 societas
995 2544 1158 2595 civilis
1210 2544 1375 2594 habet
1424 2545 1502 2594 ius
1552 2562 1608 2594 se
1656 2543 2015 2594 conservandi
2055 2544 2107 2593 in

194 2645 292 2678 suo
335 2645 464 2678 esse.
548 2627 671 2678 Hoc
712 2628 951 2694 sequitur
992 2645 1061 2677 ex
1101 2627 1251 2677 thesi.
1333 2627 1611 2677 Praeterea
1651 2627 1693 2676 si
1733 2626 1926 2692 singuli
1967 2626 2108 2677 cives

194 2711 398 2761 habent
447 2710 525 2760 ius
565 2727 622 2760 se
665 2718 718 2760 et
768 2727 863 2759 sua
915 2710 1060 2760 bona
1111 2710 1489 2770 conservandi,
1545 2709 1689 2759 idem
1741 2708 1986 2774 profecto
2027 2709 2108 2758 ius

195 2794 438 2844 societati
478 2811 696 2859 quoque
737 2793 1136 2842 attribuendum
1179 2802 1283 2851 est,
1335 2809 1457 2842 cum
1499 2792 1702 2841 bonum
1742 2792 1906 2858 ipsius
1944 2792 2107 2841 socie-

196 2876 318 2926 tatis
357 2876 425 2926 sit
465 2876 624 2926 etiam
653 2876 858 2925 bonum
887 2892 1086 2936 eorum,
1132 2876 1221 2941 qui
1247 2874 1390 2924 illam
1420 2883 1769 2940 componunt,
1812 2890 1911 2923 nec
1939 2874 2108 2940 possit

197 2959 426 3008 societas
481 2959 704 3019 destrui,
773 2958 899 3023 quin
952 2958 1156 3007 bonum
1207 2956 1541 3022 singulorum
1591 2956 1832 3007 violetur.
1925 2955 2108 3006 Habet

198 3058 328 3107 ergo
370 3040 641 3107 quaelibet
681 3041 910 3090 societas
939 3039 1102 3089 civilis
1129 3039 1221 3100 ius,
1266 3057 1332 3089 ne
1374 3039 1612 3088 extranei
1650 3039 1763 3104 ipsa
1791 3038 1967 3099 invita,
2010 3038 2107 3087 nisi

198 3140 268 3173 ex
307 3124 417 3173 iure
458 3122 638 3189 aliquo
692 3122 927 3189 potiore,
981 3139 1039 3171 se
1079 3123 1130 3171 in
1172 3121 1410 3171 eiusdem
1451 3138 1533 3170 res
1573 3121 1805 3170 internas
1845 3120 2102 3186 ingerant,

198 3205 491 3271 legitimam
541 3206 912 3256 auctoritatem
965 3205 1016 3254 in
1067 3205 1174 3254 suis
1226 3203 1584 3253 functionibus
1633 3203 1952 3269 impediant,
2005 3203 2107 3268 ipsi

201 3287 540 3338 difficultates
591 3289 798 3354 pariant
849 3288 915 3352 (v.
971 3305 1020 3353 g.
1077 3286 1312 3336 fovendo
1366 3285 1717 3348 rebelliones).
1797 3284 1853 3334 A
1903 3283 2105 3334 fortiori

200 3368 365 3421 habet
390 3371 468 3420 ius
495 3388 645 3421 suam
679 3371 1058 3432 exsistentiam,
1101 3386 1253 3419 suum
1283 3368 1618 3429 territorium,
1660 3384 1815 3417 suum
1842 3365 2103 3417 honorem
