2182 3682
193 167 293 215 144
594 163 708 192 PARS
743 163 772 192 Γ.
826 163 1142 193 PHILOSOPHIA
1176 163 1379 192 MORALIS
1414 163 1693 193 GENERALIS.

181 300 454 346 naturalem
499 314 602 345 non
640 308 990 360 cognosceret,
1041 300 1203 347 adhuc
1238 308 1406 362 posset
1440 309 1713 361 praecepto
1750 300 1847 348 Dei
1883 300 2094 363 positivo

181 372 405 434 obligari,
443 382 494 420 ut
529 373 682 420 modo
719 373 904 421 dictum
942 382 1026 422 est.

261 477 364 517 Obi.
397 488 441 516 2.
498 470 782 530 Antequam
808 471 944 517 Deus
982 470 1168 531 aliquid
1205 470 1492 532 praecipiat,
1531 471 1682 518 habet
1716 470 1788 518 ius
1821 471 2092 533 obligandi.

180 543 333 605 Atqui
363 543 454 590 iuri
492 545 850 606 correspondet
885 544 1136 606 obligatio.
1190 545 1329 605 Ergo
1365 545 1572 592 habetur
1609 545 1861 607 obligatio,
1901 561 2029 608 quae
2065 562 2095 593 a

179 618 276 666 Dei
311 619 561 665 voluntate
597 634 701 665 non
739 619 940 680 pendet.

259 717 409 765 Resp.
466 708 596 754 Dist.
635 709 771 755 mai.:
810 710 1096 770 Antequam
1123 711 1258 756 Deus
1295 709 1482 770 aliquid
1518 709 1792 772 praecipiat
1823 718 2095 772 praecepto

169 784 387 844 positivo,
426 783 575 829 habet
610 782 682 829 ius
720 782 989 844 obligandi,
1028 799 1162 840 cena,
1201 793 1314 831 ante
1352 800 1483 831 omne
1519 784 1725 831 omnino
1753 791 2093 846 praeceptum,

180 858 326 904 etiam
365 859 612 914 naturale,
661 858 812 905 habet
847 859 919 905 ius
955 858 1235 920 obligandi,
1285 859 1507 906 subdam:
1553 859 1625 906 ius
1662 859 2010 921 imperfectum
2047 867 2095 906 et

179 931 549 993 incompletum,
587 931 615 978 i.
645 947 685 979 e.
713 931 1029 980 inhonestum
1068 943 1139 981 est
1176 934 1221 981 ei
1258 934 1628 981 oboedientiam
1656 934 1922 995 denegare,
1960 949 2095 990 conc„

178 1007 277 1053 iam
324 1015 436 1053 actu
470 1006 621 1053 habet
656 1006 728 1054 ius
764 1023 910 1055 sensu
946 1008 1151 1070 proprio
1189 1025 1274 1056 seu
1311 1017 1608 1071 potestatem
1645 1010 1916 1067 moralem,
1965 1023 2094 1068 nego.

185 1081 470 1128 Contradz‘st.
525 1083 668 1128 min:
724 1083 823 1129 Iuri
874 1098 1019 1130 sensu
1069 1084 1276 1145 proprio
1331 1092 1378 1131 et
1431 1086 1685 1146 completo
1738 1083 2099 1145 correspondet

257 1233 338 1278 Ius
374 1246 519 1278 sensu
554 1231 759 1293 proprio
798 1241 846 1280 et
871 1235 1135 1295 completo,
1175 1242 1226 1280 ut
1252 1233 1495 1295 significat
1520 1241 1816 1296 potestatem
1841 1233 2095 1292 moralem,

181 1314 229 1353 et
266 1305 502 1367 obligatio
539 1305 584 1353 ei
622 1308 1022 1369 correspondens
1055 1309 1357 1355 constituunt
1382 1308 1676 1356 relationem
1701 1317 1749 1356 et
1774 1308 2099 1356 essentialiter

181 1382 308 1428 inter
343 1395 393 1428 se
431 1381 727 1439 cohaerent,
768 1382 835 1429 ita
871 1391 922 1429 ut
958 1382 1030 1430 ius
1069 1383 1172 1430 sine
1211 1383 1640 1445 correspondente
1679 1383 1983 1445 obligatione
2021 1398 2099 1430 co-

180 1455 324 1517 gitari
359 1464 590 1516 nequeat.
661 1457 800 1517 Ergo
836 1467 1101 1519 antequam
1142 1458 1376 1519 obligatio
1419 1458 1642 1516 exsistat,
1684 1473 1787 1505 non
1822 1466 1987 1520 potest
2022 1472 2099 1505 ex-

183 1531 352 1578 sistere
388 1530 461 1577 ius
498 1532 813 1593 completum.
877 1532 1198 1595 Quapropter
1235 1533 1272 1580 si
1310 1535 1445 1581 Deus
1483 1548 1573 1595 per
1609 1533 1876 1581 absurdum
1910 1533 2098 1579 nullum

184 1605 401 1653 officium
438 1605 749 1667 imposuisset
775 1608 1023 1665 creaturis,
1063 1608 1210 1655 etiam
1237 1609 1423 1655 nullum
1447 1608 1655 1656 haberet
1680 1608 1752 1655 ius
1778 1608 2096 1669 completum,

182 1681 389 1728 haberet
424 1689 591 1728 tamen
627 1690 923 1743 potestatem
959 1682 1214 1745 physicam
1257 1683 1522 1730 ordinandi
1560 1683 1752 1742 omnia,
1801 1691 1948 1745 prout
1981 1683 2097 1740 vult,

183 1764 232 1802 et
277 1764 534 1817 praeterea
582 1765 709 1803 esset
757 1757 922 1818 aliquo
970 1759 1122 1805 modo
1171 1758 1486 1806 inhonestum
1536 1758 1638 1806 eius
1679 1758 1958 1820 praeceptis
1994 1772 2098 1804 non

184 1830 438 1888 oboedire,
478 1847 588 1877 cum
626 1832 751 1879 haec
788 1833 1073 1880 inhonestas
1110 1849 1212 1880 non
1250 1833 1534 1895 dependeat
1564 1850 1591 1880 a
1617 1833 1786 1880 divino
1811 1841 2097 1895 praecepto

184 1905 417 1953 Ceterum
455 1921 567 1952 cum
602 1907 727 1953 haec
764 1909 1052 1969 suppositio,
1096 1909 1257 1955 Deum
1295 1909 1482 1955 nullum
1519 1908 1803 1956 hominibus
1839 1908 2098 1970 imponere

184 1979 415 2036 officium,
454 1980 513 2027 sit
549 1981 775 2039 absurda,
814 1981 993 2028 mirum
1029 1999 1130 2030 non
1169 1991 1241 2030 est
1278 1997 1337 2029 ex
1373 1998 1431 2030 ea
1470 1984 1683 2030 absurda
1720 1983 1873 2043 sequi.

260 2077 378 2115 Inst.
454 2070 589 2116 Deus
637 2071 699 2116 ab
748 2079 951 2118 aeterno
1000 2071 1169 2118 habuit
1216 2071 1287 2119 ius
1336 2080 1384 2118 et
1433 2071 1708 2118 dominium
1746 2071 1797 2118 in
1836 2079 2097 2129 creaturas,

184 2158 325 2191 secus
361 2143 629 2190 dicendum
667 2145 794 2192 foret
831 2161 942 2193 eum
980 2147 1030 2192 in
1068 2155 1295 2208 tempore
1333 2147 1405 2194 ius
1442 2146 1773 2208 acquisivisse.

262 2236 413 2285 Resp.
471 2227 611 2287 Nego
648 2234 790 2274 antec.
858 2229 1041 2289 Quoad
1067 2228 1342 2276 dominium
1368 2229 1415 2276 S.
1452 2229 1501 2275 T
1494 2229 1658 2275 lzemas
1694 2243 1925 2290 expresse
1951 2237 2102 2289 negat

184 2301 346 2348 Deum
397 2302 458 2348 ab
506 2311 710 2349 aeterno
750 2303 979 2350 habuisse
1020 2302 1309 2350 dominium.
1389 2305 1553 2351 «Deus
1589 2318 1693 2350 non
1729 2302 1819 2350 fuit
1855 2301 2099 2361 dominus,

184 2384 449 2437 antequam
487 2377 693 2424 haberet
730 2387 1004 2425 creaturam
1042 2378 1133 2425 sibi
1170 2379 1470 2426 subiectam»
1515 2375 1578 2438 (1,
1619 2394 1667 2440 q.
1699 2394 1773 2438 13,
1812 2394 1854 2425 a.
1885 2392 1907 2438 7
1937 2378 2001 2425 ad
2035 2372 2097 2438 6),

186 2451 284 2497 Sed
320 2466 421 2497 non
458 2452 628 2498 habuit
663 2453 725 2499 ab
763 2461 966 2500 aeterno
1004 2462 1280 2500 creaturam
1316 2452 1408 2500 sibi
1445 2452 1730 2500 subiectam.
1792 2452 1932 2512 Ergo
1966 2451 2099 2498 idem

185 2525 452 2572 dicendum
489 2525 552 2573 de
589 2526 692 2574 iure
730 2528 1018 2588 generatim.
1080 2529 1144 2574 Et
1178 2543 1231 2575 re
1270 2527 1473 2588 quidem
1509 2540 1650 2574 vera:
1690 2527 1763 2573 ius
1789 2534 1836 2574 et
1864 2525 2100 2587 obligatio

185 2599 275 2647 iuri
312 2601 712 2662 correspondens
749 2610 860 2649 sunt
895 2602 1050 2660 simul,
1089 2601 1206 2649 item
1238 2602 1423 2649 habere
1460 2602 1533 2649 ius
1568 2602 1620 2648 in
1656 2601 1874 2662 aliquam
1911 2616 2017 2648 rem
2053 2608 2102 2647 et

187 2675 399 2722 eandem
446 2675 538 2722 sibi
584 2677 768 2724 habere
817 2677 1088 2725 subiectam
1126 2686 1236 2724 sunt
1270 2693 1422 2723 unum
1460 2676 1708 2738 idemque.
1781 2676 1935 2737 Atqui
1966 2676 2102 2722 Deus

187 2764 290 2796 non
339 2749 509 2796 habuit
559 2752 622 2798 ab
674 2760 878 2799 aeterno
931 2761 1206 2799 creaturam
1257 2751 1349 2798 sibi
1397 2741 1667 2812 obligatam
1719 2759 1768 2798 et
1814 2749 2098 2798 subiectam.

187 2824 326 2884 Ergo
372 2839 536 2885 neque
583 2826 753 2873 habuit
800 2828 862 2874 ab
907 2835 1113 2874 aeterno
1149 2826 1220 2873 ius
1256 2826 1305 2873 in
1343 2826 1569 2873 eandem.
1641 2827 1905 2873 Praeterea
1939 2822 2102 2871 titulus

188 2898 304 2946 iuris
351 2898 504 2946 divini
552 2910 624 2948 est
672 2902 871 2949 creatio.
943 2903 1214 2963 Propterea
1261 2900 1394 2948 enim
1442 2902 1577 2947 Deus
1625 2908 1874 2947 creaturas
1920 2912 2102 2945 vocare

190 2981 352 3035 potest
398 2990 532 3033 suas,
583 2975 698 3037 quia
743 2991 829 3024 eas
877 2991 937 3023 ex
981 2976 1136 3023 nihilo
1184 2977 1235 3023 in
1284 2991 1420 3023 suam
1468 2973 1677 3036 gloriam
1713 2973 1970 3036 produxit,
2019 2987 2102 3020 eas

191 3057 464 3107 conservat,
504 3065 616 3095 cum
651 3050 707 3097 iis
741 3051 991 3097 concurrit
1022 3059 1113 3098 etc.
1167 3051 1321 3112 Atqui
1340 3050 1525 3096 creatio
1551 3064 1655 3095 non
1681 3048 1768 3095 fuit
1793 3049 1856 3095 ab
1881 3055 2100 3094 aeterno.

190 3123 329 3182 Ergo
373 3138 538 3185 neque
585 3124 672 3172 ius.
710 3150 773 3156 —
811 3125 1000 3172 Habuit
1047 3124 1248 3186 quidem
1285 3126 1422 3171 Deus
1467 3125 1530 3171 ab
1567 3131 1772 3170 aeterno
1807 3129 2101 3184 potestatem

192 3197 283 3243 sibi
320 3197 571 3245 efficiendi
605 3199 879 3246 dominium
916 3208 964 3246 et
998 3199 1070 3246 ius
1107 3214 1252 3246 sensu
1276 3198 1594 3259 incompleto,
1631 3205 1682 3244 ut
1706 3212 1853 3258 supra
1876 3194 2099 3252 diximus,

194 3270 282 3317 sed
327 3286 432 3318 non
479 3287 625 3319 sensu
670 3272 875 3334 proprio
923 3281 972 3320 et
1017 3275 1283 3335 completo.
1354 3272 1463 3319 Nec
1509 3271 1776 3319 absurdum
1823 3278 1896 3317 est
1933 3269 2102 3316 dicere

195 3345 358 3391 Deum
405 3346 677 3394 dominium
727 3355 1057 3394 creaturarum
1105 3347 1156 3394 in
1191 3355 1415 3409 tempore
1453 3344 1782 3407 acquisivisse.
1853 3344 1983 3391 Nam
2019 3342 2102 3390 do-
