2182 3682
637 178 789 207 CAPUT
822 178 884 207 VI,
935 178 997 205 DE
1032 176 1358 205 CONSCIENTIA.
1848 174 1941 228 175

52 333 148 364 una
192 315 460 378 praemissa
506 322 578 360 est
624 315 780 360 solum
827 313 1111 374 probabilis.
1193 313 1330 371 Ergo
1378 312 1527 358 etiam
1575 312 1851 369 conclusio,
1902 322 1950 360 et

51 391 164 438 ideo
200 405 302 436 non
337 390 544 435 habetur
579 386 827 434 dictamen
863 386 1321 448 ultimo-practicum
1358 393 1559 432 certum.

130 473 280 521 Resp.
357 462 490 509 Cone.
529 463 636 508 mai.
708 462 839 507 Dz'st.
877 461 1018 507 mim:
1065 462 1180 508 Una
1225 458 1494 521 praemissa
1542 467 1613 506 est
1652 461 1808 506 solum
1844 476 1953 520 pro-

51 537 225 586 babilis
260 536 311 583 in
348 535 631 597 syllogismo
667 535 883 592 directo,
922 549 1066 590 cena,
1115 534 1165 579 in
1201 534 1484 595 syllogismo
1520 532 1764 580 indirecto
1803 543 1849 580 et
1885 550 1954 581 re-

53 613 192 667 flexo,
231 626 344 669 ηεξ-ο
381 615 425 656 et
449 610 640 671 pariter
662 610 765 655 dist.
793 624 909 655 cens.
938 634 1002 638 ——
1029 608 1346 669 Syllogismus
1382 606 1649 654 indirectus
1681 608 1777 654 hoc
1801 608 1953 655 modo

53 684 283 734 efficitur:
334 686 437 730 Lex
485 692 621 730 certo
662 682 811 729 dubia
847 698 949 729 non
986 682 1185 743 obligat.
1257 682 1409 742 Atqui
1440 681 1489 727 in
1526 682 1622 728 hoc
1659 697 1774 728 casu
1809 683 1955 728 habe-

52 775 156 806 mus
203 759 362 819 legem
413 766 547 804 certo
595 756 809 803 dubiam.
892 757 1030 816 Ergo
1076 772 1178 803 non
1228 756 1425 816 obligat.
1512 757 1656 803 Haec
1704 755 1956 803 conclusio

53 842 124 881 est
169 841 328 890 certa,
379 832 494 892 quia
541 846 601 878 ex
640 830 918 892 praemissis
955 831 1100 878 certis
1135 830 1352 878 infertur.
1426 830 1576 890 Quod
1613 830 1677 876 ad
1711 830 1954 877 minorem

52 915 252 968 spectat,
289 915 433 953 nota:
473 905 621 952 Aliud
647 913 719 951 est
743 920 962 952 asserere
987 904 1108 965 legis
1133 904 1587 952 non-exsistentiam
1624 919 1729 951 esse
1756 913 1954 962 certam,

53 990 100 1029 et
133 980 265 1027 aliud
301 980 441 1027 huius
476 978 912 1026 non-exsistentiae
950 978 1349 1040 probabilitatem
1387 994 1493 1025 esse
1530 987 1728 1025 certam.

132 1076 233 1116 Obi.
269 1087 311 1115 2.
381 1069 604 1128 Systema
640 1067 1071 1128 probabilistarum
1109 1067 1260 1114 debet
1296 1082 1401 1114 esse
1439 1076 1640 1125 certum,
1679 1082 1818 1114 secus
1853 1083 1956 1114 non

52 1150 213 1205 potest
259 1157 364 1189 esse
413 1142 787 1188 fundamentum
824 1157 916 1203 pro
953 1140 1299 1188 dictaminibus
1334 1141 1490 1188 certis.
1563 1141 1716 1202 Atqui
1746 1157 1849 1188 non
1887 1150 1958 1188 est

52 1225 251 1264 certum.
312 1217 449 1275 Ergo
477 1255 484 1263 .
516 1254 523 1263 .
555 1254 562 1262 .
621 1216 761 1262 Proh.
801 1218 910 1263 min.
972 1215 1101 1262 Nam
1139 1216 1286 1263 etiam
1324 1215 1850 1277 aequiprobabilismus
1887 1223 1958 1263 est

52 1299 262 1353 systema
297 1290 574 1352 probabile.

129 1382 279 1430 Resp.
358 1372 491 1418 Com.
530 1372 640 1417 mai.
700 1371 840 1431 [Vege
876 1372 985 1419 min.
1047 1371 1134 1418 Ad
1153 1372 1290 1434 prob.
1328 1372 1466 1418 dist:
1504 1371 1958 1433 Aequiprobabilis-

51 1462 154 1493 mus
191 1455 263 1493 est
299 1454 510 1507 systema
535 1446 809 1507 probabile,
852 1454 1090 1506 quatenus
1115 1446 1343 1507 affirmat
1365 1446 1626 1493 liceitatem
1653 1445 1958 1507 benignioris

49 1519 346 1578 sententiae,
400 1520 439 1566 si
489 1521 615 1567 haec
667 1529 738 1566 est
788 1520 1093 1581 probabilior
1139 1521 1216 1567 vel
1267 1536 1425 1581 aeque
1473 1521 1769 1582 probabilis,
1821 1536 1956 1577 conc„

51 1603 289 1656 quatenus
325 1600 468 1654 negat
500 1594 763 1640 liceitatem
790 1594 1095 1655 benignioris
1133 1595 1418 1652 sententiae,
1458 1595 1495 1641 si
1532 1596 1657 1642 haec
1693 1604 1766 1642 est
1799 1595 1960 1642 minus

51 1668 349 1732 probabilis,
408 1669 629 1715 subdlst.:
686 1669 836 1715 habet
894 1669 1108 1729 aliquam
1167 1669 1565 1731 probabilitatem
1617 1669 1957 1728 extrinsecam,

51 1759 195 1800 conc„
244 1743 587 1801 intrinsecam,
638 1758 764 1803 wega.
836 1743 1081 1804 Theologi
1129 1744 1275 1791 etiam
1324 1744 1454 1790 aliud
1502 1759 1793 1806 responsum
1841 1744 1959 1791 dare

51 1826 254 1880 possunt
301 1833 360 1865 ex
404 1833 464 1864 eo
502 1817 732 1878 petitum,
784 1818 918 1877 quod
956 1818 1181 1865 Ecclesia
1216 1818 1623 1880 probabilismum
1660 1834 1835 1880 purum
1874 1833 1963 1880 per

49 1893 190 1955 plura
226 1892 422 1939 saecula
459 1893 633 1939 saltem
669 1893 895 1939 toleravit
933 1889 1012 1952 (cf.
1040 1893 1320 1949 Lelzmleulel,
1358 1894 1532 1940 Theol.
1561 1909 1683 1940 mor.
1715 1895 1751 1950 I,
1789 1909 1837 1940 n.
1867 1888 1964 1953 84).

135 1981 237 2022 Obi.
267 1993 309 2030 3·
383 1975 472 2020 Est
519 1973 784 2020 absurdum
832 1974 993 2020 minus
1041 1974 1317 2036 probabilia
1364 1975 1616 2036 praeferre
1669 1974 1966 2035 probabilio-

51 2049 196 2095 ribus.
269 2047 424 2108 Atqm‘
454 2048 551 2094 hoc
588 2047 705 2094 facit
741 2048 1077 2109 probabilista.
1150 2049 1289 2109 Ergo
1317 2088 1324 2096 .
1356 2088 1362 2095 .
1395 2088 1401 2096 .

129 2139 278 2188 Resp.
351 2130 484 2176 Dz'st.
533 2131 676 2176 mni:
728 2131 813 2176 Est
864 2130 1129 2177 absurdum
1181 2130 1341 2177 minus
1389 2130 1666 2192 probabilia
1712 2131 1964 2192 praeferre

53 2204 493 2265 probabilioribus,
543 2204 571 2250 i.
612 2219 653 2250 e.
693 2204 911 2251 iudicare
961 2220 1020 2252 ea
1056 2220 1163 2252 esse
1200 2205 1562 2267 probabiliora,
1612 2221 1755 2263 cena,
1805 2205 1965 2252 minus

53 2278 328 2340 probabilia
364 2279 616 2340 praeferre
662 2293 746 2324 seu
783 2279 943 2340 potius
980 2280 1305 2341 aequiparare
1343 2279 1758 2341 probabilioribus
1799 2279 1965 2340 quoad

52 2352 149 2399 vim
187 2352 456 2414 obligandi,
495 2367 623 2412 nege.
686 2354 910 2413 Utraque
948 2353 1079 2401 enim
1117 2355 1302 2401 nullam
1339 2354 1524 2401 habent
1560 2354 1657 2400 vim
1695 2354 1963 2415 obligandi.

55 2426 152 2487 Qui
189 2427 286 2474 hoc
323 2436 485 2487 negat,
526 2427 673 2473 etiam
711 2442 897 2488 negare
927 2428 1077 2475 debet
1102 2428 1320 2476 axioma:
1361 2430 1437 2476 lex
1463 2429 1612 2476 dubia
1637 2445 1736 2476 non
1764 2428 1963 2489 obligat.

61 2502 346 2548 Contradist.
385 2503 494 2548 min.
535 2507 580 2547 et
612 2516 726 2560 nege
763 2517 880 2549 cons.

135 2590 237 2630 Obi.
271 2602 313 2640 4.
380 2584 437 2629 In
486 2581 637 2630 dubio
685 2599 799 2644 pars
847 2583 993 2630 tutior
1040 2593 1112 2631 est
1160 2584 1404 2646 eligenda.
1477 2585 1630 2645 Az‘qm‘
1672 2584 1770 2631 hoc
1816 2593 1965 2645 negat

54 2656 445 2718 probabilismus.
523 2657 656 2717 Ergo
693 2665 765 2704 est
800 2658 1093 2706 reiciendus.

131 2747 280 2796 Resp.
348 2739 479 2785 Dz‘st.
520 2740 662 2785 mai..-
708 2741 766 2786 In
804 2739 956 2787 dubio
996 2740 1407 2803 ultimo-practico
1445 2756 1559 2803 pars
1595 2741 1742 2788 tutior
1778 2750 1850 2788 est
1886 2741 1965 2788 eli-

55 2813 241 2873 genda,
284 2828 430 2869 conc„
468 2814 518 2859 in
556 2813 707 2860 dubio
744 2823 933 2862 remote
971 2816 1191 2877 practico
1229 2811 1583 2877 (speculativo),
1636 2816 1673 2862 si
1709 2816 1866 2876 agitur
1901 2815 1963 2862 de

56 2887 160 2934 solo
197 2886 356 2944 licito,
407 2903 534 2947 nege.
614 2888 900 2937 Contradist.
939 2891 1048 2938 min.
1088 2897 1133 2936 et
1165 2905 1278 2949 nego
1314 2906 1432 2937 cens.
1472 2915 1532 2921 —
1569 2890 1802 2937 Ceterum
1840 2891 1964 2936 haec

58 2960 270 3008 obiectio
318 2961 441 3008 sicut
486 2962 755 3024 pleraeque
803 2964 952 3022 aliae,
1003 2980 1130 3026 quae
1179 2982 1207 3012 a
1254 2964 1663 3027 probabilioristis
1711 2974 1759 3011 et
1803 2964 1965 3024 aequi-

57 3035 385 3096 probabilistis
423 3045 771 3097 congeruntur,
811 3047 984 3086 contra
1020 3054 1106 3086 eos
1143 3039 1420 3100 retorqueri
1456 3047 1673 3100 possunt.

138 3123 239 3164 Obi.
274 3134 316 3175 5.
373 3117 698 3165 Probabilitas
734 3119 893 3166 maior
930 3120 1067 3167 elidit
1102 3121 1345 3168 minorem
1379 3135 1463 3167 seu
1490 3135 1599 3167 eam
1624 3120 1670 3166 vi
1696 3118 1965 3180 prudenter

57 3190 290 3237 movendi
341 3190 525 3251 privat,
580 3190 702 3238 sicut
753 3208 811 3240 ex
859 3194 1051 3241 duobus
1098 3195 1405 3257 ponderibus
1452 3194 1502 3240 in
1550 3193 1744 3240 bilance
1792 3192 1963 3254 positis

57 3264 210 3311 maius
245 3264 369 3312 tollit
404 3266 502 3312 vim
538 3265 754 3314 minoris.
812 3268 950 3328 Ergo
986 3269 1276 3331 opinionem
1312 3268 1472 3315 minus
1507 3266 1819 3329 probabilem
1856 3281 1964 3327 pru-

59 3338 232 3385 denter
268 3338 501 3400 amplecti
536 3354 637 3386 non
676 3355 949 3402 possumus.
