2182 3682
170 148 276 202 472
574 145 687 174 PARS
721 144 769 174 ΙΙ.
821 143 1137 173 PHILOSOPHIA
1170 143 1374 173 MORALIS
1409 142 1660 173 SPECIALIS.

168 283 458 332 societatem
482 291 734 343 tamquam
770 282 1050 328 membrum
1082 280 1318 328 eiusdem.
1371 280 1554 339 Quare,
1591 280 1630 326 si
1662 279 1816 327 libere
1849 278 2076 327 ordinem

169 360 404 407 socialem
440 373 636 405 servare
672 357 808 415 nolit,
846 357 925 403 vel
952 355 999 402 vi
1036 356 1100 403 ad
1129 355 1344 404 eundem
1381 355 1678 402 servandum
1714 354 1970 416 cogendus
2005 362 2079 402 est

167 435 246 481 vel
281 432 483 480 tandem
526 448 555 478 a
593 446 803 493 corpore
852 430 1097 477 societatis
1146 429 1538 487 abscindendus,
1589 429 1628 476 si
1663 428 1802 476 aliter
1845 428 2078 476 securitas

168 509 368 571 publica
405 506 689 555 conservari
723 521 826 552 non
862 504 1017 566 possit
1055 502 1119 566 (S.
1166 505 1327 551 Tlmm.
1371 522 1420 563 2,
1462 521 1511 563 2,
1553 520 1599 566 q.
1640 506 1724 564 64,
1763 520 1805 551 a.
1847 521 1870 551 2
1911 504 1974 551 ad
2011 499 2074 565 3).

947 785 1174 832 CAPUT
1210 785 1295 831 IV.

541 908 656 967 DE
703 907 899 966 IURE
947 906 1700 966 INTERNATIONALI.

924 1062 1254 1102 ARTICULUS
1286 1063 1319 1102 1.

424 1170 516 1216 DE
554 1170 722 1217 IURE
760 1166 1366 1214 INTERNATIONALI
1402 1166 1475 1213 IN
1516 1165 1814 1213 GENERE.

555 1300 582 1355 ξ
622 1314 653 1342 1.
706 1302 849 1352 QUID
885 1302 974 1341 SIT
1006 1301 1098 1341 IUS
1131 1299 1679 1340 INTERNATIONALE.

172 1411 318 1477 642.
407 1428 448 1463 Ι.
492 1413 579 1462 Ius
620 1410 1040 1463 internatimmlc
1079 1428 1240 1477 saepe
1281 1411 1439 1460 etiam
1469 1419 1692 1460 vocatur
1718 1410 1799 1460 ius
1818 1409 2075 1475 gentium.

171 1496 385 1547 Veteres
424 1495 639 1545 nomine
679 1495 799 1544 iuris
840 1494 1082 1560 gentium
1124 1493 1227 1543 alio
1267 1510 1426 1543 sensu
1467 1493 1766 1543 utebantur.

243 1586 292 1651 a)
335 1584 386 1635 S.
429 1584 477 1634 T
474 1585 666 1635 leemas
707 1601 829 1633 cum
869 1582 1250 1633 iurisconsultis
1279 1583 1510 1633 romanis
1538 1583 1754 1632 nomine
1791 1581 1913 1631 iuris
1954 1598 2075 1646 gen-

169 1669 299 1718 tium
341 1666 599 1732 intellegit
640 1683 757 1716 eam
788 1674 994 1732 partem
1036 1665 1216 1731 legum
1259 1665 1620 1731 positivarum,
1665 1681 1800 1730 quae
1841 1664 2079 1714 continet

170 1750 543 1802 conclusiones
595 1749 917 1799 necessarias
970 1765 1039 1798 ex
1080 1748 1201 1814 lege
1253 1746 1472 1797 naturali
1525 1747 1757 1813 ideoque
1809 1745 2079 1812 duplicem

169 1833 334 1884 habet
375 1832 579 1882 fontem
621 1831 978 1897 obligationis.
1061 1830 1185 1880 Hoc
1227 1847 1356 1895 ergo
1398 1831 1475 1879 ius
1516 1829 1756 1896 gentium
1796 1828 2079 1895 praecipue

168 1924 409 1966 versatur
469 1915 607 1965 circa
659 1913 941 1963 relationes
999 1914 1232 1963 internas
1293 1913 1484 1962 civium
1543 1912 1782 1961 eiusdem
1838 1911 2076 1972 civitatis,

169 2000 278 2049 sive
319 1999 387 2048 ad
427 2015 484 2048 se
525 1997 750 2047 invicem
791 1997 901 2046 sive
942 1997 1010 2045 ad
1052 2003 1223 2046 totam
1266 1996 1550 2045 civitatem.
1620 1992 1708 2044 Sic
1747 2012 1795 2044 v.
1839 2011 1889 2059 g.
1934 2010 2078 2060 prae-

171 2090 353 2147 cepta:
407 2098 516 2131 non
557 2096 673 2129 esse
714 2079 1009 2139 furandum,
1054 2096 1159 2127 non
1203 2095 1318 2127 esse
1361 2077 1734 2138 occidendum,
1785 2076 2077 2127 secundum

172 2162 225 2214 S.
277 2163 542 2213 Tlmmam
582 2163 707 2212 iuris
748 2162 986 2227 gentium
1026 2168 1150 2210 sunt
1191 2160 1259 2225 (n.
1307 2172 1409 2224 247
1455 2167 1508 2209 et
1550 2160 1693 2223 381).

244 2253 301 2317 b)
353 2252 679 2302 Posteriores
730 2250 1034 2301 scholastici
1086 2257 1209 2315 post
1264 2248 1635 2298 Tridentinum
1691 2248 1905 2298 nomine
1956 2247 2078 2296 iuris

171 2335 412 2401 gentium
462 2333 777 2400 intellegunt
818 2333 896 2382 ius
938 2332 1154 2398 aliquod
1195 2332 1565 2381 intermedium
1617 2332 1752 2380 inter
1791 2329 2078 2397 positivum

172 2426 224 2468 et
264 2416 528 2477 naturale,
579 2416 725 2483 quod
766 2415 858 2466 scl.
904 2425 983 2465 est
1025 2415 1162 2464 adeo
1205 2415 1565 2481 propinquum
1607 2414 1699 2463 iuri
1741 2411 1979 2474 naturali,
2022 2420 2079 2461 ut

171 2499 416 2550 homines
458 2499 608 2549 facile
650 2499 701 2548 in
743 2516 807 2550 eo
851 2498 1220 2558 convenerint,
1272 2497 1516 2563 quamvis
1555 2495 1672 2546 solo
1713 2496 1822 2545 iure
1862 2501 2079 2544 naturae

172 2582 412 2632 nondum
452 2582 518 2631 sit
557 2580 808 2632 validum.
876 2580 964 2630 Ius
1005 2581 1245 2645 gentium
1287 2580 1447 2629 etiarn
1487 2578 1592 2629 hoc
1627 2595 1786 2628 sensu
1827 2594 2078 2643 magnam

172 2673 378 2731 partem
418 2671 655 2714 versatur
695 2664 832 2714 circa
878 2662 1159 2713 relationes
1209 2663 1441 2712 internas
1493 2661 1763 2711 civitatum
1817 2664 1885 2724 (n.
1932 2659 2075 2723 246).

249 2768 296 2804 2.
339 2753 523 2803 Hodie
552 2769 580 2802 e
609 2761 793 2803 contra
822 2753 1036 2802 nomine
1069 2752 1192 2801 iuris
1221 2752 1462 2816 gentium
1492 2749 1894 2816 (l1⁷'0·lke227‘ecl22‘)
1933 2747 2078 2798 intel-

172 2836 365 2902 legitur
405 2835 710 2900 complexus
746 2835 944 2885 2'211'2'22712
987 2843 1037 2884 es
1074 2834 1375 2901 officl'ormtz
1419 2832 1521 2897 (vel
1563 2832 1780 2897 legum),
1824 2849 1960 2897 quae
2001 2849 2077 2880 re-

173 2918 402 2969 lationes
439 2918 779 2967 diversorum
813 2916 1137 2982 populorum
1180 2914 1498 2981 (civitatum)
1541 2915 1681 2965 inter
1718 2931 1775 2964 se
1812 2921 2078 2979 spectant,-

173 3001 242 3050 ad
271 3000 572 3050 evitandam
603 2999 1099 3066 aequivocationem
1127 3006 1350 3048 vocatur
1382 2998 1461 3047 ius
1494 2994 1931 3054 z'nternationale,
1970 2994 1998 3044 i.
2030 3012 2074 3045 6.

172 3084 252 3133 ius
291 3084 426 3132 inter
465 3083 700 3132 diversas
740 3082 983 3131 nationes
1010 3081 1210 3146 vigens.
1275 3080 1440 3144 Igitur
1480 3097 1510 3129 a
1549 3080 1658 3128 iure
1698 3077 1938 3145 gentium
1977 3076 2077 3127 hac

173 3165 560 3231 significatione
600 3163 960 3214 excluduntur
998 3164 1109 3212 iura
1150 3172 1202 3212 et
1243 3162 1444 3222 officia,
1489 3179 1624 3228 quae
1665 3160 1947 3211 relationes
1987 3159 2077 3209 ho-

175 3247 376 3296 minurn
416 3247 551 3296 intra
602 3247 827 3296 eandem
881 3246 1149 3296 civitatem
1189 3251 1450 3311 spectant.
1532 3243 1647 3292 Nos
1686 3243 1771 3292 hic
1812 3241 2080 3307 loquimur

176 3329 244 3378 de
283 3329 392 3379 iure
433 3329 669 3394 gentium
710 3329 762 3379 in
789 3345 947 3379 sensu
990 3327 1361 3388 recentiorum,
1407 3334 1465 3376 ut
1503 3324 1766 3390 significat
1806 3324 1886 3374 ius
1925 3323 2076 3373 inter-
