2182 3682
217 179 318 241 164
614 188 728 217 PARS
762 187 792 217 1.
843 186 1159 216 PHILOSOPHIA
1193 186 1396 216 MORALIS
1431 185 1713 215 GENERALIS.

208 341 436 375 onerosa
486 325 740 390 spectatis
790 323 988 373 viribus
1040 340 1253 385 eorum,
1309 323 1503 389 quibus
1553 321 1858 395 imponitur.
1950 320 2118 373 Secus

208 407 349 457 enim
389 424 498 456 non
538 406 824 472 attingeret
864 405 1026 456 finem
1066 423 1221 455 suum
1262 413 1315 455 et
1356 412 1497 455 esset
1535 404 1859 471 imprudens.

216 544 356 597 194.
439 531 613 582 Sclzol.
670 531 918 582 Diximus
957 531 1134 597 legem
1173 531 1481 598 positivam,
1540 548 1678 597 quae
1717 547 1821 580 una
1861 547 1930 580 ex
1971 547 2116 596 prae-

207 616 362 666 dictis
390 614 793 666 condicionibus
823 621 1014 674 careat,
1054 631 1124 663 ex
1150 631 1207 663 se
1236 612 1436 663 nullam
1464 612 1663 663 habere
1689 613 1798 663 vim
1825 612 2116 677 obligandi.

207 696 316 748 Sed
357 697 549 748 licetne
590 713 709 746 eam
750 693 1061 746 observare?
1113 695 1270 761 Κεφ.
1301 695 1707 761 distinguendo:
1750 693 1805 762 Si
1845 693 1934 745 lex
1973 712 2119 762 prae-

207 780 334 846 cipit
373 780 653 829 intrinsece
693 778 991 839 inhonesta‚
1035 795 1329 844 numquam
1370 778 1416 827 ei
1457 777 1715 827 oboedire
1755 777 1894 828 licet.
1961 771 2118 842 Quae

207 862 347 913 enim
387 861 667 911 intrinsece
709 859 849 910 mala
888 866 1027 921 sunt,
1072 877 1284 926 semper
1323 867 1378 910 et
1417 860 1615 927 ubique
1649 848 1828 910 alfe-o
1856 868 2116 921 vetantur,

208 945 292 995 cui
330 944 502 1010 magis
543 943 953 993 oboediendum
995 951 1075 992 est
1127 959 1290 1009 quam
1342 941 1663 993 hominibus
1746 941 1803 993 Si
1853 959 1979 992 vero
2030 939 2119 992 lex

207 1027 434 1093 positiva
487 1024 663 1075 solum
715 1033 859 1075 caret
912 1025 961 1074 vi
1017 1024 1320 1090 obligandi,
1382 1025 1505 1091 quia
1557 1034 1637 1075 est
1691 1025 1907 1086 iniusta,
1961 1023 2010 1075 V.
2066 1014 2132 1090 gs

208 1118 428 1176 propter
470 1106 740 1158 defectum
780 1106 1137 1168 auctoritatis,
1192 1124 1479 1173 possumus
1520 1123 1639 1158 eam
1679 1124 1914 1169 servare,
1957 1107 2122 1175 immo

207 1192 475 1254 interdum
514 1199 768 1251 tenemur,
812 1207 919 1239 non
957 1207 1054 1256 per
1080 1206 1153 1251 se,
1198 1190 1346 1256 quasi
1373 1190 1487 1256 ipsa
1516 1189 1604 1240 lex
1632 1206 1731 1239 nos
1760 1181 1981 1255 obliget,
2023 1188 2140 1259 Sed,

208 1291 302 1345 per
329 1273 594 1343 accidens,
626 1272 749 1338 quia
778 1289 847 1321 ex
875 1270 1125 1337 neglectu
1154 1270 1287 1338 legis
1314 1272 1517 1321 maiora
1538 1272 1734 1341 damna
1755 1259 2114 1338 sequerentur.

249 1344 560 1406 “Praeterea
610 1363 764 1404 nota:
820 1352 875 1404 Si
921 1354 1012 1403 lex
1062 1360 1143 1403 est
1193 1353 1411 1415 iniusta,
1468 1355 1627 1404 etiam
1667 1347 2120 1420 pobizd'pmpter

208 1439 319 1489 eius
371 1437 849 1503 transgressionem
901 1435 1154 1502 imposita
1195 1444 1275 1486 est
1313 1436 1519 1486 iniusta.
1603 1433 1948 1503 Quapropter
1987 1434 2120 1485 falso

209 1522 424 1588 quidam
485 1518 836 1569 iurisconsulti
896 1517 1145 1568 catholici
1203 1519 1254 1568 in
1312 1517 1597 1568 Germania
1656 1519 1958 1569 docuerunt
2016 1517 2124 1584 legi

207 1604 427 1654 iniustae
469 1603 536 1666 (v.
569 1618 619 1666 g.
664 1609 851 1651 contra
878 1600 1177 1651 Ecclesiam
1218 1599 1375 1666 latae)
1405 1600 1763 1667 obtemperari
1791 1617 1900 1651 non
1939 1617 2115 1667 posse,

210 1686 329 1736 oriri
369 1694 549 1736 tamen
579 1683 982 1750 obligationem,
1028 1692 1080 1732 et
1109 1683 1326 1749 quidem
1355 1700 1450 1749 per
1476 1700 1548 1744 se,
1592 1682 1661 1732 ad
1690 1699 1938 1749 poenam,
1982 1699 2118 1749 quae

209 1777 429 1835 propter
469 1766 948 1832 transgressionem
989 1764 1106 1815 talis
1146 1764 1278 1831 legis
1317 1764 1585 1831 infligitur,
1627 1765 2008 1816 sustinendam.

991 2010 1218 2058 CAPUT
1253 2011 1339 2057 VI.

785 2116 901 2175 DE
952 2116 1542 2176 CONSCIENTIA.

219 2256 362 2310 195.
443 2247 519 2298 Ut
574 2245 663 2296 lex
715 2248 766 2297 in
820 2255 941 2297 actu
983 2247 1223 2297 secundo
1266 2245 1506 2312 obligare
1553 2245 1722 2311 possit
1760 2252 1972 2311 praeter
2012 2244 2123 2294 eius

211 2328 698 2395 promulgationem
751 2347 819 2379 ex
871 2336 1022 2395 parte
1074 2329 1384 2395 superioris,
1440 2327 1742 2394 requiritur,
1796 2335 1855 2376 ut
1904 2325 2125 2393 singulis

211 2411 438 2461 subditis
489 2411 780 2462 subiective
831 2412 1132 2461 innotescat
1184 2418 1238 2460 et
1288 2420 1563 2476 tamquam
1615 2407 1798 2475 regula
1837 2409 2033 2474 agendi
2071 2408 2124 2458 in

212 2493 484 2543 individuo
526 2493 835 2560 applicetur.
894 2494 1017 2543 Hoc
1058 2493 1429 2559 applicationis
1458 2491 1637 2541 officio
1679 2491 1915 2556 fungitur
1954 2490 2123 2540 unius-

214 2576 474 2642 cuiusque
516 2576 857 2637 conscientia,
902 2593 1040 2642 quae
1081 2592 1177 2641 per
1217 2575 1439 2625 modum
1481 2573 1721 2640 principii
1750 2573 2026 2624 subiectivi
2055 2572 2123 2622 ad

213 2667 391 2708 actum
431 2657 689 2708 moralem
731 2658 1013 2708 concurrit.

970 2812 1301 2852 ARTICULUS
1333 2813 1366 2851 Ι.

446 2912 859 2958 GENERALES
897 2912 989 2958 DE
1031 2909 1495 2958 CONSCIENTIA
1532 2908 1898 2956 NOTIONES.

949 3027 977 3082 ξ
1016 3040 1049 3069 1.
1101 3029 1244 3079 QUID
1281 3028 1380 3067 SIT.

299 3116 362 3169 (S.
404 3119 545 3158 leom.
586 3130 619 3167 1,
656 3133 693 3170 q.
731 3128 797 3168 79,
834 3133 868 3158 a.
910 3128 984 3168 133
1026 3128 1059 3166 Ι,
1097 3128 1135 3166 2,
1170 3131 1209 3170 q.
1251 3128 1314 3167 19,
1351 3131 1386 3156 a.
1424 3124 1445 3167 5
1482 3123 1522 3154 et
1555 3116 1606 3163 6;
1642 3116 1710 3154 De
1742 3115 1863 3155 verit.
1898 3129 1936 3167 q.
1976 3122 2041 3164 17.

544 3187 761 3226 Ballen‘m'
766 3186 885 3224 Palm
890 3187 975 3232 'elz'
1011 3185 1128 3237 Opus
1160 3184 1346 3236 theolog
1381 3196 1483 3222 mor.
1517 3183 1549 3232 Ι,
1584 3190 1701 3223 tract.
1737 3180 1800 3234 2.)

228 3285 368 3349 196.
450 3286 843 3338 Conscientiam
896 3287 981 3337 hic
1033 3304 1141 3336 non
1194 3286 1486 3352 accipimus
1539 3302 1696 3335 sensu
1746 3283 2182 3353 psychologico

221 3386 317 3434 pro
359 3370 666 3435 cognitione
706 3368 905 3419 reflexa
945 3368 1021 3418 sui
1062 3369 1226 3434 ipsius
1266 3384 1364 3418 nec
1410 3384 1509 3433 pro
1548 3375 1808 3434 synteresz
1848 3383 1941 3416 seu
1982 3364 2126 3415 habi·
2181 3347 2182 3400 l
