2182 3682
572 189 724 218 CAPUT
759 187 857 215 VIII.
910 186 970 214 DE
1003 185 1116 214 IURE
1150 185 1199 213 IN
1235 184 1436 212 GENERE.
1846 178 1944 232 205

57 343 154 376 nec
214 325 490 375 intentioni
549 323 863 389 legislatoris
922 320 1259 387 respondeat.
1356 319 1442 367 Ius
1501 318 1656 382 igitur
1709 316 1950 366 slrl'clum

56 416 136 458 est
187 406 275 457 lex
324 407 520 472 scripta
569 404 865 455 secundum
919 404 1149 468 rigorem
1189 401 1474 450 verborum
1527 397 1819 458 intellecta;
1873 397 1952 445 ius

54 507 203 557 vero?
230 505 454 554 aequum
500 495 580 537 est
632 486 719 536 lex
769 486 966 551 scripta
1017 483 1392 550 praetermisso
1445 480 1617 545 rigore
1667 478 1952 527 verborum

55 570 351 621 secundum
403 561 727 635 exigentiam
767 567 991 617 iustitiae
1031 563 1280 615 naturalis
1321 571 1373 612 et
1413 561 1761 611 intentionem
1801 558 1954 623 legis-

56 652 236 723 latoris
291 651 568 701 moderata
618 649 701 700 vel
758 656 1009 700 correcta.
1090 648 1378 713 Propterea
1433 642 1757 693 Aristoteles
1809 639 1950 704 (Eth.

56 733 86 784 l.
135 743 189 797 5,
249 750 291 783 c.
344 732 426 796 10)
467 748 699 797 aequum
740 738 898 780 vocat
938 730 1060 779 iuris
1100 727 1322 794 legitimi
1373 723 1774 776 correctionem.
1854 721 1954 769 Iuri

56 832 229 881 aequo
271 813 656 880 correspondet
695 813 857 862 virtus
899 811 1176 877 aequitatis
1218 811 1286 873 (n.
1339 808 1489 870 Ι44);

59 985 205 1039 245.
288 988 334 1039 3.
377 976 429 1025 in
468 976 547 1024 ius
587 973 975 1024 consuetudine&
1015 980 1068 1021 et
1107 972 1186 1021 ius
1224 970 1492 1035 scriplum.
1575 968 1663 1016 Ius
1701 966 1954 1031 scriptum

55 1066 277 1108 vocatur
335 1056 605 1123 quaelibet
663 1055 753 1105 leX
807 1055 1018 1120 scripta.
1114 1053 1199 1102 Ius
1255 1050 1653 1102 consuetudinis
1709 1047 1957 1098 definitur

55 1157 138 1189 ms
188 1139 454 1205 quoddam
506 1138 744 1189 meabas
790 1137 1115 1197 Zmnslltlllllllz
1175 1134 1318 1201 quod
1347 1142 1457 1199 plo
1498 1132 1615 1197 lege
1654 1128 1955 1194 suscl‘pilm',

55 1238 168 1272 cum
219 1221 396 1288 deficat
444 1221 547 1271 lex.
641 1219 1035 1284 Distinguenda
1086 1225 1166 1267 est
1218 1213 1552 1266 consuetudo
1588 1212 1765 1284 faclz
1818 1226 1955 1276 quae

55 1303 228 1353 solum
279 1311 359 1353 est
410 1302 706 1393 frequentia
756 1301 919 1352 libere
961 1300 1217 1366 operandi
1258 1297 1451 1348 eodem
1493 1296 1685 1356 modo,
1742 1302 1794 1343 et
1835 1309 1955 1342 con-

56 1385 284 1435 suetudo
337 1402 502 1447 zmzs,
557 1385 625 1434 de
677 1401 782 1450 qua
830 1383 970 1433 valet
1022 1381 1259 1432 definitio
1312 1379 1477 1429 modo
1531 1377 1737 1428 tradita.
1820 1373 1956 1424 Con-

54 1467 283 1517 suetudo
324 1467 445 1516 iuris
486 1467 648 1517 oritur
688 1483 756 1515 ex
809 1464 1193 1516 consuetudine
1235 1463 1384 1522 sacti,
1438 1461 1480 1510 si
1520 1460 1653 1509 haec
1694 1456 1956 1524 posterior

55 1556 136 1599 est
192 1550 243 1613 a)
301 1549 676 1609 rationabilis,
736 1548 764 1598 i.
824 1565 867 1597 e.
928 1547 1032 1613 legi
1091 1544 1313 1596 naturali
1373 1561 1480 1593 non
1540 1556 1845 1608 repugnans
1904 1547 1955 1588 et

56 1632 202 1681 bono
255 1632 526 1681 communi
576 1630 741 1691 utilis,
795 1630 851 1694 b)
893 1630 1166 1690 dl'ulurna,
1215 1635 1268 1678 et
1309 1628 1356 1691 c)
1398 1624 1713 1685 conmmm's,
1765 1623 1794 1672 i.
1840 1638 1883 1672 e.
1927 1639 1957 1670 a

57 1714 256 1763 maiore
311 1731 404 1763 seu
454 1713 663 1780 potiore
716 1720 864 1779 parte
917 1711 1312 1774 communitatis
1362 1708 1690 1766 introducta,
1746 1714 1797 1754 et
1851 1704 1996 1769 qui-·

59 1796 182 1845 dem
235 1813 357 1845 curn
410 1795 685 1846 voluntate
736 1812 793 1844 se
849 1792 1139 1859 obligandi.
1226 1792 1352 1841 Vim
1410 1788 1686 1855 obligandi
1741 1802 1957 1836 consue-

57 1878 188 1928 tudo
249 1878 442 1944 accipit
504 1895 572 1927 ex
634 1894 896 1927 consensu
958 1875 1040 1925 vel
1097 1874 1253 1940 legali
1306 1874 1354 1938 (i.
1410 1889 1452 1922 e.
1509 1870 1627 1936 lege
1679 1867 1957 1918 universali

58 1961 334 2026 expresso)
375 1960 459 2010 vel
500 1960 662 2010 tacito
704 1958 1019 2025 legislatoris
1061 1956 1133 2022 (S.
1188 1957 1371 2006 Tllcmc.
1425 1969 1466 2014 1,
1513 1967 1557 2014 2,
1603 1970 1651 2018 q.
1696 1964 1782 2015 97,
1833 1967 1876 1999 a.
1926 1962 1951 2012 3

56 2042 125 2092 ad
169 2042 236 2107 3).

135 2129 484 2181 Consuetudo
536 2148 643 2180 non
694 2130 870 2181 solum
911 2129 1087 2195 legem
1130 2128 1479 2187 constituere,
1534 2125 1629 2174 sed
1671 2125 1828 2173 etiarn
1870 2122 1955 2172 ab·

61 2229 250 2279 rogare
291 2220 484 2279 potest.
553 2213 629 2264 Ut
670 2213 1006 2263 consuetudo
1042 2211 1218 2276 legem
1247 2211 1487 2275 abroget,
1533 2224 1639 2257 non
1668 2206 1956 2272 requiritur,

61 2303 117 2345 ut
155 2294 222 2345 sit
277 2294 423 2345 bono
481 2295 750 2345 communi
806 2294 971 2354 utilis,
1029 2294 1123 2344 sed
1179 2292 1354 2343 solum
1411 2308 1476 2341 ne
1533 2291 1579 2339 ei
1632 2289 1697 2338 sit
1752 2288 1955 2337 nociva.

59 2376 180 2427 Plus
221 2394 351 2443 ergo
393 2377 698 2443 requiritur,
748 2385 806 2427 ut
847 2376 1180 2427 consuetudo
1222 2374 1397 2440 legem
1439 2372 1751 2432 constituat,
1798 2386 1957 2437 quam

59 2467 118 2508 ut
157 2459 412 2525 obroget3

4 2680 6 2682 Ι
41 2612 207 2678 ζ246.
285 2629 335 2678 4.
379 2616 431 2665 in
471 2616 550 2665 ius
589 2614 858 2676 naturale,
894 2614 1149 2680 gentium,
1192 2612 1368 2674 civile,
1410 2628 1570 2679 quam
1614 2620 1792 2661 tamen
1835 2610 1958 2659 divi-

40 2691 265 2747 sionem
316 2697 401 2747 alii
450 2697 599 2747 aliter
649 2695 977 2763 intellegunt.
1058 2696 1382 2745 Posteriores
1421 2693 1726 2744 scholastici
1766 2693 1817 2756 (a
1857 2691 1959 2741 fine

61 2778 258 2829 saeculi
316 2780 469 2844 XVI)
529 2780 744 2829 nomine
803 2779 924 2829 iuris
984 2779 1223 2844 gentium
1280 2777 1595 2843 intellegunt
1650 2792 1739 2825 eas
1794 2773 1956 2839 leges,

6 2866 9 2867 ⁷
63 2878 198 2927 quae
248 2868 370 2912 sunt
421 2862 560 2912 adeo
612 2862 943 2928 propinquae
994 2859 1100 2926 legi
1151 2859 1374 2910 naturali
1421 2868 1474 2909 et
1514 2857 1834 2908 commodae
1875 2872 1958 2905 na-

63 2951 211 2993 turae
271 2943 538 3006 rationali,
600 2952 659 2994 ut
714 2960 901 2993 omnes
961 2943 1068 2993 fere
1126 2950 1316 3008 gentes
1370 2942 1420 2991 in
1480 2941 1539 2991 iis
1599 2938 1957 2997 convenerint,

65 3026 305 3090 quamvis
356 3026 579 3076 eaedem
629 3043 737 3076 non
787 3024 903 3076 sola
954 3025 1157 3075 ratione
1213 3023 1462 3084 naturali,
1524 3023 1619 3072 sed
1675 3020 1959 3087 praecipue

66 3108 451 3158 consuetudine
492 3108 732 3174 gentium
772 3107 1108 3158 introductae
1135 3107 1252 3156 sint.
1322 3106 1514 3170 LegeS‚
1558 3120 1695 3169 quae
1722 3102 1773 3151 vi
1799 3100 1959 3151 solius

63 3187 195 3254 legis
234 3189 483 3240 naturalis
523 3190 793 3256 obligant,
835 3196 1032 3239 vocant
1070 3189 1148 3238 ius
1188 3196 1432 3248 naturae,
1488 3203 1577 3236 eas
1615 3201 1769 3244 vero,
1823 3199 1959 3248 quae

64 3278 186 3320 sunt
243 3287 274 3321 a
332 3279 599 3338 potestate
659 3271 795 3322 civili
858 3271 1225 3331 introductae,
1293 3270 1371 3319 ius
1436 3266 1601 3318 civile.
1662 3296 1731 3300 -—
1787 3263 1960 3313 Aliter

66 3349 118 3402 S.
161 3351 401 3403 Thomas
440 3362 564 3420 post
603 3351 952 3404 Aristotelem
993 3360 1046 3403 et
1084 3350 1409 3417 iurisperitos
1451 3364 1715 3399 romanos,
