2182 3682
506 186 594 216 LIB.
629 186 677 216 ΙΙ.
724 185 823 215 CAP.
858 185 926 215 ΙΙΙ.
972 185 1036 213 DE
1069 184 1330 213 SOCIETATE
1365 185 1522 216 CIVILI.
1838 187 1942 241 453

125 321 372 371 Assertio
404 336 459 385 3.
542 320 597 371 Si
636 338 762 371 vero
814 319 1018 386 populo
1072 321 1335 371 eiusmodi
1384 322 1463 371 ius
1514 340 1621 372 non
1674 325 1946 389 competit,

52 411 105 453 et
158 403 462 468 tyrannicus
517 402 794 468 potestatis
850 402 1046 451 abusus
1097 418 1204 451 non
1257 410 1337 452 est
1388 405 1716 465 excessivus,
1775 406 1949 455 eidem

50 503 158 535 non
198 484 320 535 licet
360 493 544 535 contra
583 484 877 550 principem
918 484 1188 548 insurgere
1229 501 1461 550 eumque
1503 485 1787 550 deponere.

124 567 261 616 Nam
292 567 552 616 eiusmodi
579 566 887 616 insurrectio
917 574 969 614 et
997 566 1326 631 perturbatio
1350 565 1457 616 fere
1478 583 1690 632 semper
1712 569 1952 633 graviora

50 649 188 699 mala
226 665 408 698 secum
452 648 549 698 fert
590 665 750 714 quam
797 647 1057 712 tyrannis,
1114 648 1156 697 si
1207 647 1339 698 haec
1391 665 1499 698 non
1540 655 1620 698 est
1661 651 1947 701 excessiva.

54 765 199 831 615.
279 766 526 816 Assertio
568 782 616 833 4.
698 765 1009 831 Numquam
1061 764 1184 815 licet
1236 774 1421 815 contra
1472 765 1767 832 legitimum
1819 769 1952 833 prin-

52 850 224 915 cipem
267 848 780 915 quomodocumque
831 848 1106 913 tyrannice
1159 856 1434 913 regentem
1488 866 1702 898 movere
1754 849 1953 900 bellum

50 948 112 981 ea
151 931 458 992 intentione,
502 938 559 979 ut
600 930 899 996 deponatur
939 936 991 978 et
1033 947 1200 995 regno
1243 929 1556 996 expellatur.

125 1012 265 1062 Nam
316 1012 420 1062 hoc
471 1012 753 1078 supposito
804 1011 1091 1061 haberetur
1137 1010 1335 1061 bellum
1377 1012 1693 1062 offensivum
1733 1030 1826 1063 seu
1868 1031 1954 1080 ag-

51 1095 360 1162 gressivum.
425 1094 594 1160 Atqui
633 1093 737 1143 tale
778 1093 979 1143 bellum
1019 1094 1250 1144 indicere
1292 1111 1451 1144 nemo
1492 1103 1687 1160 potest,
1731 1096 1828 1145 nisi
1868 1096 1956 1161 qui

48 1193 354 1244 supremam
394 1184 716 1242 potestatem
759 1175 1032 1241 politicam
1072 1176 1250 1226 habet.
1320 1175 1375 1226 Si
1416 1177 1555 1226 enim
1595 1177 1699 1227 tale
1740 1177 1818 1226 ius
1859 1179 1955 1244 pri-

48 1260 184 1309 vatis
213 1267 558 1324 competeret,
603 1258 825 1325 quilibet
854 1275 973 1308 cum
1016 1257 1257 1323 quolibet
1285 1257 1487 1308 bellurn
1515 1259 1745 1326 incipere
1773 1269 1957 1325 posset

50 1342 102 1391 in
129 1358 291 1407 grave
315 1341 571 1391 damnum
593 1341 888 1390 securitatis
911 1340 1172 1406 publicae.
1216 1340 1385 1406 Atqui
1409 1340 1695 1392 multitudo
1717 1343 1957 1392 subiecta

53 1425 224 1488 (extra
264 1440 446 1473 casum
486 1423 788 1472 assertionis
831 1423 881 1485 2)
923 1439 1229 1488 supremam
1271 1430 1595 1488 potestatem
1636 1441 1740 1474 non
1775 1424 1953 1476 habet.

50 1506 187 1555 Dein
230 1523 299 1555 ex
339 1505 600 1555 eiusmodi
640 1506 748 1554 iure
788 1504 913 1554 belli
955 1513 1140 1554 contra
1180 1504 1476 1570 legitimum
1527 1507 1821 1572 principem
1873 1524 1956 1557 ne-

52 1588 279 1638 cessario
322 1587 623 1653 frequentes
664 1596 716 1636 et
757 1587 1097 1652 gravissimae
1137 1587 1564 1653 perturbationes
1606 1598 1891 1640 orerentur.

56 1710 202 1762 616.
282 1712 527 1762 Assertio
560 1725 613 1774 5.
695 1712 849 1762 Licet
889 1721 1067 1762 autem
1107 1720 1351 1777 tyrannO,
1397 1714 1488 1779 qui
1528 1713 1731 1763 civibus
1771 1714 1958 1763 iniuste

54 1794 364 1860 gravissima
419 1793 558 1844 mala
612 1794 801 1844 inferre
854 1793 1094 1855 molitur,
1154 1794 1205 1843 in
1259 1795 1376 1860 ipso
1430 1804 1551 1845 actu
1603 1797 1959 1862 aggressionis

54 1877 223 1927 active
264 1876 518 1926 resistere.
577 1875 676 1940 (Cf.
722 1875 984 1941 Zz‘gliara
1026 1876 1056 1926 l.
1102 1893 1144 1927 c.
1189 1893 1238 1926 n.
1289 1887 1310 1940 5
1325 1887 1369 1941 5,
1412 1875 1447 1945 ξ
1485 1892 1501 1926 Ι
1516 1890 1562 1942 7.
1630 1878 1840 1945 illeyer,
1882 1878 1959 1928 In·

54 1959 158 2009 stit.
203 1958 326 2008 iuris
366 1966 470 2008 nat.
515 1958 578 2019 II,
622 1975 671 2007 n.
720 1959 862 2022 532.)

129 2040 434 2091 praenota:
463 2039 685 2106 Triplex
713 2040 1018 2091 resistentia
1047 2041 1425 2107 distinguenda
1453 2050 1557 2092 est:
1590 2044 1639 2108 a)
1669 2043 1961 2093 resistentia

46 2123 296 2188 passiva,
337 2139 474 2188 quae
514 2139 658 2172 mere
698 2124 749 2172 in
778 2123 1252 2172 non-oboediendo
1283 2124 1536 2186 consistit,
1581 2134 1633 2174 et
1673 2125 1805 2175 haec
1834 2143 1961 2192 quo-

57 2205 125 2254 ad
166 2205 314 2271 leges
354 2222 462 2254 rem
492 2204 829 2255 inhonestam
869 2205 1290 2271 praescribentes
1318 2223 1425 2256 non
1453 2206 1629 2256 solum
1669 2207 1822 2269 licita,
1866 2208 1962 2258 sed

57 2287 216 2337 etiam
257 2296 544 2354 praecepta
585 2296 690 2349 est;
746 2288 801 2352 b)
843 2288 1136 2337 resistentia
1178 2288 1356 2338 aelim
1398 2307 1500 2339 72072
1542 2290 1803 2352 violenta,
1859 2308 1963 2357 qua

55 2369 146 2420 scl.
191 2369 511 2420 adhibentur
550 2370 726 2419 media
766 2369 907 2419 licita
947 2371 1015 2419 ad
1058 2369 1204 2435 leges
1245 2371 1448 2436 iniquas
1489 2374 1840 2422 removendas
1879 2372 1962 2423 vel

56 2452 393 2517 tyrannidem
433 2452 793 2513 avertendam,
836 2470 882 2502 v.
915 2469 964 2517 g.
1010 2451 1139 2513 libri,
1185 2454 1479 2515 contiones,
1523 2456 1806 2520 petitiones
1835 2464 1959 2517 etc.;

57 2542 110 2583 et
150 2533 309 2595 haec,
352 2543 409 2584 ut
448 2542 622 2600 patet,
668 2535 824 2584 etiam
868 2534 1008 2584 licita
1049 2545 1154 2597 est;
1212 2534 1260 2598 c)
1303 2536 1598 2587 resistentia
1638 2538 1816 2587 aclz'va
1858 2538 1963 2587 vio-

57 2616 202 2665 lenta
243 2633 335 2666 seu
378 2625 616 2678 armata,
660 2617 727 2667 de
769 2634 875 2683 qua
915 2618 1133 2666 assertio
1176 2618 1299 2683 agit.

132 2699 296 2746 Prob.
376 2698 539 2764 Quod
568 2698 785 2764 singulis
814 2700 1016 2749 civibus
1045 2698 1200 2749 liceat
1228 2701 1465 2767 principi,
1506 2710 1687 2767 aperte
1715 2702 1962 2752 iniustum

56 2788 110 2829 et
148 2797 310 2845 grave
351 2781 607 2830 damnum
646 2780 834 2831 inferre
862 2781 1076 2843 volenti,
1121 2783 1291 2832 active
1332 2800 1426 2832 seu
1468 2801 1564 2849 per
1590 2785 1695 2833 vim
1724 2785 1964 2834 resistere

57 2861 266 2926 (saltem
306 2863 349 2912 si
389 2863 563 2928 agitur
603 2863 672 2913 de
713 2863 1024 2914 defensione
1060 2865 1199 2914 vitae
1241 2873 1295 2915 et
1333 2866 1646 2931 integritatis
1688 2867 1959 2932 corporis),

57 2960 178 2993 eum
218 2945 579 3010 impediendo,
623 2962 689 2995 ne
731 2954 1056 3012 exsequatur
1094 2946 1425 2997 voluntatem
1465 2965 1632 3009 suam,
1676 2948 1781 2998 sere
1823 2966 1963 2998 com-

57 3027 229 3076 munis
269 3035 350 3076 est
389 3028 651 3076 sententia
690 3027 1069 3094 theologorum
1107 3028 1180 3093 (S.
1221 3029 1408 3079 sltem.
1441 3044 1488 3089 2,
1534 3044 1581 3086 2,
1625 3049 1673 3096 q.
1707 3032 1792 3094 69,
1836 3048 1880 3081 a.
1910 3045 1960 3093 4,

57 3116 111 3157 et
158 3122 210 3168 1,
257 3122 314 3170 2,
358 3126 408 3174 q.
453 3109 549 3172 96,
604 3126 648 3159 a.
692 3124 728 3172 4
767 3110 835 3159 ad
879 3124 924 3174 3.
1006 3109 1242 3173 Szcares,
1296 3111 1418 3162 Def.
1475 3112 1599 3161 fidei
1645 3112 1673 3161 l.
1719 3113 1779 3173 6,
1824 3130 1866 3163 c.
1910 3127 1959 3175 4,

57 3206 105 3239 n.
155 3191 219 3255 5).
301 3190 541 3256 Quilibet
590 3192 730 3241 enim
782 3192 946 3242 habet
994 3194 1072 3243 ius
1124 3211 1180 3243 se
1233 3201 1418 3243 contra
1459 3211 1852 3260 quemcumque
1892 3196 1961 3244 in-

55 3271 246 3322 iustum
288 3289 660 3339 aggressorem
700 3274 750 3323 in
791 3275 908 3340 ipso
938 3284 1060 3325 actu
1101 3276 1459 3341 aggressionis
1500 3293 1597 3341 pro
1638 3277 1834 3326 viribus
1875 3277 1963 3327 de-

56 3352 321 3404 fendendi.
402 3355 631 3405 Possunt
682 3373 810 3421 ergo
863 3358 1004 3406 cives
1054 3357 1153 3407 sibi
1203 3358 1429 3406 invicem
1481 3366 1664 3407 contra
1714 3358 1960 3409 iniustam
