<?xml version="1.0" encoding="UTF-8"?>
<!DOCTYPE html PUBLIC "-//W3C//DTD XHTML 1.0 Transitional//EN"
    "http://www.w3.org/TR/xhtml1/DTD/xhtml1-transitional.dtd">
<html xmlns="http://www.w3.org/1999/xhtml" xml:lang="en" lang="en">
 <head>
  <title>
</title>
<meta http-equiv="Content-Type" content="text/html;charset=utf-8" />
  <meta name='ocr-system' content='tesseract 3.04.00' />
  <meta name='ocr-capabilities' content='ocr_page ocr_carea ocr_par ocr_line ocrx_word'/>
</head>
<body>
  <div class='ocr_page' id='page_1' title='image "./philosophiamoral00cath_0464.png"; bbox 0 0 2182 3682; ppageno 0'>
   <div class='ocr_carea' id='block_1_1' title="bbox 194 164 1684 218">
    <p class='ocr_par' dir='ltr' id='par_1_1' title="bbox 194 164 1684 218">
     <span class='ocr_line' id='line_1_1' title="bbox 194 164 1684 218; baseline 0 -24"><span class='ocrx_word' id='word_1_1' title='bbox 194 168 304 218; x_wconf 75' lang='lat'><strong>440</strong></span> <span class='ocrx_word' id='word_1_2' title='bbox 596 165 710 194; x_wconf 88' lang='lat' dir='ltr'>PARS</span> <span class='ocrx_word' id='word_1_3' title='bbox 745 165 793 194; x_wconf 90' lang='lat'><strong>11.</strong></span> <span class='ocrx_word' id='word_1_4' title='bbox 845 164 1163 194; x_wconf 86' lang='lat' dir='ltr'>PHILOSOPHIA</span> <span class='ocrx_word' id='word_1_5' title='bbox 1196 164 1399 193; x_wconf 85' lang='lat' dir='ltr'>MORALIS</span> <span class='ocrx_word' id='word_1_6' title='bbox 1436 164 1684 195; x_wconf 89' lang='lat' dir='ltr'><strong>SPECIALIS.</strong></span> 
     </span>
    </p>
   </div>
   <div class='ocr_carea' id='block_1_2' title="bbox 190 300 2171 1360">
    <p class='ocr_par' dir='ltr' id='par_1_2' title="bbox 194 300 2103 449">
     <span class='ocr_line' id='line_1_2' title="bbox 194 300 2103 369; baseline 0 -17"><span class='ocrx_word' id='word_1_7' title='bbox 194 302 448 369; x_wconf 85' lang='lat' dir='ltr'><strong>opificum</strong></span> <span class='ocrx_word' id='word_1_8' title='bbox 479 320 701 369; x_wconf 93' lang='lat' dir='ltr'><strong>quoquo</strong></span> <span class='ocrx_word' id='word_1_9' title='bbox 731 302 897 352; x_wconf 91' lang='lat' dir='ltr'><strong>modo</strong></span> <span class='ocrx_word' id='word_1_10' title='bbox 926 302 1208 352; x_wconf 88' lang='lat' dir='ltr'><strong>videantur</strong></span> <span class='ocrx_word' id='word_1_11' title='bbox 1235 300 1571 368; x_wconf 87' lang='lat' dir='ltr'><strong>profuturae»</strong></span> <span class='ocrx_word' id='word_1_12' title='bbox 1609 301 1832 368; x_wconf 87' lang='lat' dir='ltr'><strong>(encycl.</strong></span> <span class='ocrx_word' id='word_1_13' title='bbox 1871 302 2103 353; x_wconf 81' lang='lat' dir='ltr'><strong>«Rerum</strong></span> 
     </span>
     <span class='ocr_line' id='line_1_3' title="bbox 194 386 528 449; baseline -0.003 -14"><span class='ocrx_word' id='word_1_14' title='bbox 194 386 528 449; x_wconf 80' lang='lat' dir='ltr'><strong>novarum»).</strong></span> 
     </span>
    </p>

    <p class='ocr_par' dir='ltr' id='par_1_3' title="bbox 190 466 2171 1360">
     <span class='ocr_line' id='line_1_4' title="bbox 269 466 2104 533; baseline -0.001 -15"><span class='ocrx_word' id='word_1_15' title='bbox 269 470 318 533; x_wconf 81' lang='lat' dir='ltr'><strong>c)</strong></span> <span class='ocrx_word' id='word_1_16' title='bbox 369 467 583 518; x_wconf 81' lang='lat' dir='ltr'><strong>Praeter</strong></span> <span class='ocrx_word' id='word_1_17' title='bbox 632 466 931 518; x_wconf 77' lang='lat' dir='ltr'><strong>Ecclesiam</strong></span> <span class='ocrx_word' id='word_1_18' title='bbox 985 475 1038 516; x_wconf 93' lang='lat' dir='ltr'><strong>et</strong></span> <span class='ocrx_word' id='word_1_19' title='bbox 1089 467 1459 517; x_wconf 90' lang='lat' dir='ltr'><strong>auctoritatem</strong></span> <span class='ocrx_word' id='word_1_20' title='bbox 1514 466 1721 517; x_wconf 90' lang='lat' dir='ltr'><strong>civilem</strong></span> <span class='ocrx_word' id='word_1_21' title='bbox 1773 466 1997 518; x_wconf 90' lang='lat' dir='ltr'><strong>multum</strong></span> <span class='ocrx_word' id='word_1_22' title='bbox 2051 467 2104 517; x_wconf 91' lang='lat' dir='ltr'><strong>in</strong></span> 
     </span>
     <span class='ocr_line' id='line_1_5' title="bbox 195 548 2171 616; baseline 0.001 -17"><span class='ocrx_word' id='word_1_23' title='bbox 195 551 508 616; x_wconf 79' lang='lat' dir='ltr'><strong>quaestione</strong></span> <span class='ocrx_word' id='word_1_24' title='bbox 547 550 730 600; x_wconf 89' lang='lat' dir='ltr'><strong>sociali</strong></span> <span class='ocrx_word' id='word_1_25' title='bbox 768 557 995 616; x_wconf 83' lang='lat' dir='ltr'><strong>possunt</strong></span> <span class='ocrx_word' id='word_1_26' title='bbox 1046 548 1254 599; x_wconf 76' lang='lat' dir='ltr'><strong>domini</strong></span> <span class='ocrx_word' id='word_1_27' title='bbox 1290 549 1498 615; x_wconf 74' lang='lat' dir='ltr'><strong>ipsique</strong></span> <span class='ocrx_word' id='word_1_28' title='bbox 1539 549 1777 616; x_wconf 53' lang='lat' dir='ltr'><strong>opifica,</strong></span> <span class='ocrx_word' id='word_1_29' title='bbox 1836 549 1925 599; x_wconf 92' lang='lat' dir='ltr'><strong>«iis</strong></span> <span class='ocrx_word' id='word_1_30' title='bbox 1963 549 2105 599; x_wconf 91' lang='lat' dir='ltr'><strong>vide-</strong></span> <span class='ocrx_word' id='word_1_31' title='bbox 2160 594 2171 602; x_wconf 67' lang='grc'><strong>,.</strong></span> 
     </span>
     <span class='ocr_line' id='line_1_6' title="bbox 194 631 2103 698; baseline -0.001 -15"><span class='ocrx_word' id='word_1_32' title='bbox 194 631 318 683; x_wconf 91' lang='lat' dir='ltr'><strong>licet</strong></span> <span class='ocrx_word' id='word_1_33' title='bbox 356 632 620 693; x_wconf 80' lang='lat' dir='ltr'><strong>institutiS,</strong></span> <span class='ocrx_word' id='word_1_34' title='bbox 666 649 894 698; x_wconf 86' lang='lat' dir='ltr'><strong>quorum</strong></span> <span class='ocrx_word' id='word_1_35' title='bbox 924 648 1028 697; x_wconf 89' lang='lat' dir='ltr'><strong>ope</strong></span> <span class='ocrx_word' id='word_1_36' title='bbox 1058 640 1111 681; x_wconf 92' lang='lat' dir='ltr'><strong>et</strong></span> <span class='ocrx_word' id='word_1_37' title='bbox 1140 640 1446 697; x_wconf 91' lang='lat' dir='ltr'><strong>opportune</strong></span> <span class='ocrx_word' id='word_1_38' title='bbox 1486 632 1829 682; x_wconf 79' lang='lat' dir='ltr'><strong>subveniatur</strong></span> <span class='ocrx_word' id='word_1_39' title='bbox 1867 631 2103 697; x_wconf 89' lang='lat' dir='ltr'><strong>indigen-</strong></span> 
     </span>
     <span class='ocr_line' id='line_1_7' title="bbox 194 713 2106 780; baseline -0.001 -15"><span class='ocrx_word' id='word_1_40' title='bbox 194 715 351 777; x_wconf 81' lang='lat' dir='ltr'><strong>tibus,</strong></span> <span class='ocrx_word' id='word_1_41' title='bbox 395 723 448 765; x_wconf 91' lang='lat' dir='ltr'><strong>et</strong></span> <span class='ocrx_word' id='word_1_42' title='bbox 489 716 623 764; x_wconf 89' lang='lat' dir='ltr'><strong>ordo</strong></span> <span class='ocrx_word' id='word_1_43' title='bbox 665 713 798 764; x_wconf 88' lang='lat' dir='ltr'><strong>alter</strong></span> <span class='ocrx_word' id='word_1_44' title='bbox 837 713 1058 780; x_wconf 89' lang='lat' dir='ltr'><strong>propius</strong></span> <span class='ocrx_word' id='word_1_45' title='bbox 1100 714 1324 764; x_wconf 82' lang='lat' dir='ltr'><strong>accedat</strong></span> <span class='ocrx_word' id='word_1_46' title='bbox 1358 722 1410 764; x_wconf 91' lang='lat' dir='ltr'><strong>et</strong></span> <span class='ocrx_word' id='word_1_47' title='bbox 1451 714 1688 764; x_wconf 88' lang='lat' dir='ltr'><strong>alterum.</strong></span> <span class='ocrx_word' id='word_1_48' title='bbox 1757 713 2106 764; x_wconf 90' lang='lat' dir='ltr'><strong>Numeranda</strong></span> 
     </span>
     <span class='ocr_line' id='line_1_8' title="bbox 193 795 2104 864; baseline -0.001 -16"><span class='ocrx_word' id='word_1_49' title='bbox 193 799 244 848; x_wconf 91' lang='lat' dir='ltr'><strong>in</strong></span> <span class='ocrx_word' id='word_1_50' title='bbox 301 797 405 848; x_wconf 93' lang='lat' dir='ltr'><strong>hoc</strong></span> <span class='ocrx_word' id='word_1_51' title='bbox 462 814 658 864; x_wconf 83' lang='lat' dir='ltr'><strong>genere</strong></span> <span class='ocrx_word' id='word_1_52' title='bbox 714 795 960 847; x_wconf 91' lang='lat' dir='ltr'><strong>sodalitia</strong></span> <span class='ocrx_word' id='word_1_53' title='bbox 1011 798 1079 847; x_wconf 93' lang='lat' dir='ltr'><strong>ad</strong></span> <span class='ocrx_word' id='word_1_54' title='bbox 1127 797 1402 863; x_wconf 81' lang='lat' dir='ltr'><strong>suppetias</strong></span> <span class='ocrx_word' id='word_1_55' title='bbox 1455 806 1639 847; x_wconf 89' lang='lat' dir='ltr'><strong>mutuo</strong></span> <span class='ocrx_word' id='word_1_56' title='bbox 1694 796 1963 847; x_wconf 88' lang='lat' dir='ltr'><strong>ferendas:</strong></span> <span class='ocrx_word' id='word_1_57' title='bbox 2022 813 2104 847; x_wconf 93' lang='lat' dir='ltr'><strong>res</strong></span> 
     </span>
     <span class='ocr_line' id='line_1_9' title="bbox 191 879 2105 946; baseline -0.001 -16"><span class='ocrx_word' id='word_1_58' title='bbox 191 881 376 941; x_wconf 91' lang='lat' dir='ltr'><strong>varias,</strong></span> <span class='ocrx_word' id='word_1_59' title='bbox 427 880 752 946; x_wconf 88' lang='lat' dir='ltr'><strong>privatorum</strong></span> <span class='ocrx_word' id='word_1_60' title='bbox 795 879 1132 946; x_wconf 86' lang='lat' dir='ltr'><strong>providentia</strong></span> <span class='ocrx_word' id='word_1_61' title='bbox 1172 880 1504 939; x_wconf 86' lang='lat' dir='ltr'><strong>constitutas,</strong></span> <span class='ocrx_word' id='word_1_62' title='bbox 1546 880 1615 930; x_wconf 90' lang='lat' dir='ltr'><strong>ad</strong></span> <span class='ocrx_word' id='word_1_63' title='bbox 1657 879 1954 930; x_wconf 91' lang='lat' dir='ltr'><strong>cavendum</strong></span> <span class='ocrx_word' id='word_1_64' title='bbox 1997 879 2105 946; x_wconf 93' lang='lat' dir='ltr'><strong>opi-</strong></span> 
     </span>
     <span class='ocr_line' id='line_1_10' title="bbox 193 961 2104 1029; baseline -0.001 -16"><span class='ocrx_word' id='word_1_65' title='bbox 193 963 276 1013; x_wconf 87' lang='lat' dir='ltr'><strong>fici</strong></span> <span class='ocrx_word' id='word_1_66' title='bbox 318 964 555 1029; x_wconf 86' lang='lat' dir='ltr'><strong>itemque</strong></span> <span class='ocrx_word' id='word_1_67' title='bbox 597 962 810 1013; x_wconf 88' lang='lat' dir='ltr'><strong>orbitati</strong></span> <span class='ocrx_word' id='word_1_68' title='bbox 851 962 1033 1012; x_wconf 78' lang='lat' dir='ltr'><strong>uxoris</strong></span> <span class='ocrx_word' id='word_1_69' title='bbox 1075 970 1128 1012; x_wconf 93' lang='lat' dir='ltr'><strong>et</strong></span> <span class='ocrx_word' id='word_1_70' title='bbox 1160 961 1463 1023; x_wconf 86' lang='lat' dir='ltr'><strong>liberorum,</strong></span> <span class='ocrx_word' id='word_1_71' title='bbox 1507 962 1550 1012; x_wconf 91' lang='lat' dir='ltr'><strong>si</strong></span> <span class='ocrx_word' id='word_1_72' title='bbox 1590 962 1719 1028; x_wconf 92' lang='lat' dir='ltr'><strong>quid</strong></span> <span class='ocrx_word' id='word_1_73' title='bbox 1759 962 1995 1012; x_wconf 89' lang='lat' dir='ltr'><strong>subitum</strong></span> <span class='ocrx_word' id='word_1_74' title='bbox 2034 962 2104 1011; x_wconf 94' lang='lat' dir='ltr'><strong>in-</strong></span> 
     </span>
     <span class='ocr_line' id='line_1_11' title="bbox 193 1044 2103 1112; baseline -0.001 -16"><span class='ocrx_word' id='word_1_75' title='bbox 193 1054 365 1112; x_wconf 82' lang='lat' dir='ltr'><strong>gruat,</strong></span> <span class='ocrx_word' id='word_1_76' title='bbox 407 1046 448 1095; x_wconf 93' lang='lat' dir='ltr'><strong>si</strong></span> <span class='ocrx_word' id='word_1_77' title='bbox 491 1044 736 1095; x_wconf 84' lang='lat' dir='ltr'><strong>debilitas</strong></span> <span class='ocrx_word' id='word_1_78' title='bbox 777 1044 1037 1106; x_wconf 75' lang='lat' dir='ltr'><strong>afflixerit,</strong></span> <span class='ocrx_word' id='word_1_79' title='bbox 1081 1045 1124 1094; x_wconf 91' lang='lat' dir='ltr'><strong>si</strong></span> <span class='ocrx_word' id='word_1_80' title='bbox 1165 1045 1294 1111; x_wconf 93' lang='lat' dir='ltr'><strong>quid</strong></span> <span class='ocrx_word' id='word_1_81' title='bbox 1336 1045 1642 1095; x_wconf 90' lang='lat' dir='ltr'><strong>humanitus</strong></span> <span class='ocrx_word' id='word_1_82' title='bbox 1682 1045 1916 1095; x_wconf 89' lang='lat' dir='ltr'><strong>accidat:</strong></span> <span class='ocrx_word' id='word_1_83' title='bbox 1965 1044 2103 1094; x_wconf 92' lang='lat' dir='ltr'><strong>insti-</strong></span> 
     </span>
     <span class='ocr_line' id='line_1_12' title="bbox 192 1126 2102 1195; baseline -0.002 -15"><span class='ocrx_word' id='word_1_84' title='bbox 192 1129 292 1180; x_wconf 89' lang='lat' dir='ltr'><strong>tuti</strong></span> <span class='ocrx_word' id='word_1_85' title='bbox 333 1136 661 1195; x_wconf 77' lang='lat' dir='ltr'><strong>patronatuS‚</strong></span> <span class='ocrx_word' id='word_1_86' title='bbox 706 1127 898 1194; x_wconf 81' lang='lat' dir='ltr'><strong>pueri5‚</strong></span> <span class='ocrx_word' id='word_1_87' title='bbox 943 1126 1148 1194; x_wconf 81' lang='lat' dir='ltr'><strong>puelliS‚</strong></span> <span class='ocrx_word' id='word_1_88' title='bbox 1193 1127 1628 1178; x_wconf 89' lang='lat' dir='ltr'><strong>adulescentibus</strong></span> <span class='ocrx_word' id='word_1_89' title='bbox 1668 1136 1904 1194; x_wconf 90' lang='lat' dir='ltr'><strong>natuque</strong></span> <span class='ocrx_word' id='word_1_90' title='bbox 1944 1127 2102 1176; x_wconf 89' lang='lat' dir='ltr'><strong>maio-</strong></span> 
     </span>
     <span class='ocr_line' id='line_1_13' title="bbox 191 1208 2103 1276; baseline -0.002 -14"><span class='ocrx_word' id='word_1_91' title='bbox 191 1212 335 1262; x_wconf 90' lang='lat' dir='ltr'><strong>ribus</strong></span> <span class='ocrx_word' id='word_1_92' title='bbox 374 1210 624 1262; x_wconf 86' lang='lat' dir='ltr'><strong>tutandis.</strong></span> <span class='ocrx_word' id='word_1_93' title='bbox 707 1208 817 1260; x_wconf 81' lang='lat' dir='ltr'><strong>Sed</strong></span> <span class='ocrx_word' id='word_1_94' title='bbox 857 1211 1154 1276; x_wconf 86' lang='lat' dir='ltr'><strong>principem</strong></span> <span class='ocrx_word' id='word_1_95' title='bbox 1196 1209 1373 1260; x_wconf 90' lang='lat' dir='ltr'><strong>locum</strong></span> <span class='ocrx_word' id='word_1_96' title='bbox 1414 1210 1659 1260; x_wconf 89' lang='lat' dir='ltr'><strong>obtinent</strong></span> <span class='ocrx_word' id='word_1_97' title='bbox 1697 1209 1944 1260; x_wconf 88' lang='lat' dir='ltr'><strong>sodalitia</strong></span> <span class='ocrx_word' id='word_1_98' title='bbox 1989 1209 2103 1258; x_wconf 92' lang='lat' dir='ltr'><strong>arti-</strong></span> 
     </span>
     <span class='ocr_line' id='line_1_14' title="bbox 190 1291 2024 1360; baseline -0.002 -16"><span class='ocrx_word' id='word_1_99' title='bbox 190 1294 368 1355; x_wconf 79' lang='lat' dir='ltr'><strong>ficum,</strong></span> <span class='ocrx_word' id='word_1_100' title='bbox 412 1311 640 1360; x_wconf 90' lang='lat' dir='ltr'><strong>quorum</strong></span> <span class='ocrx_word' id='word_1_101' title='bbox 682 1292 971 1359; x_wconf 75' lang='lat' dir='ltr'><strong>complexu</strong></span> <span class='ocrx_word' id='word_1_102' title='bbox 1015 1292 1122 1342; x_wconf 90' lang='lat' dir='ltr'><strong>fere</strong></span> <span class='ocrx_word' id='word_1_103' title='bbox 1165 1301 1341 1343; x_wconf 88' lang='lat' dir='ltr'><strong>cetera</strong></span> <span class='ocrx_word' id='word_1_104' title='bbox 1383 1293 1753 1342; x_wconf 89' lang='lat' dir='ltr'><strong>continentur»</strong></span> <span class='ocrx_word' id='word_1_105' title='bbox 1801 1291 1852 1357; x_wconf 84' lang='lat' dir='ltr'><strong>(l.</strong></span> <span class='ocrx_word' id='word_1_106' title='bbox 1897 1292 2024 1358; x_wconf 91' lang='lat' dir='ltr'><strong>cit.).</strong></span> 
     </span>
    </p>
   </div>
   <div class='ocr_carea' id='block_1_3' title="bbox 186 1431 2106 1929">
    <p class='ocr_par' dir='ltr' id='par_1_4' title="bbox 190 1431 2106 1568">
     <span class='ocr_line' id='line_1_15' title="bbox 194 1431 2106 1500; baseline -0.002 -15"><span class='ocrx_word' id='word_1_107' title='bbox 194 1445 227 1498; x_wconf 88' lang='lat'>5</span> <span class='ocrx_word' id='word_1_108' title='bbox 241 1444 340 1499; x_wconf 87' lang='lat'><strong>97.</strong></span> <span class='ocrx_word' id='word_1_109' title='bbox 421 1434 507 1485; x_wconf 83' lang='grc' dir='ltr'><strong>ΙΙΙ.</strong></span> <span class='ocrx_word' id='word_1_110' title='bbox 539 1433 627 1484; x_wconf 77' lang='lat' dir='ltr'><strong>De</strong></span> <span class='ocrx_word' id='word_1_111' title='bbox 656 1433 973 1500; x_wconf 70' lang='lat' dir='ltr'><strong>praecipuis</strong></span> <span class='ocrx_word' id='word_1_112' title='bbox 1006 1433 1202 1500; x_wconf 70' lang='lat' dir='ltr'><strong>Officiis</strong></span> <span class='ocrx_word' id='word_1_113' title='bbox 1230 1441 1280 1483; x_wconf 80' lang='lat' dir='ltr'><strong>el</strong></span> <span class='ocrx_word' id='word_1_114' title='bbox 1305 1432 1514 1483; x_wconf 72' lang='lat' dir='ltr'><strong>iuribus</strong></span> <span class='ocrx_word' id='word_1_115' title='bbox 1549 1433 1889 1484; x_wconf 68' lang='lat' dir='ltr'><strong>auctoritatis</strong></span> <span class='ocrx_word' id='word_1_116' title='bbox 1927 1431 2106 1483; x_wconf 79' lang='lat' dir='ltr'><strong>civilis</strong></span> 
     </span>
     <span class='ocr_line' id='line_1_16' title="bbox 190 1517 733 1568; baseline -0.004 0"><span class='ocrx_word' id='word_1_117' title='bbox 190 1518 245 1568; x_wconf 84' lang='lat' dir='ltr'><strong>in</strong></span> <span class='ocrx_word' id='word_1_118' title='bbox 287 1536 348 1568; x_wconf 70' lang='lat' dir='ltr'><strong>re</strong></span> <span class='ocrx_word' id='word_1_119' title='bbox 388 1517 733 1568; x_wconf 75' lang='lat' dir='ltr'><strong>oeconomica.</strong></span> 
     </span>
    </p>

    <p class='ocr_par' dir='ltr' id='par_1_5' title="bbox 186 1613 2105 1929">
     <span class='ocr_line' id='line_1_17' title="bbox 264 1613 2102 1680; baseline -0.001 -15"><span class='ocrx_word' id='word_1_120' title='bbox 264 1615 350 1665; x_wconf 72' lang='lat' dir='ltr'><strong>EX</strong></span> <span class='ocrx_word' id='word_1_121' title='bbox 390 1615 557 1665; x_wconf 92' lang='lat' dir='ltr'><strong>modo</strong></span> <span class='ocrx_word' id='word_1_122' title='bbox 600 1615 753 1665; x_wconf 88' lang='lat' dir='ltr'><strong>dictis</strong></span> <span class='ocrx_word' id='word_1_123' title='bbox 783 1623 835 1665; x_wconf 92' lang='lat' dir='ltr'><strong>et</strong></span> <span class='ocrx_word' id='word_1_124' title='bbox 863 1632 933 1664; x_wconf 74' lang='lat' dir='ltr'><strong>ex</strong></span> <span class='ocrx_word' id='word_1_125' title='bbox 974 1613 1313 1680; x_wconf 79' lang='lat' dir='ltr'><strong>generalibus</strong></span> <span class='ocrx_word' id='word_1_126' title='bbox 1353 1613 1624 1680; x_wconf 88' lang='lat' dir='ltr'><strong>principiis</strong></span> <span class='ocrx_word' id='word_1_127' title='bbox 1659 1614 1727 1664; x_wconf 92' lang='lat' dir='ltr'><strong>de</strong></span> <span class='ocrx_word' id='word_1_128' title='bbox 1760 1614 1865 1664; x_wconf 87' lang='lat' dir='ltr'><strong>fine</strong></span> <span class='ocrx_word' id='word_1_129' title='bbox 1906 1623 1959 1665; x_wconf 93' lang='lat' dir='ltr'><strong>et</strong></span> <span class='ocrx_word' id='word_1_130' title='bbox 1998 1631 2102 1664; x_wconf 92' lang='lat' dir='ltr'><strong>am-</strong></span> 
     </span>
     <span class='ocr_line' id='line_1_18' title="bbox 189 1696 2105 1763; baseline -0.001 -14"><span class='ocrx_word' id='word_1_131' title='bbox 189 1699 303 1749; x_wconf 90' lang='lat' dir='ltr'><strong>bitu</strong></span> <span class='ocrx_word' id='word_1_132' title='bbox 355 1698 685 1749; x_wconf 88' lang='lat' dir='ltr'><strong>auctoritatis</strong></span> <span class='ocrx_word' id='word_1_133' title='bbox 738 1696 986 1763; x_wconf 92' lang='lat' dir='ltr'><strong>publicae</strong></span> <span class='ocrx_word' id='word_1_134' title='bbox 1038 1697 1141 1747; x_wconf 90' lang='lat' dir='ltr'><strong>iam</strong></span> <span class='ocrx_word' id='word_1_135' title='bbox 1199 1713 1358 1762; x_wconf 90' lang='lat' dir='ltr'><strong>supra</strong></span> <span class='ocrx_word' id='word_1_136' title='bbox 1410 1696 1656 1747; x_wconf 88' lang='lat' dir='ltr'><strong>stabilitis</strong></span> <span class='ocrx_word' id='word_1_137' title='bbox 1701 1696 1834 1747; x_wconf 90' lang='lat' dir='ltr'><strong>haec</strong></span> <span class='ocrx_word' id='word_1_138' title='bbox 1875 1697 2105 1747; x_wconf 91' lang='lat' dir='ltr'><strong>breviter</strong></span> 
     </span>
     <span class='ocr_line' id='line_1_19' title="bbox 187 1779 2104 1847; baseline -0.001 -17"><span class='ocrx_word' id='word_1_139' title='bbox 187 1782 348 1832; x_wconf 87' lang='lat' dir='ltr'><strong>statui</strong></span> <span class='ocrx_word' id='word_1_140' title='bbox 389 1789 615 1847; x_wconf 90' lang='lat' dir='ltr'><strong>possunt</strong></span> <span class='ocrx_word' id='word_1_141' title='bbox 656 1780 740 1840; x_wconf 76' lang='lat' dir='ltr'><strong>(cf.</strong></span> <span class='ocrx_word' id='word_1_142' title='bbox 785 1779 989 1845; x_wconf 82' lang='lat' dir='ltr'><strong>encycl.</strong></span> <span class='ocrx_word' id='word_1_143' title='bbox 1041 1780 1271 1829; x_wconf 88' lang='lat' dir='ltr'><strong>«Rerum</strong></span> <span class='ocrx_word' id='word_1_144' title='bbox 1314 1796 1625 1840; x_wconf 87' lang='lat' dir='ltr'><strong>novarum»,</strong></span> <span class='ocrx_word' id='word_1_145' title='bbox 1682 1779 1830 1829; x_wconf 91' lang='lat' dir='ltr'><strong>cuius</strong></span> <span class='ocrx_word' id='word_1_146' title='bbox 1878 1779 2104 1846; x_wconf 89' lang='lat' dir='ltr'><strong>diligens</strong></span> 
     </span>
     <span class='ocr_line' id='line_1_20' title="bbox 186 1861 1601 1929; baseline -0.002 -15"><span class='ocrx_word' id='word_1_147' title='bbox 186 1864 423 1916; x_wconf 90' lang='lat' dir='ltr'><strong>studium</strong></span> <span class='ocrx_word' id='word_1_148' title='bbox 464 1881 758 1929; x_wconf 84' lang='lat' dir='ltr'><strong>numquam</strong></span> <span class='ocrx_word' id='word_1_149' title='bbox 799 1863 924 1912; x_wconf 88' lang='lat' dir='ltr'><strong>satis</strong></span> <span class='ocrx_word' id='word_1_150' title='bbox 968 1862 1334 1912; x_wconf 89' lang='lat' dir='ltr'><strong>commendari</strong></span> <span class='ocrx_word' id='word_1_151' title='bbox 1374 1861 1601 1928; x_wconf 86' lang='lat' dir='ltr'><strong>potest):</strong></span> 
     </span>
    </p>
   </div>
   <div class='ocr_carea' id='block_1_4' title="bbox 186 1950 2104 3420">
    <p class='ocr_par' dir='ltr' id='par_1_6' title="bbox 186 1950 2104 2516">
     <span class='ocr_line' id='line_1_21' title="bbox 270 1950 2102 2019; baseline -0.002 -14"><span class='ocrx_word' id='word_1_152' title='bbox 270 1968 310 2005; x_wconf 85' lang='grc' dir='ltr'><strong>Ι.</strong></span> <span class='ocrx_word' id='word_1_153' title='bbox 354 1953 667 2004; x_wconf 84' lang='lat' dir='ltr'><strong>Auctoritas</strong></span> <span class='ocrx_word' id='word_1_154' title='bbox 707 1951 922 2019; x_wconf 90' lang='lat' dir='ltr'><strong>publica</strong></span> <span class='ocrx_word' id='word_1_155' title='bbox 963 1952 1113 2002; x_wconf 72' lang='lat' dir='ltr'><em>debet</em></span> <span class='ocrx_word' id='word_1_156' title='bbox 1151 1951 1384 2002; x_wconf 74' lang='lat' dir='ltr'><strong>omnium</strong></span> <span class='ocrx_word' id='word_1_157' title='bbox 1425 1951 1552 2001; x_wconf 72' lang='lat' dir='ltr'><strong>iura</strong></span> <span class='ocrx_word' id='word_1_158' title='bbox 1594 1951 1757 2001; x_wconf 75' lang='lat' dir='ltr'><strong>eliam</strong></span> <span class='ocrx_word' id='word_1_159' title='bbox 1795 1951 1850 2001; x_wconf 81' lang='lat' dir='ltr'><strong>in</strong></span> <span class='ocrx_word' id='word_1_160' title='bbox 1885 1950 2102 2002; x_wconf 75' lang='lat' dir='ltr'><strong>relatio-</strong></span> 
     </span>
     <span class='ocr_line' id='line_1_22' title="bbox 186 2034 2102 2100; baseline -0.002 -13"><span class='ocrx_word' id='word_1_161' title='bbox 186 2036 340 2087; x_wconf 75' lang='lat' dir='ltr'><strong>nibus</strong></span> <span class='ocrx_word' id='word_1_162' title='bbox 394 2035 740 2086; x_wconf 73' lang='lat' dir='ltr'><strong>oeconmnicis</strong></span> <span class='ocrx_word' id='word_1_163' title='bbox 794 2035 939 2085; x_wconf 77' lang='lat' dir='ltr'><strong>tueri</strong></span> <span class='ocrx_word' id='word_1_164' title='bbox 992 2044 1045 2085; x_wconf 93' lang='lat' dir='ltr'><strong>et</strong></span> <span class='ocrx_word' id='word_1_165' title='bbox 1105 2052 1201 2100; x_wconf 91' lang='lat' dir='ltr'><strong>pro</strong></span> <span class='ocrx_word' id='word_1_166' title='bbox 1262 2043 1567 2100; x_wconf 89' lang='lat' dir='ltr'><strong>temporum</strong></span> <span class='ocrx_word' id='word_1_167' title='bbox 1628 2034 1899 2099; x_wconf 79' lang='lat' dir='ltr'><strong>exigentia</strong></span> <span class='ocrx_word' id='word_1_168' title='bbox 1957 2050 2102 2100; x_wconf 88' lang='lat' dir='ltr'><strong>prae-</strong></span> 
     </span>
     <span class='ocr_line' id='line_1_23' title="bbox 188 2116 2103 2182; baseline -0.002 -13"><span class='ocrx_word' id='word_1_169' title='bbox 188 2136 402 2180; x_wconf 85' lang='lat' dir='ltr'><strong>cavere,</strong></span> <span class='ocrx_word' id='word_1_170' title='bbox 458 2136 524 2168; x_wconf 91' lang='lat' dir='ltr'><strong>ne</strong></span> <span class='ocrx_word' id='word_1_171' title='bbox 577 2117 864 2168; x_wconf 90' lang='lat' dir='ltr'><strong>debiliores</strong></span> <span class='ocrx_word' id='word_1_172' title='bbox 905 2135 935 2166; x_wconf 90' lang='lat' dir='ltr'><strong>a</strong></span> <span class='ocrx_word' id='word_1_173' title='bbox 977 2117 1282 2167; x_wconf 89' lang='lat' dir='ltr'><strong>fortioribus</strong></span> <span class='ocrx_word' id='word_1_174' title='bbox 1334 2117 1524 2166; x_wconf 90' lang='lat' dir='ltr'><strong>iniuste</strong></span> <span class='ocrx_word' id='word_1_175' title='bbox 1579 2117 1962 2182; x_wconf 89' lang='lat' dir='ltr'><strong>opprimantur.</strong></span> <span class='ocrx_word' id='word_1_176' title='bbox 2043 2116 2103 2166; x_wconf 91' lang='lat' dir='ltr'><strong>In</strong></span> 
     </span>
     <span class='ocr_line' id='line_1_24' title="bbox 187 2199 2104 2266; baseline -0.002 -15"><span class='ocrx_word' id='word_1_177' title='bbox 187 2202 330 2252; x_wconf 92' lang='lat' dir='ltr'><strong>hunc</strong></span> <span class='ocrx_word' id='word_1_178' title='bbox 382 2200 543 2250; x_wconf 91' lang='lat' dir='ltr'><strong>finem</strong></span> <span class='ocrx_word' id='word_1_179' title='bbox 600 2201 765 2251; x_wconf 90' lang='lat' dir='ltr'><strong>debet</strong></span> <span class='ocrx_word' id='word_1_180' title='bbox 820 2209 1105 2266; x_wconf 88' lang='lat' dir='ltr'><strong>protegere</strong></span> <span class='ocrx_word' id='word_1_181' title='bbox 1163 2199 1547 2265; x_wconf 88' lang='lat' dir='ltr'><strong>proprietatem</strong></span> <span class='ocrx_word' id='word_1_182' title='bbox 1602 2199 1862 2265; x_wconf 90' lang='lat' dir='ltr'><strong>privatam</strong></span> <span class='ocrx_word' id='word_1_183' title='bbox 1917 2207 2104 2249; x_wconf 89' lang='lat' dir='ltr'><strong>contra</strong></span> 
     </span>
     <span class='ocr_line' id='line_1_25' title="bbox 188 2279 2100 2349; baseline -0.002 -15"><span class='ocrx_word' id='word_1_184' title='bbox 188 2284 350 2344; x_wconf 88' lang='lat' dir='ltr'><strong>furta,</strong></span> <span class='ocrx_word' id='word_1_185' title='bbox 405 2282 642 2349; x_wconf 89' lang='lat' dir='ltr'><strong>rapinas,</strong></span> <span class='ocrx_word' id='word_1_186' title='bbox 699 2290 910 2348; x_wconf 88' lang='lat' dir='ltr'><strong>apertas</strong></span> <span class='ocrx_word' id='word_1_187' title='bbox 952 2281 1033 2331; x_wconf 89' lang='lat' dir='ltr'><strong>vel</strong></span> <span class='ocrx_word' id='word_1_188' title='bbox 1083 2280 1323 2331; x_wconf 91' lang='lat' dir='ltr'><strong>occultas</strong></span> <span class='ocrx_word' id='word_1_189' title='bbox 1365 2280 1601 2342; x_wconf 80' lang='lat' dir='ltr'><strong>fraudeS,</strong></span> <span class='ocrx_word' id='word_1_190' title='bbox 1657 2289 1819 2347; x_wconf 90' lang='lat' dir='ltr'><strong>atque</strong></span> <span class='ocrx_word' id='word_1_191' title='bbox 1871 2279 2100 2341; x_wconf 88' lang='lat' dir='ltr'><strong>efficere,</strong></span> 
     </span>
     <span class='ocr_line' id='line_1_26' title="bbox 186 2362 2102 2431; baseline -0.003 -13"><span class='ocrx_word' id='word_1_192' title='bbox 186 2384 253 2418; x_wconf 91' lang='lat' dir='ltr'><strong>ne</strong></span> <span class='ocrx_word' id='word_1_193' title='bbox 295 2366 523 2430; x_wconf 88' lang='lat' dir='ltr'><strong>negotiis</strong></span> <span class='ocrx_word' id='word_1_194' title='bbox 574 2364 791 2431; x_wconf 91' lang='lat' dir='ltr'><strong>publice</strong></span> <span class='ocrx_word' id='word_1_195' title='bbox 832 2373 885 2415; x_wconf 92' lang='lat' dir='ltr'><strong>et</strong></span> <span class='ocrx_word' id='word_1_196' title='bbox 926 2372 1127 2415; x_wconf 90' lang='lat' dir='ltr'><strong>temere</strong></span> <span class='ocrx_word' id='word_1_197' title='bbox 1168 2363 1430 2430; x_wconf 89' lang='lat' dir='ltr'><strong>susceptis</strong></span> <span class='ocrx_word' id='word_1_198' title='bbox 1484 2362 1751 2430; x_wconf 89' lang='lat' dir='ltr'><strong>simplices</strong></span> <span class='ocrx_word' id='word_1_199' title='bbox 1803 2371 1857 2413; x_wconf 92' lang='lat' dir='ltr'><strong>et</strong></span> <span class='ocrx_word' id='word_1_200' title='bbox 1906 2362 2102 2413; x_wconf 91' lang='lat' dir='ltr'><strong>incauti</strong></span> 
     </span>
     <span class='ocr_line' id='line_1_27' title="bbox 187 2448 660 2516; baseline -0.002 -17"><span class='ocrx_word' id='word_1_201' title='bbox 187 2448 520 2516; x_wconf 87' lang='lat' dir='ltr'><strong>decipiantur</strong></span> <span class='ocrx_word' id='word_1_202' title='bbox 560 2456 660 2498; x_wconf 80' lang='lat' dir='ltr'><strong>etc,</strong></span> 
     </span>
    </p>

    <p class='ocr_par' dir='ltr' id='par_1_7' title="bbox 186 2527 2102 2840">
     <span class='ocr_line' id='line_1_28' title="bbox 261 2527 2102 2597; baseline -0.003 -15"><span class='ocrx_word' id='word_1_203' title='bbox 261 2531 552 2597; x_wconf 87' lang='lat' dir='ltr'><strong>Praecipua</strong></span> <span class='ocrx_word' id='word_1_204' title='bbox 591 2531 642 2579; x_wconf 90' lang='lat' dir='ltr'><strong>in</strong></span> <span class='ocrx_word' id='word_1_205' title='bbox 684 2530 785 2580; x_wconf 89' lang='lat' dir='ltr'><strong>hac</strong></span> <span class='ocrx_word' id='word_1_206' title='bbox 827 2547 880 2579; x_wconf 91' lang='lat' dir='ltr'><strong>re</strong></span> <span class='ocrx_word' id='word_1_207' title='bbox 929 2529 1170 2595; x_wconf 91' lang='lat' dir='ltr'><strong>quaestio</strong></span> <span class='ocrx_word' id='word_1_208' title='bbox 1213 2537 1321 2589; x_wconf 83' lang='lat' dir='ltr'><strong>est,</strong></span> <span class='ocrx_word' id='word_1_209' title='bbox 1377 2528 1657 2594; x_wconf 91' lang='lat' dir='ltr'><strong>quomodo</strong></span> <span class='ocrx_word' id='word_1_210' title='bbox 1709 2527 1997 2579; x_wconf 89' lang='lat' dir='ltr'><strong>auctoritas</strong></span> <span class='ocrx_word' id='word_1_211' title='bbox 2038 2527 2102 2577; x_wconf 94' lang='lat' dir='ltr'><strong>ci-</strong></span> 
     </span>
     <span class='ocr_line' id='line_1_29' title="bbox 186 2611 2099 2679; baseline -0.002 -15"><span class='ocrx_word' id='word_1_212' title='bbox 186 2613 300 2664; x_wconf 91' lang='lat' dir='ltr'><strong>vilis</strong></span> <span class='ocrx_word' id='word_1_213' title='bbox 329 2630 511 2679; x_wconf 89' lang='lat' dir='ltr'><strong>gerere</strong></span> <span class='ocrx_word' id='word_1_214' title='bbox 539 2629 596 2664; x_wconf 89' lang='lat' dir='ltr'><strong>se</strong></span> <span class='ocrx_word' id='word_1_215' title='bbox 626 2613 824 2663; x_wconf 90' lang='lat' dir='ltr'><strong>debeat</strong></span> <span class='ocrx_word' id='word_1_216' title='bbox 854 2612 1027 2662; x_wconf 71' lang='lat' dir='ltr'><strong>relate</strong></span> <span class='ocrx_word' id='word_1_217' title='bbox 1055 2611 1135 2661; x_wconf 81' lang='lat' dir='ltr'><strong>ad</strong></span> <span class='ocrx_word' id='word_1_218' title='bbox 1156 2619 1459 2661; x_wconf 69' lang='lat' dir='ltr'><strong>cantracz‘us</strong></span> <span class='ocrx_word' id='word_1_219' title='bbox 1486 2611 1627 2660; x_wconf 71' lang='lat' dir='ltr'><strong>inter</strong></span> <span class='ocrx_word' id='word_1_220' title='bbox 1655 2611 1929 2676; x_wconf 52' lang='lat' dir='ltr'><strong>privares,</strong></span> <span class='ocrx_word' id='word_1_221' title='bbox 1969 2627 2016 2660; x_wconf 79' lang='lat' dir='ltr'><strong>v,</strong></span> <span class='ocrx_word' id='word_1_222' title='bbox 2049 2626 2099 2675; x_wconf 89' lang='lat' dir='ltr'><strong>g.</strong></span> 
     </span>
     <span class='ocr_line' id='line_1_30' title="bbox 188 2692 2099 2759; baseline -0.003 -13"><span class='ocrx_word' id='word_1_223' title='bbox 188 2705 523 2747; x_wconf 90' lang='lat' dir='ltr'><strong>contractum</strong></span> <span class='ocrx_word' id='word_1_224' title='bbox 580 2695 879 2756; x_wconf 90' lang='lat' dir='ltr'><strong>fenebrem,</strong></span> <span class='ocrx_word' id='word_1_225' title='bbox 939 2703 1275 2744; x_wconf 91' lang='lat' dir='ltr'><strong>contractum</strong></span> <span class='ocrx_word' id='word_1_226' title='bbox 1329 2693 1615 2759; x_wconf 89' lang='lat' dir='ltr'><strong>emptionis</strong></span> <span class='ocrx_word' id='word_1_227' title='bbox 1666 2702 1720 2742; x_wconf 92' lang='lat' dir='ltr'><strong>et</strong></span> <span class='ocrx_word' id='word_1_228' title='bbox 1765 2692 2099 2753; x_wconf 88' lang='lat' dir='ltr'><strong>venditionis,</strong></span> 
     </span>
     <span class='ocr_line' id='line_1_31' title="bbox 187 2775 1954 2840; baseline -0.003 -11"><span class='ocrx_word' id='word_1_229' title='bbox 187 2779 420 2829; x_wconf 79' lang='lat' dir='ltr'><strong>maxime</strong></span> <span class='ocrx_word' id='word_1_230' title='bbox 461 2786 796 2828; x_wconf 89' lang='lat' dir='ltr'><strong>contractum</strong></span> <span class='ocrx_word' id='word_1_231' title='bbox 837 2776 1116 2828; x_wconf 91' lang='lat' dir='ltr'><strong>locationis</strong></span> <span class='ocrx_word' id='word_1_232' title='bbox 1156 2777 1291 2826; x_wconf 90' lang='lat' dir='ltr'><strong>inter</strong></span> <span class='ocrx_word' id='word_1_233' title='bbox 1332 2776 1522 2825; x_wconf 65' lang='lat' dir='ltr'><strong>herum</strong></span> <span class='ocrx_word' id='word_1_234' title='bbox 1565 2783 1617 2824; x_wconf 82' lang='lat' dir='ltr'><strong>et</strong></span> <span class='ocrx_word' id='word_1_235' title='bbox 1655 2775 1954 2840; x_wconf 65' lang='lat' dir='ltr'><strong>operarios.</strong></span> 
     </span>
    </p>

    <p class='ocr_par' dir='ltr' id='par_1_8' title="bbox 187 2857 2103 3256">
     <span class='ocr_line' id='line_1_32' title="bbox 262 2857 2103 2926; baseline -0.002 -16"><span class='ocrx_word' id='word_1_236' title='bbox 262 2859 399 2911; x_wconf 83' lang='lat' dir='ltr'><strong>Sunt</strong></span> <span class='ocrx_word' id='word_1_237' title='bbox 450 2861 541 2926; x_wconf 92' lang='lat' dir='ltr'><strong>qui</strong></span> <span class='ocrx_word' id='word_1_238' title='bbox 593 2876 714 2909; x_wconf 92' lang='lat' dir='ltr'><strong>cum</strong></span> <span class='ocrx_word' id='word_1_239' title='bbox 755 2858 837 2921; x_wconf 10' lang='lat' dir='ltr'><strong>VH.</strong></span> <span class='ocrx_word' id='word_1_240' title='bbox 884 2857 1115 2924; x_wconf 54' lang='lat' dir='ltr'><strong>§peuces</strong></span> <span class='ocrx_word' id='word_1_241' title='bbox 1168 2866 1357 2923; x_wconf 88' lang='lat' dir='ltr'><strong>putent</strong></span> <span class='ocrx_word' id='word_1_242' title='bbox 1409 2858 1589 2923; x_wconf 90' lang='lat' dir='ltr'><strong>quoad</strong></span> <span class='ocrx_word' id='word_1_243' title='bbox 1645 2857 1746 2907; x_wconf 86' lang='lat' dir='ltr'><strong>hos</strong></span> <span class='ocrx_word' id='word_1_244' title='bbox 1797 2865 2103 2907; x_wconf 89' lang='lat' dir='ltr'><strong>contractus</strong></span> 
     </span>
     <span class='ocr_line' id='line_1_33' title="bbox 188 2937 2103 3000; baseline -0.003 -7"><span class='ocrx_word' id='word_1_245' title='bbox 188 2943 423 2994; x_wconf 87' lang='lat' dir='ltr'><strong>officium</strong></span> <span class='ocrx_word' id='word_1_246' title='bbox 464 2943 679 2992; x_wconf 91' lang='lat' dir='ltr'><strong>unicum</strong></span> <span class='ocrx_word' id='word_1_247' title='bbox 720 2942 1051 2992; x_wconf 89' lang='lat' dir='ltr'><strong>auctoritatis</strong></span> <span class='ocrx_word' id='word_1_248' title='bbox 1093 2939 1255 2990; x_wconf 89' lang='lat' dir='ltr'><strong>civilis</strong></span> <span class='ocrx_word' id='word_1_249' title='bbox 1290 2957 1405 2989; x_wconf 92' lang='lat' dir='ltr'><strong>esse</strong></span> <span class='ocrx_word' id='word_1_250' title='bbox 1448 2956 1646 3000; x_wconf 82' lang='lat' dir='ltr'><strong>curare,</strong></span> <span class='ocrx_word' id='word_1_251' title='bbox 1693 2947 1748 2988; x_wconf 90' lang='lat' dir='ltr'><strong>ut</strong></span> <span class='ocrx_word' id='word_1_252' title='bbox 1787 2937 1952 2989; x_wconf 90' lang='lat' dir='ltr'><strong>semel</strong></span> <span class='ocrx_word' id='word_1_253' title='bbox 1991 2939 2103 2988; x_wconf 93' lang='lat' dir='ltr'><strong>initi</strong></span> 
     </span>
     <span class='ocr_line' id='line_1_34' title="bbox 188 3021 2101 3091; baseline -0.003 -16"><span class='ocrx_word' id='word_1_254' title='bbox 188 3043 258 3075; x_wconf 79' lang='lat' dir='ltr'><strong>ex</strong></span> <span class='ocrx_word' id='word_1_255' title='bbox 297 3034 522 3091; x_wconf 89' lang='lat' dir='ltr'><strong>utraque</strong></span> <span class='ocrx_word' id='word_1_256' title='bbox 575 3033 725 3091; x_wconf 86' lang='lat' dir='ltr'><strong>parte</strong></span> <span class='ocrx_word' id='word_1_257' title='bbox 778 3032 962 3074; x_wconf 90' lang='lat' dir='ltr'><strong>sancte</strong></span> <span class='ocrx_word' id='word_1_258' title='bbox 1012 3032 1302 3074; x_wconf 88' lang='lat' dir='ltr'><strong>serventur.</strong></span> <span class='ocrx_word' id='word_1_259' title='bbox 1386 3021 1496 3072; x_wconf 83' lang='lat' dir='ltr'><strong>Sed</strong></span> <span class='ocrx_word' id='word_1_260' title='bbox 1537 3022 1670 3072; x_wconf 89' lang='lat' dir='ltr'><strong>haec</strong></span> <span class='ocrx_word' id='word_1_261' title='bbox 1720 3021 1984 3071; x_wconf 90' lang='lat' dir='ltr'><strong>sententia</strong></span> <span class='ocrx_word' id='word_1_262' title='bbox 2026 3022 2101 3071; x_wconf 90' lang='lat' dir='ltr'><strong>sic</strong></span> 
     </span>
     <span class='ocr_line' id='line_1_35' title="bbox 188 3103 2097 3164; baseline -0.003 -6"><span class='ocrx_word' id='word_1_263' title='bbox 188 3108 472 3158; x_wconf 75' lang='lat' dir='ltr'><strong>universim</strong></span> <span class='ocrx_word' id='word_1_264' title='bbox 513 3116 566 3158; x_wconf 93' lang='lat' dir='ltr'><strong>et</strong></span> <span class='ocrx_word' id='word_1_265' title='bbox 604 3107 716 3157; x_wconf 89' lang='lat' dir='ltr'><strong>sine</strong></span> <span class='ocrx_word' id='word_1_266' title='bbox 769 3106 1099 3156; x_wconf 90' lang='lat' dir='ltr'><strong>restrictione</strong></span> <span class='ocrx_word' id='word_1_267' title='bbox 1152 3106 1425 3155; x_wconf 90' lang='lat' dir='ltr'><strong>enuntiata</strong></span> <span class='ocrx_word' id='word_1_268' title='bbox 1476 3103 1810 3154; x_wconf 89' lang='lat' dir='ltr'><strong>admittenda</strong></span> <span class='ocrx_word' id='word_1_269' title='bbox 1851 3120 1960 3154; x_wconf 90' lang='lat' dir='ltr'><strong>non</strong></span> <span class='ocrx_word' id='word_1_270' title='bbox 2002 3111 2097 3164; x_wconf 92' lang='lat' dir='ltr'><strong>est,</strong></span> 
     </span>
     <span class='ocr_line' id='line_1_36' title="bbox 187 3189 938 3256; baseline -0.003 -16"><span class='ocrx_word' id='word_1_271' title='bbox 187 3191 352 3256; x_wconf 91' lang='lat' dir='ltr'><strong>idque</strong></span> <span class='ocrx_word' id='word_1_272' title='bbox 393 3207 463 3239; x_wconf 83' lang='lat' dir='ltr'><strong>ex</strong></span> <span class='ocrx_word' id='word_1_273' title='bbox 503 3189 694 3256; x_wconf 90' lang='lat' dir='ltr'><strong>triplici</strong></span> <span class='ocrx_word' id='word_1_274' title='bbox 736 3189 938 3255; x_wconf 90' lang='lat' dir='ltr'><strong>capite:</strong></span> 
     </span>
    </p>

    <p class='ocr_par' dir='ltr' id='par_1_9' title="bbox 189 3269 2101 3420">
     <span class='ocr_line' id='line_1_37' title="bbox 263 3269 2100 3337; baseline -0.002 -17"><span class='ocrx_word' id='word_1_275' title='bbox 263 3272 312 3337; x_wconf 87' lang='lat' dir='ltr'><strong>a)</strong></span> <span class='ocrx_word' id='word_1_276' title='bbox 354 3271 569 3321; x_wconf 85' lang='lat' dir='ltr'><strong>Falsum</strong></span> <span class='ocrx_word' id='word_1_277' title='bbox 598 3280 679 3322; x_wconf 94' lang='lat' dir='ltr'><strong>est</strong></span> <span class='ocrx_word' id='word_1_278' title='bbox 717 3272 928 3321; x_wconf 76' lang='lat' dir='ltr'><strong>unicam</strong></span> <span class='ocrx_word' id='word_1_279' title='bbox 971 3269 1347 3320; x_wconf 90' lang='lat' dir='ltr'><strong>condicionem</strong></span> <span class='ocrx_word' id='word_1_280' title='bbox 1386 3269 1613 3318; x_wconf 89' lang='lat' dir='ltr'><strong>iustitiae</strong></span> <span class='ocrx_word' id='word_1_281' title='bbox 1648 3275 1954 3318; x_wconf 88' lang='lat' dir='ltr'><strong>contractus</strong></span> <span class='ocrx_word' id='word_1_282' title='bbox 1983 3283 2100 3316; x_wconf 91' lang='lat' dir='ltr'><strong>esse</strong></span> 
     </span>
     <span class='ocr_line' id='line_1_38' title="bbox 189 3349 2101 3420; baseline -0.002 -18"><span class='ocrx_word' id='word_1_283' title='bbox 189 3353 346 3419; x_wconf 87' lang='lat' dir='ltr'><strong>plane</strong></span> <span class='ocrx_word' id='word_1_284' title='bbox 401 3353 631 3404; x_wconf 65' lang='lat' dir='ltr'><strong>liberum</strong></span> <span class='ocrx_word' id='word_1_285' title='bbox 685 3353 956 3420; x_wconf 75' lang='lat' dir='ltr'><strong>utrimque</strong></span> <span class='ocrx_word' id='word_1_286' title='bbox 1011 3369 1329 3403; x_wconf 76' lang='lat' dir='ltr'><strong>consensum.</strong></span> <span class='ocrx_word' id='word_1_287' title='bbox 1420 3351 1727 3417; x_wconf 88' lang='lat' dir='ltr'><strong>Requiritur</strong></span> <span class='ocrx_word' id='word_1_288' title='bbox 1780 3350 1849 3400; x_wconf 92' lang='lat' dir='ltr'><strong>ad</strong></span> <span class='ocrx_word' id='word_1_289' title='bbox 1903 3349 2101 3399; x_wconf 90' lang='lat' dir='ltr'><strong>iustum</strong></span> 
     </span>
    </p>
   </div>
  </div>
 </body>
</html>
