2182 3682
508 172 592 202 Llss.
628 172 674 201 11.
721 172 820 201 CAP.
856 173 921 202 111.
968 172 1029 200 DE
1063 172 1323 202 SOCIETATE
1357 175 1514 204 CIVILI.
1838 180 1946 230 499

1880 205 1906 215 ..α

52 308 344 371 stringeret.
414 306 533 355 Hae
573 307 711 355 enim
753 308 1085 372 cognitiones
1125 309 1451 358 necessariae
1492 310 1687 375 acquiri
1724 320 1949 377 possunt

54 388 200 438 brevi
254 396 306 437 et
364 396 670 453 opportuno
731 389 1038 454 parentibus
1093 397 1365 455 tempore,
1429 391 1555 455 quin
1612 409 1829 442 necesse
1883 394 1950 443 sit

53 469 247 520 liberos
285 486 403 530 sex,
446 477 655 535 septem
695 469 777 519 vel
819 471 975 519 etiam
1006 470 1181 536 plures
1222 488 1390 521 annos
1431 473 1713 523 continuos
1754 475 1950 524 cotidie

52 551 228 618 plures
279 551 437 601 horas
489 552 538 600 in
583 551 812 618 aliquam
853 551 1095 602 scholam
1136 553 1369 614 mittere,
1426 553 1478 602 id
1520 555 1667 619 quod
1710 573 1803 605 eos
1843 573 1950 605 non

51 633 222 684 solum
263 634 487 699 impedit
527 635 577 682 in
619 634 949 684 addiscendo
993 642 1195 684 mature
1237 635 1413 700 aliquo
1455 635 1683 685 honesto
1719 637 1948 703 opificio,

53 717 147 766 sed
190 715 349 765 etiam
388 716 439 764 in
479 733 582 765 non
626 733 796 781 pauca
838 716 1068 782 pericula
1109 717 1327 766 moralia
1368 718 1588 778 conicit,
1645 720 1952 784 praesertim

54 799 145 849 ubi
196 797 344 847 liberi
399 799 669 863 utriusque
721 815 882 847 sexus
934 799 1234 864 promiscue
1286 799 1513 848 eandem
1567 800 1808 850 scholam
1860 801 1951 851 fre-

54 888 324 947 quentant.

56 1008 202 1074 585.
282 1009 406 1058 Non
446 1008 707 1071 seczmda;
748 1025 871 1057 nam

126 1099 177 1162 a)
218 1096 490 1147 Moralitas
531 1106 583 1146 et
624 1096 806 1162 religio
838 1097 1154 1161 personalis
1194 1106 1246 1147 et
1275 1098 1507 1162 privam
1549 1117 1656 1148 non
1691 1101 1954 1165 pertinent

53 1181 251 1230 directe
292 1179 359 1228 ad
401 1179 720 1229 activitatem
764 1180 1090 1228 auctoritatis
1132 1179 1309 1240 civilis,
1354 1181 1593 1246 quamvis
1633 1183 1801 1247 possit
1837 1199 1954 1232 ean-

53 1262 177 1311 dem
204 1261 458 1310 indirecte
487 1278 829 1326 promovere;
863 1271 1096 1310 ceterum
1128 1279 1235 1312 non
1264 1262 1359 1311 nisi
1389 1263 1754 1328 imprudenter
1775 1264 1951 1325 hodie,

53 1344 145 1393 ubi
204 1343 461 1409 gubernia
516 1343 565 1391 in
624 1343 735 1391 dies
795 1344 964 1407 magis
1022 1343 1330 1408 religionem
1389 1362 1417 1393 e
1472 1344 1657 1394 schola
1713 1346 1955 1396 exsulare

52 1426 260 1486 iubent,
305 1424 457 1474 titulo
511 1425 840 1473 educationis
894 1425 1169 1490 religiosae
1210 1435 1262 1475 et
1304 1426 1516 1476 moralis
1557 1429 1764 1477 coactio
1805 1429 1956 1477 scho-

53 1506 171 1557 laris
225 1506 438 1556 defendi
490 1514 683 1571 potest.
766 1506 901 1555 Dein
952 1507 1002 1555 in
1045 1509 1309 1572 praesenti
1351 1509 1534 1558 ordine
1573 1509 1956 1575 supernaturali

53 1589 301 1639 educatio
359 1587 572 1637 moralis
628 1596 680 1637 et
739 1588 984 1653 religiosa
1044 1590 1272 1654 pertinet
1333 1591 1401 1639 ad
1463 1591 1714 1640 directam
1778 1609 1956 1641 curam

54 1670 340 1721 Ecclesiae.
422 1671 568 1735 Ergo
617 1670 659 1718 si
700 1671 767 1719 ad
809 1670 946 1720 hanc
988 1672 1361 1721 educationem
1403 1673 1660 1722 institutio
1701 1674 1958 1723 scholaris

55 1753 349 1802 necessaria
388 1752 643 1812 videatur,
687 1761 866 1817 potest
908 1754 1275 1802 consentiente
1303 1753 1544 1804 Ecclesia
1585 1764 1636 1804 et
1664 1755 1820 1805 salvis
1849 1757 1957 1805 eius

54 1835 249 1884 iuribus
303 1834 586 1884 auctoritas
639 1834 801 1883 civilis
853 1845 1100 1900 parentes
1153 1835 1418 1901 obligare,
1480 1845 1536 1885 ut
1587 1837 1812 1887 infantes
1864 1856 1959 1904 per

53 1916 270 1982 aliquod
312 1924 524 1981 tempus
563 1916 632 1965 ad
673 1915 884 1965 scholas
926 1917 1150 1967 mittant.

128 1999 183 2063 b)
237 1998 321 2047 EX
374 1999 718 2063 responsione
781 1998 847 2047 ad
906 1999 1130 2064 primam
1188 2001 1445 2049 rationem
1503 2000 1676 2051 elucet
1730 2002 1956 2052 infantes

53 2089 272 2147 propter
323 2079 590 2130 defectum
643 2081 1000 2130 instructionis
1051 2081 1307 2131 scholaris
1361 2099 1466 2131 non
1519 2085 1815 2134 necessario
1869 2102 1955 2134 ex-

54 2162 196 2213 cludi
236 2163 303 2212 ab
346 2163 491 2212 omni
531 2163 934 2228 participatione
976 2163 1102 2213 boni
1145 2164 1458 2215 communis.

484 2319 562 2357 1V.
609 2319 678 2357 De
712 2318 933 2357 relatione
968 2319 1198 2358 ecclesiae
1233 2321 1291 2358 ad
1325 2321 1526 2360 scholas.

127 2419 197 2471 A.
241 2420 557 2470 Historiam>
585 2421 982 2485 praenolimzeS.

57 2515 202 2580 586.
291 2532 331 2567 1.
376 2515 633 2582 Quamvis
685 2518 787 2566 iam
837 2519 979 2583 apud
1021 2518 1267 2583 antiquos
1299 2519 1534 2584 gentiles
1573 2519 1682 2570 ludi
1724 2520 1955 2570 litterarii

55 2598 387 2665 (plerumque
445 2600 651 2665 privati>
719 2600 1041 2660 exstiterint,
1110 2601 1276 2650 maius
1337 2610 1514 2651 tamen
1573 2603 1957 2652 incrementum

52 2681 309 2731 institutio
351 2680 688 2731 elementaria
730 2699 825 2748 per
853 2681 1147 2731 Ecclesiam
1192 2682 1509 2733 catholicam
1553 2684 1769 2734 demum
1799 2685 1953 2750 cepit,

54 2764 135 2813 cui
190 2764 257 2813 ad
314 2764 687 2814 educationem
744 2763 1045 2829 religiosam
1101 2763 1319 2814 scholae
1378 2764 1749 2816 elementariae
1800 2766 1956 2816 valde

53 2845 230 2903 utiles,
273 2847 437 2896 immo
478 2846 803 2896 necessariae
844 2853 1007 2896 erant.
1090 2846 1219 2895 Ideo
1261 2864 1395 2912 pace
1435 2846 1708 2898 Ecclesiae
1749 2848 1957 2897 reddita

54 2928 121 2977 ab
163 2928 428 2994 episcopis
468 2937 520 2978 et
560 2927 807 2994 parochis
848 2936 899 2977 et
938 2929 1247 2994 praesertim
1283 2946 1313 2977 a
1341 2931 1672 2979 monasteriis
1699 2931 1749 2979 in
1779 2929 1957 2979 multis

53 3008 183 3060 locis
222 3009 438 3060 scholae
479 3010 863 3076 aperiebantur,
909 3027 1045 3075 quae
1082 3011 1236 3059 unice
1265 3010 1539 3061 directioni
1569 3011 1956 3061 ecclesiasticae

53 3092 460 3142 subiciebantur.
560 3092 743 3141 Medio
800 3109 932 3141 aevo
990 3091 1090 3141 hae
1145 3091 1363 3141 scholae
1413 3094 1747 3143 vocabantur
1790 3101 1955 3158 paro-

55 3173 286 3235 chiales,
339 3174 669 3240 eaedemque
719 3172 1030 3239 plerumque
1083 3174 1232 3222 iuxta
1279 3172 1558 3224 ecclesiam
1598 3174 1953 3240 parochialem

54 3255 184 3305 sitae
224 3264 372 3305 erant
412 3264 464 3305 et
503 3264 777 3321 tamquam
819 3272 1085 3304 annexum
1128 3255 1404 3321 quoddam
1445 3256 1683 3305 eiusdem
1721 3256 1955 3306 conside-

56 3337 315 3386 rabantur.
398 3335 535 3401 Quia
587 3345 765 3386 tamen
816 3337 1123 3387 sacerdotes
1174 3354 1335 3402 saepe
1386 3338 1587 3386 muneri
1627 3337 1955 3387 educationis
