2182 3682
226 189 336 238 410
625 187 739 216 PARS
774 188 822 218 ΙΙ.
872 188 1187 217 PHILOSOPHIA
1221 189 1427 218 MORALIS
1461 190 1708 220 SPECIALIS.

230 333 376 387 552.
470 323 643 374 Schol.
689 339 736 374 I.
818 324 905 374 Ex
957 326 1285 391 argumentis
1337 325 1506 376 allatis
1557 328 1662 376 iam
1708 327 1918 377 videtur
1962 326 2138 377 soluta

226 423 342 456 esse
383 407 653 472 quaestio,
710 407 921 456 cainam
962 425 1092 456 cara
1121 408 1332 472 publici
1369 409 1537 458 cultas
1577 409 1830 474 religiosi
1865 409 2015 459 intra
2056 427 2136 459 σν-

225 488 404 538 dine’m
431 488 738 539 naturalem
781 497 1126 554 competeret,·
1167 489 1257 540 scl.
1290 500 1623 557 competeret
1649 491 1964 541 auctoritati
1987 491 2140 541 civili
2167 550 2169 553 ¹

223 588 318 620 seu
359 579 499 621 esset
540 571 738 621 functio
781 572 1020 621 eiusdem
1061 572 1319 638 specialis.
1402 572 1538 623 Sunt
1578 582 1773 635 tamen,
1818 574 1907 640 qui
1947 581 2138 640 putent
2174 619 2182 631 ι

223 654 357 703 intra
413 653 652 702 ordinem
714 653 1008 703 naturalem
1068 662 1277 720 praeter
1335 655 1648 705 societatem
1709 655 1916 706 civilem
1975 656 2135 706 etiam

223 735 380 786 aliam
433 735 765 798 societatem,
831 736 1180 801 religiosam,
1239 755 1273 786 a
1329 737 1485 787 civili
1533 738 1965 803 malependenteiiz
2017 738 2136 788 oriri

224 818 477 884 potuisse.

298 899 355 951 Si
376 900 428 950 hi
451 909 697 950 auctores
719 901 935 951 nomine
960 902 1229 951 societatis
1258 901 1537 969 religiosae
1565 902 1936 969 intellegerent
1962 901 2136 952 solum

221 983 536 1033 societatem
575 982 658 1033 vel
700 984 987 1033 societates
1016 984 1306 1049 privatas,
1367 985 1500 1035 haec
1539 986 1803 1035 sententia
1845 984 1997 1035 facile
2048 984 2135 1034 ad-

223 1066 358 1115 mitti
399 1074 596 1131 posset.
654 1065 883 1127 Etenim,
927 1066 1062 1116 sicut
1098 1068 1167 1117 ad
1197 1066 1328 1117 alios
1358 1067 1504 1128 fines,
1547 1068 1619 1118 ita
1647 1068 1806 1117 etiam
1835 1067 1902 1117 ad
1932 1066 2135 1117 cultum

223 1147 530 1214 religiosum
582 1157 804 1214 possent
858 1148 1102 1198 homines
1154 1150 1440 1199 societates
1486 1150 1640 1211 inire,
1699 1167 1835 1215 quae
1884 1150 2022 1199 sicut
2062 1167 2136 1199 re-

222 1230 399 1297 liquae
449 1232 718 1281 societatis
768 1232 1006 1297 privatae
1058 1232 1258 1282 directe
1311 1233 1612 1282 auctoritati
1663 1231 1800 1282 civili
1853 1249 1962 1281 non
2015 1232 2134 1282 sub-

223 1322 413 1364 essent.
497 1312 604 1364 Sed
649 1313 941 1379 loquuntur
988 1315 1055 1364 de
1095 1315 1342 1364 societate
1371 1315 1623 1380 perfecta
1665 1332 1778 1364 cum
1820 1314 2137 1364 auctoritate

211 1395 432 1462 publica
488 1414 517 1445 a
573 1404 841 1462 potestate
898 1396 1033 1446 civili
1087 1397 1137 1446 in
1194 1398 1352 1447 rebus
1408 1397 1676 1463 religionis
1734 1396 2131 1463 independenti.

223 1477 322 1543 (Cf.
388 1476 833 1540 Costa—Rossetti,
891 1478 1234 1545 Philosophia
1290 1497 1421 1529 mor.
1474 1480 1619 1544 717.)
1704 1479 1775 1529 Et
1814 1478 1920 1529 hoc
1974 1496 2134 1529 sensu

222 1562 487 1611 sententia
527 1560 614 1611 illa
654 1561 990 1611 admittenda
1030 1579 1138 1610 non
1180 1562 1401 1612 videtur.

299 1645 465 1692 Prob.
526 1643 738 1709 Agitur,
783 1654 841 1693 ut
882 1644 1007 1705 dixi,
1053 1645 1121 1693 de
1162 1645 1476 1694 auctoritate
1503 1643 1735 1710 publica,
1779 1662 1916 1711 quae
1951 1643 2132 1710 quoad

223 1744 306 1777 res
348 1725 620 1792 religiosas
660 1734 931 1792 potestate
970 1727 1344 1776 iurisdictionis
1385 1728 1437 1777 in
1475 1744 1662 1777 omnes
1701 1727 1948 1777 subditos
1988 1743 2132 1793 prae-

221 1810 334 1860 dita
374 1818 529 1869 esset,
575 1809 655 1858 cui
698 1810 851 1875 proin
893 1827 1080 1859 omnes
1122 1810 1380 1860 oboedire
1422 1817 1727 1860 tenerentur
1753 1809 1917 1860 velint
1945 1808 2129 1870 nolint,

219 1909 464 1958 quaeque
516 1891 737 1941 haberet
789 1892 867 1941 ius
910 1892 1162 1958 puniendi
1215 1901 1267 1942 et
1308 1893 1579 1942 iudicandi
1629 1893 1811 1959 quoad
1860 1891 2134 1957 religiosas

218 1992 314 2025 res.
371 1974 541 2040 Atqui
580 1975 840 2024 eiusmodi
883 1981 1122 2040 potestas
1163 1974 1379 2040 publica
1420 1975 1665 2041 religiosa
1692 1992 1722 2025 a
1751 1973 1887 2024 civili
1928 1975 2135 2024 diversa

221 2064 273 2107 et
301 2057 670 2122 independens
709 2058 844 2106 intra
874 2057 1115 2106 ordinem
1144 2056 1437 2106 naturalem
1469 2075 1575 2107 non
1606 2058 1905 2107 haberetur.
1960 2056 2132 2121 Ergo.

294 2139 451 2189 Proh.
497 2140 622 2190 miii.
705 2139 844 2189 Nam
897 2157 1005 2188 non
1057 2148 1237 2205 potest
1291 2141 1410 2189 oriri
1462 2156 1606 2190 mera
1646 2138 1921 2189 voluntate
1969 2138 2133 2205 priva-

220 2231 413 2283 torum,
463 2240 508 2272 v.
555 2239 604 2287 g.
649 2231 810 2288 pacto
852 2221 1045 2287 aliquo.
1130 2220 1278 2271 Sicut
1319 2231 1561 2288 potestas
1602 2221 1765 2272 civilis
1806 2239 1914 2271 non
1953 2227 2136 2287 potest

220 2305 341 2354 oriri
380 2305 481 2354 hac
520 2304 629 2365 via,
684 2305 756 2354 ita
809 2321 983 2370 neque
1037 2313 1277 2370 potestas
1318 2304 1533 2370 publica
1574 2304 1819 2370 religiosa
1872 2305 1940 2368 (n.
1984 2303 2130 2367 486).

221 2387 395 2438 Unica
446 2404 575 2452 ergo
616 2387 700 2436 via
752 2387 1018 2452 probandi
1070 2396 1121 2436 et
1174 2387 1442 2436 statuendi
1493 2388 1757 2437 eiusmodi
1808 2394 2133 2453 potestatem

221 2469 521 2535 religiosam
565 2478 670 2530 est,
726 2477 784 2519 ut
822 2478 1152 2534 supponatur
1193 2470 1506 2520 exsistentia
1547 2469 1816 2519 societatis
1862 2468 2042 2519 civilis
2081 2476 2134 2518 et

221 2552 343 2601 dein
384 2551 642 2617 probetur
683 2552 802 2601 huic
843 2552 1085 2602 societati
1129 2553 1486 2602 necessarium
1528 2569 1644 2602 esse
1685 2551 1888 2602 cultum
1929 2550 2132 2615 religio-

218 2651 337 2684 sum
378 2642 431 2683 et
470 2634 697 2699 proinde
739 2635 896 2683 etiam
939 2641 1282 2700 potestatem,
1327 2651 1465 2700 quae
1499 2634 1640 2684 hunc
1675 2633 1878 2684 cultum
1907 2632 2130 2693 ordinet,

217 2733 435 2783 prorsus
476 2717 610 2766 sicut
637 2716 688 2765 in
718 2717 1044 2782 argumentis
1084 2733 1241 2782 supra
1270 2717 1339 2780 (n.
1376 2716 1686 2780 548-550)
1730 2715 1965 2765 fecimus.
2020 2714 2132 2764 Iam
2181 2722 2182 2727 ’

219 2816 345 2849 vero
387 2805 640 2864 potestas,
687 2816 823 2864 quae
865 2817 935 2848 ex
974 2808 1159 2848 natura
1199 2800 1469 2849 societatis
1509 2798 1689 2848 civilis
1729 2797 2018 2863 (politicae)
2060 2813 2132 2846 re-

220 2881 382 2932 sultat
415 2881 570 2947 eique
597 2882 667 2930 ad
697 2881 856 2930 finem
886 2899 1040 2931 suum
1068 2889 1148 2931 est
1189 2882 1499 2942 necessaria,
1544 2890 1624 2930 est
1651 2887 1896 2945 potestas
1935 2878 2128 2928 civilis.

219 2963 462 3014 Potestas
518 2964 657 3012 enim
718 2963 880 3013 civilis
935 2996 1007 3000 —-
1062 2965 1101 3013 si
1159 2981 1437 3013 manemus
1492 2963 1626 3012 intra
1685 2962 1926 3012 ordinem
1987 2969 2131 3010 natu-

220 3046 384 3096 ralem
423 3078 495 3082 —
537 3045 948 3112 comprehendit
990 3047 1168 3096 omnia
1209 3047 1332 3108 iura,
1377 3062 1515 3112 quae
1556 3045 1798 3095 societati
1837 3043 2132 3094 necessaria

221 3138 342 3178 sunt
382 3128 450 3178 ad
493 3128 654 3177 finem
695 3145 866 3178 suum.
949 3128 1018 3177 Et
1060 3145 1266 3190 revera,
1323 3129 1412 3193 qui
1453 3127 1761 3193 oppositam
1812 3125 2130 3176 sententiam

221 3218 436 3261 tuentur
477 3210 542 3274 (v.
588 3227 638 3276 g.
682 3209 932 3270 llsolina,
984 3210 1069 3260 De
1110 3211 1220 3260 iure
1262 3220 1315 3260 et
1355 3210 1512 3260 iustit.
1557 3217 1706 3259 tract.
1754 3222 1813 3268 2,
1863 3208 1997 3273 disp.
2042 3219 2128 3266 21,

221 3311 269 3343 n.
323 3293 402 3358 2),
459 3294 531 3342 ita
584 3292 690 3342 fere
746 3299 1208 3357 argumentantur:
1269 3291 1563 3342 Multitudo
1618 3291 1688 3341 ad
1744 3289 2128 3355 rempublicam

221 3384 549 3441 congregata
588 3375 725 3425 sicut
764 3383 947 3441 posset
989 3392 1154 3424 unum
1195 3375 1407 3441 eligere,
1452 3374 1541 3440 qui
1580 3373 1777 3438 eamin
1811 3371 1970 3422 rebus
1998 3379 2130 3420 tem-
