2182 3682
230 209 330 258 140
627 205 740 234 PARS
775 199 803 234 Ῐ.
853 203 1169 233 PHILOSOPHIA
1205 201 1408 231 MORALIS
1444 200 1726 231 GENERALIS.

222 344 424 394 tionem
475 343 581 392 iam
621 350 679 391 ut
719 341 849 408 quid
901 340 1105 390 ratione
1157 339 1299 404 prius
1339 337 1610 403 supponit.
1690 335 1992 388 Sanctionis
2030 337 2124 389 scl.

223 435 303 477 est
340 442 531 491 urgere
572 423 973 489 obligationem.
1029 422 1170 471 Dein
1201 434 1247 471 2.
1280 437 1388 470 non
1416 418 1594 470 valent
1628 419 1954 486 distinguere
1993 420 2129 470 inter

223 517 428 559 reatum
480 506 670 573 culpae
722 515 775 556 et
827 513 1033 554 reatum
1089 520 1324 570 poenae,
1383 519 1560 568 neque
1610 501 1790 552 valent
1844 510 1988 552 recte
2039 519 2126 552 ex-

223 591 419 658 plicare
475 598 718 639 naturam
774 587 995 653 peccati.
1089 586 1230 635 Nam
1286 586 1337 634 in
1393 585 1654 634 sententia
1708 584 2129 634 adversariorum

223 681 507 740 peccatum
550 689 617 721 ex
659 688 716 720 se
757 677 897 719 esset
936 667 1112 719 solum
1154 676 1495 733 contemptus
1536 666 1877 717 beatitudinis
1916 673 2129 717 nostrae

221 774 315 806 seu
375 755 578 805 aversio
639 771 669 802 a
727 752 1059 802 beatitudine
1118 758 1313 800 nostra.
1404 749 1556 799 Haec
1612 757 1790 799 autem
1849 749 2129 799 beatitudo

223 847 304 888 est
354 838 557 887 bonum
611 835 832 885 finitum.
920 833 1074 899 Ergo
1127 834 1286 882 etiam
1343 839 1628 898 peccatum
1680 831 1903 882 haberet
1956 830 2129 881 solum

223 920 477 971 malitiam
529 918 731 967 finitam
772 924 825 966 et
877 925 1016 966 esset
1068 915 1246 982 potius
1298 914 1497 964 malum
1540 923 1781 964 nostrum
1824 931 1986 980 quam
2025 931 2129 963 ma-

224 1004 332 1053 lum
375 1001 493 1052 Dei.

299 1093 490 1141 Restat
542 1106 699 1155 erg0‚
756 1097 813 1139 ut
865 1088 981 1138 finis
1033 1087 1249 1138 ultimus
1300 1085 1638 1152 intellegatur
1679 1085 1954 1147 obiective,
2009 1086 2038 1134 i.
2084 1102 2128 1136 e.

223 1183 281 1225 ut
320 1173 584 1240 significat
622 1173 799 1238 ipsum
827 1171 1022 1232 Deum,
1066 1171 1269 1220 bonum
1299 1169 1563 1218 infinitum
1605 1177 1658 1218 et
1699 1157 1859 1218 finem
1887 1154 2132 1217 absolute

226 1257 468 1307 ultimum
510 1254 747 1304 omnium
788 1271 978 1303 rerum.
1037 1253 1160 1303 Hoc
1202 1253 1379 1318 posito
1422 1250 1681 1317 obligatio
1723 1249 2019 1301 accuratius
2058 1251 2133 1300 sic

224 1340 432 1390 videtur
472 1336 818 1403 explicanda:
876 1334 1267 1400 Cognoscimus
1309 1334 1512 1395 Deum,
1566 1350 1875 1399 supremum
1929 1331 2130 1382 bonum

226 1431 279 1472 et
318 1422 479 1472 finem
520 1419 780 1479 ultimum,
825 1419 913 1485 qui
952 1417 1156 1467 infinito
1197 1434 1394 1478 amore,
1439 1417 1746 1478 reverentia,
1791 1414 2135 1466 oboedientia

228 1505 419 1570 dignus
460 1512 565 1564 est,
610 1520 639 1552 a
680 1502 836 1551 nobis
875 1502 1010 1550 seria
1050 1509 1104 1550 et
1143 1499 1390 1550 absoluta
1431 1498 1708 1549 voluntate
1749 1499 1965 1566 exigere
2007 1499 2135 1549 recti

228 1587 426 1637 ordinis
478 1585 805 1645 custodiam,
860 1583 931 1633 ita
979 1592 1036 1632 ut
1087 1582 1438 1648 transgressio
1480 1582 1528 1631 ei
1577 1581 1806 1648 positive
1858 1581 2135 1649 displiceat

226 1686 459 1736 eumque
501 1666 755 1727 offendat,
800 1666 946 1732 quod
990 1675 1070 1715 est
1111 1664 1306 1714 malum
1338 1664 1614 1731 quoddam
1654 1664 1914 1714 infinitum
1944 1673 1998 1715 et
2038 1681 2137 1714 nos

225 1769 256 1803 a
296 1751 400 1801 fine
441 1749 688 1801 absolute
728 1747 913 1798 ultimo
955 1749 1168 1809 avertit,
1219 1748 1317 1797 etsi
1357 1746 1482 1796 nihil
1524 1747 1825 1813 cogitemus
1867 1747 1934 1797 de
1977 1747 2137 1798 beati-

227 1835 412 1884 tudine
452 1825 648 1883 nostra.

303 1922 614 1974 Secundum
656 1922 929 1988 praedicta
969 1938 1098 1986 ergo
1129 1920 1388 1986 obligatio
1431 1919 1635 1969 definiri
1675 1929 1880 1986 potest:
1924 1919 2136 1986 cogyzita

227 2006 515 2057 necessitas
547 2005 770 2055 actionis
798 2003 1082 2069 ponendae
1108 2003 1199 2053 vel
1229 2003 1549 2052 Olliz'llc’mz'ae
1576 2003 1656 2052 acl
1688 2002 2000 2053 evilandam
2027 2002 2142 2053 Dei

228 2088 623 2154 displicentiam
681 2095 731 2137 ct
784 2087 1062 2151 offensam.
1157 2085 1309 2135 Haec
1370 2084 1609 2135 definitio
1668 2085 1810 2135 valet
1869 2085 1937 2135 de
1992 2085 2137 2135 omni

229 2171 572 2237 obligatione.
654 2169 709 2220 Si
750 2170 922 2234 agitur
962 2169 1030 2218 de
1071 2167 1400 2233 obligatione
1433 2167 1631 2233 gravi,
1681 2168 1922 2218 consistit
1960 2168 2012 2217 in
2053 2185 2137 2218 co-

229 2255 375 2320 gnita
414 2254 730 2303 necessitate
758 2252 981 2302 actionis
1021 2251 1307 2317 ponendae
1335 2249 1418 2300 vel
1448 2250 1792 2311 omittendae,
1836 2251 1889 2300 ni
1914 2249 2138 2300 velimus

228 2336 404 2386 Deum
447 2337 519 2385 ita
560 2335 848 2395 offendere,
893 2341 950 2383 ut
989 2334 1314 2384 inimicitiam
1355 2333 1464 2382 eius
1504 2333 1848 2382 incurramus.
1908 2332 1996 2382 Ex
2035 2332 2136 2382 hac

229 2419 352 2468 dein
394 2417 743 2468 dissolutione
784 2417 1045 2467 amicitiae
1087 2433 1209 2466 cum
1250 2415 1372 2465 Deo
1414 2424 1466 2464 et
1517 2415 1793 2465 aversione
1832 2414 1901 2464 ab
1942 2414 2135 2464 eodem

228 2501 526 2551 necessario
568 2500 912 2566 consequitur
953 2499 1165 2548 amissio
1209 2497 1551 2547 beatitudinis
1591 2505 1819 2547 nostrae.

237 2646 377 2710 164.
483 2646 659 2697 Scliol.
706 2662 752 2696 I.
810 2646 1059 2696 Diximus
1091 2661 1250 2711 supra
1290 2643 1468 2710 legem
1508 2642 1805 2693 naturalem
1846 2643 2136 2694 consistere

226 2731 283 2780 in
322 2729 539 2779 iudiciis
578 2728 978 2779 universalibus
1019 2727 1252 2777 rasionis
1280 2726 1582 2791 practicae,
1624 2726 1963 2787 dictantibus,
2007 2725 2136 2792 quid

228 2812 497 2876 agendum
537 2811 603 2860 sit
643 2819 700 2860 ut
739 2819 1104 2877 praeceptum,
1148 2809 1278 2875 quid
1308 2808 1664 2858 omittendum
1694 2818 1750 2858 ut
1788 2807 2132 2874 prohibitum.

227 2893 286 2943 In
337 2893 417 2943 his
468 2903 644 2944 autem
697 2893 901 2943 iudiciis
952 2892 1151 2958 duplex
1196 2891 1506 2940 elementum
1560 2890 1998 2956 distinguendum
2038 2897 2132 2940 est.

228 2975 489 3025 Nimirum
530 2977 661 3026 ratio
699 2993 807 3025 non
835 2974 1008 3025 solum
1047 2974 1259 3034 iudicat,
1305 2973 1430 3039 quid
1473 2981 1619 3022 recto
1650 2972 1819 3022 ordini
1861 2971 2136 3037 conforme

226 3057 310 3106 vel
351 3058 597 3107 difforme
637 3059 726 3118 sit,
769 3058 865 3107 sed
906 3057 1122 3123 insuper
1161 3056 1306 3105 videt
1347 3072 1446 3104 nos
1486 3072 1517 3104 a
1555 3055 1828 3120 superiore
1868 3062 2136 3121 potestate

229 3139 508 3205 adstringi
555 3157 648 3190 seu
689 3139 939 3205 obligari,
994 3147 1050 3188 ut
1102 3138 1223 3188 huic
1265 3138 1436 3187 ordini
1487 3124 1695 3186 nostras
1736 3137 1974 3187 actiones
2014 3153 2135 3187 con-

228 3220 531 3272 formemus.
621 3222 768 3271 Prius
825 3221 1177 3282 elementum‚
1241 3220 1389 3286 quod
1446 3226 1526 3268 est
1581 3219 1733 3284 quasi
1792 3219 1946 3269 radix
2003 3218 2135 3284 legis

228 3303 478 3353 naturalis
519 3311 572 3353 et
612 3321 734 3353 cum
775 3302 1043 3353 nonnullis
1072 3302 1340 3352 veteribus
1381 3301 1485 3350 dici
1525 3309 1707 3366 potest
1747 3299 2004 3366 obligatio
2045 3301 2133 3349 im-

229 3384 490 3450 perfecta,
544 3403 653 3435 non
703 3386 907 3451 pendet
947 3401 977 3434 a
1029 3391 1319 3450 praecepto
1361 3383 1490 3442 Dei,
1543 3383 1640 3432 sed
1687 3382 1755 3432 ab
1795 3383 1922 3448 ipsis
1963 3399 2132 3432 rerum
