2182 3682
133 158 233 186 CAP.
260 158 325 186 111.
373 157 435 185 DE
470 157 704 186 BONITATE
738 157 797 184 ET
831 156 1029 185 MALITIA
1065 154 1242 183 MORALI
1267 155 1465 184 ACTUUM
1492 156 1817 186 HUMANORUM.
1884 159 1975 195 101

86 293 184 342 etsi
223 291 422 357 aliquid
463 299 649 340 neutro
691 291 856 340 modo
897 291 963 340 sit
1003 291 1384 351 necessarium,
1430 290 1728 341 dummodo
1770 309 1876 342 non
1917 294 1983 342 sit

84 373 524 439 impedimentum
588 372 824 422 sanitatis
886 379 939 421 et
1002 372 1177 422 bonae
1240 371 1590 433 habitudinis,
1655 380 1981 439 temperatus

83 472 148 505 60
203 455 362 504 utitur
416 454 692 504 moderate
754 471 882 520 «pro
939 453 1060 503 loco
1117 461 1170 503 et
1224 460 1467 519 tempore
1524 461 1576 503 et
1632 458 1980 520 congruentia

81 554 281 597 eorum,
326 536 517 602 quibus
558 537 820 585 convivit»
868 536 937 599 (2,
984 549 1029 594 2,
1075 553 1123 600 q.
1176 549 1291 597 141,
1336 552 1379 584 a.
1425 535 1458 584 6
1498 536 1566 584 ad
1611 536 1677 598 2).
1734 536 1983 588 Similiter

78 635 244 684 agens
284 618 352 667 de
393 617 556 678 ludis,
601 618 690 683 qui
729 617 797 667 ad
840 617 1268 678 delectationem,
1313 616 1342 665 i
1387 634 1430 665 e.
1475 617 1726 682 quietem,
1769 619 1976 670 animae

78 699 396 759 referuntur,
441 699 603 749 docet
643 716 736 748 eos
777 716 892 749 esse
933 699 1216 759 honestos,
1261 699 1389 748 dum
1339 699 1574 774 Χ01οεί0
1610 712 1650 749 Ι.
1685 699 1979 772 delectatio

77 799 184 831 non
225 790 505 865 quaeratur
555 781 604 830 in
662 798 716 830 re
767 782 937 859 turpi
945 790 1036 830 aut
1076 781 1291 842 nociv,a
1349 795 1395 831 2.
1439 798 1544 829 non
1587 763 1820 830 totaliter
1869 799 1980 846 gra-

76 864 222 936 vitas
227 863 457 934 animae
509 862 827 923 resolvatur
888 876 935 926 3
938 860 1310 924 attendatur,
1318 854 1629 912 ⁷ut⁷⁷l⁷ud⁷us
1673 861 1981 929 &congruat

80 930 369 1022 personae,
422 929 656 1010 tempori
696 954 748 994 et
788 944 925 1031 loco
967 954 1019 994 et
1058 904 1353 994 secunduin
1394 941 1981 996 alias'“cirCU1nstantias

83 1027 262 1077 debite
304 1022 631 1076 ordnetur»
636 1024 797 1091 C2⁷‚⁷⁷‘>
770 1066 816 1088 2,
861 1045 910 1093 (1.
921 1027 1078 1087 168,
1122 1044 1165 1077 a
1212 1027 1280 1089 2).

82 1164 222 1216 115-
294 1182 396 1222 Obi.
430 1195 463 1221 1.
532 1175 865 1236 Supponimus
908 1190 1013 1222 esse
1059 1184 1193 1221 actus
1231 1174 1568 1221 indifferentes
1605 1175 1654 1221 in
1692 1175 1857 1236 specie
1895 1191 1979 1223 seu

73 1265 133 1297 ex
179 1250 391 1297 obiecto.
464 1250 616 1310 Atqui
658 1251 708 1297 id
757 1250 946 1297 videtur
996 1251 1182 1296 falsum.
1265 1251 1402 1309 Ergo
1450 1249 1597 1296 thesis
1644 1250 1811 1296 nititur
1859 1251 1981 1297 falso

71 1325 338 1386 supposito.
410 1325 549 1371 Proh.
589 1326 698 1372 min.
774 1325 1036 1372 Obiectum
1086 1334 1157 1371 est
1205 1334 1286 1371 aut
1333 1324 1636 1371 conveniens
1683 1325 1873 1371 homini
1913 1340 1982 1372 se-

71 1399 287 1446 cundum
323 1399 581 1456 rationem,
628 1409 710 1446 aut
749 1415 864 1446 non.
939 1399 988 1446 Si
1031 1405 1120 1456 1¹¹¹¹¹,
1160 1408 1232 1446 est
1267 1401 1557 1459 honestum3
1594 1399 1632 1445 si
1673 1405 1765 1457 2⁰⁸²,
1807 1409 1878 1447 est
1913 1400 1980 1446 in-

69 1474 343 1521 honestum.
416 1474 554 1534 Ergo
589 1489 691 1520 non
730 1475 871 1521 datur
909 1474 1160 1521 obiectum
1196 1474 1497 1521 indifferens.

149 1580 300 1629 Resp.
364 1572 498 1618 Cenc.
538 1573 644 1618 mai.
707 1571 847 1631 [Vego
894 1573 1002 1617 min.
1043 1578 1087 1617 et
1131 1587 1247 1618 cons.
1310 1572 1391 1618 Ad
1438 1572 1629 1632 probat.
1696 1572 1830 1619 Com.
1869 1575 1978 1619 mai.

77 1646 120 1692 C
118 1661 210 1692 0726.
250 1647 359 1692 min.
377 1684 389 1702 ‚
439 1647 599 1706 quoad
638 1654 733 1692 [Μ
770 1647 1021 1692 membrum
1036 1684 1048 1701 ,
1099 1647 1182 1692 sed
1223 1662 1336 1705 nego
1382 1648 1491 1693 min.
1530 1647 1691 1707 quoad
1720 1655 1814 1693 22022
1850 1664 1981 1693 mem-

67 1721 214 1767 brum.
286 1721 403 1767 Non
453 1736 600 1767 omne
651 1721 924 1777 obiectum,
975 1721 1111 1782 quod
1155 1736 1256 1767 non
1294 1721 1443 1768 habet
1481 1721 1877 1768 convenientiam
1917 1722 1980 1769 ad

66 1804 291 1842 naturam
339 1795 629 1843 rationalem
680 1811 777 1856 qua
825 1797 999 1850 talem,
1049 1811 1110 1842 eo
1158 1797 1265 1857 ipso
1302 1796 1399 1842 iam
1437 1805 1508 1843 est
1544 1796 1751 1857 positive
1789 1796 1980 1843 discon-

66 1870 299 1930 veniensg
347 1886 461 1916 nam
509 1879 619 1917 sunt
666 1870 887 1928 obiecta,
941 1885 1065 1931 quae
1115 1871 1317 1931 quidem
1365 1871 1428 1917 ad
1464 1879 1656 1932 partem
1693 1870 1978 1918 inferiorem

66 1944 279 1992 hominis
327 1944 545 2006 aliquam
590 1945 988 1992 convenientiam
1025 1945 1234 2002 habent,
1285 1945 1371 1992 sed
1412 1946 1577 2006 quoad
1615 1955 1804 2007 partem
1842 1961 1980 2007 supe-

67 2019 248 2066 riorem
283 2035 448 2081 neque
486 2020 694 2081 positive
731 2021 1076 2067 convenientia
1114 2036 1277 2081 neque
1316 2020 1522 2082 positive
1554 2020 1978 2068 disconvenientia

67 2103 177 2141 sunt
213 2090 291 2155 (cf.
331 2111 476 2156 supra
513 2111 560 2140 n.
601 2090 695 2156 90).

146 2199 247 2239 Obi.
282 2211 325 2238 2.
392 2190 592 2238 Dictum
629 2200 702 2238 est
738 2188 801 2250 (n.
836 2188 945 2251 113)
985 2192 1179 2239 studere
1218 2200 1265 2238 et
1300 2194 1426 2240 velle
1465 2193 1661 2239 studere
1699 2208 1804 2239 esse
1843 2201 1977 2238 actus

65 2281 125 2312 ex
171 2266 368 2313 obiecto
415 2266 767 2314 indifferentes.
840 2267 993 2328 Atqui
1037 2267 1087 2312 id
1136 2268 1311 2314 falsum
1352 2276 1436 2314 est.
1509 2268 1648 2328 Ergo
1676 2306 1684 2315 .
1715 2307 1761 2315 ..
1833 2268 1975 2314 Proh.

64 2342 172 2388 min.
247 2341 462 2388 Scientia
509 2356 595 2388 seu
643 2342 859 2402 cognitio
907 2341 1122 2388 veritatis
1171 2351 1242 2388 est
1288 2342 1477 2389 homini
1514 2352 1563 2389 ut
1600 2343 1826 2389 rationali
1864 2358 1978 2389 con-

63 2416 267 2462 veniens
302 2415 517 2476 ideoque
553 2416 774 2463 honesta.
828 2417 982 2477 Atqui
1014 2416 1226 2463 studium
1263 2417 1410 2464 habet
1446 2433 1537 2478 pro
1576 2417 1773 2464 obiecto
1812 2417 1977 2478 cogni-

62 2489 248 2536 tionem
284 2490 514 2538 veritatis.
586 2491 724 2550 Ergo
762 2499 834 2537 est
870 2500 1005 2538 actus
1043 2507 1102 2538 ex
1139 2492 1337 2538 obiecto
1374 2492 1619 2539 honestus.

139 2595 290 2644 Resp.
365 2586 498 2632 Cone.
537 2589 645 2634 mai.
717 2587 857 2647 lVegO
905 2590 1014 2635 min.
1089 2589 1169 2634 Ad
1211 2589 1402 2649 probat.
1480 2588 1614 2636 Came.
1653 2590 1762 2635 mai.
1835 2587 1975 2648 Nego

61 2662 170 2707 min.
220 2667 266 2706 et
308 2677 425 2708 cons.
498 2662 758 2722 Proprium
807 2672 855 2709 et
900 2663 1215 2709 immediatum
1264 2663 1510 2710 obiectum
1560 2663 1704 2710 studii
1750 2679 1855 2710 non
1904 2672 1975 2710 est

62 2735 168 2795 ipsa
216 2735 433 2796 cognitio
470 2736 710 2793 veritatis,
761 2738 848 2784 sed
893 2739 1141 2801 applicatio
1168 2740 1489 2798 potentianum
1528 2738 1973 2799 cognoscitivarum

61 2809 124 2855 ad
159 2810 256 2857 hoc
291 2810 369 2857 vel
405 2810 524 2857 illud
561 2811 832 2869 obiectum,
878 2812 975 2858 hoc
1011 2814 1089 2859 vel
1125 2812 1208 2859 illo
1246 2814 1397 2860 modo
1437 2809 1499 2874 (2,
1542 2830 1582 2870 2,
1623 2829 1670 2874 q.
1715 2815 1820 2870 166,
1860 2828 1901 2859 a.
1944 2830 1966 2858 2

61 2884 124 2931 ad
163 2902 185 2930 2
227 2894 274 2931 et
310 2880 373 2945 3).
446 2885 544 2932 Sed
590 2887 714 2933 haec
762 2886 1029 2948 applicatio
1075 2888 1252 2934 mentis
1289 2896 1452 2949 potest
1488 2887 1678 2934 ratione
1716 2887 1787 2934 sui
1823 2887 1970 2948 ipsius

61 2972 166 3005 esse
202 2959 496 3017 inordinata,
535 2960 750 3020 ideoque
789 2962 852 3008 de
888 2977 939 3008 se
978 2969 1049 3008 est
1085 2963 1336 3009 moraliter
1371 2962 1673 3009 indifferens.
1728 2964 1815 3008 Est
1851 2977 1970 3023 ergo

60 3048 240 3093 magna
287 3033 566 3081 differentia
612 3035 738 3082 inter
785 3036 943 3096 ipsam
992 3036 1328 3097 cognitionem
1365 3036 1579 3084 veritatis
1616 3046 1664 3083 et
1699 3036 1970 3098 appetitum

58 3106 197 3154 huius
256 3108 551 3169 cognitionis
611 3110 970 3170 acquirendae,
1030 3120 1081 3157 ut
1131 3112 1386 3173 praeclare
1438 3127 1576 3158 more
1629 3127 1715 3157 suo
1768 3111 1970 3172 exponit

58 3180 282 3241 Aquinas
320 3178 381 3244 (2,
423 3201 465 3241 2,
519 3200 564 3244 q.
609 3186 714 3245 167,
766 3201 807 3232 a.
853 3181 910 3246 1).
983 3187 1098 3246 Ipsa
1146 3186 1363 3247 cognitio
1400 3186 1615 3232 veritatis
1662 3200 1751 3246 per
1788 3200 1838 3232 se
1883 3200 1968 3232 seu

58 3255 248 3301 ratione
284 3256 355 3302 sui
391 3272 588 3318 semper
624 3268 697 3305 est
732 3260 953 3317 honesta,
993 3270 1041 3306 et
1076 3261 1233 3307 solum
1271 3275 1360 3321 per
1397 3260 1629 3305 accidens
1666 3267 1827 3320 potest
1862 3257 1966 3306 fieri

57 3327 316 3376 inhonesta
362 3330 551 3378 ratione
595 3332 796 3380 alicuius
834 3334 1036 3380 effectus
1072 3335 1150 3380 vel
1186 3333 1378 3380 ratione
1414 3333 1547 3391 finis,
1598 3333 1662 3379 ad
1699 3347 1847 3393 quem
1884 3333 1966 3379 ad·
