2182 3682
118 160 159 198 Χ
988 164 1153 194 INDEX.

300 293 328 348 ξ
456 298 611 337 Eorum
645 298 836 339 doctrina
867 301 1092 353 exponitur

299 362 328 417 ξ
455 365 726 406 Socialismus
757 369 960 407 refutatur
1030 401 1038 409 .

366 308 401 337 1.

362 376 399 405 2.

234 441 325 480 Art.
361 451 400 492 3.
453 442 674 482 Refutatur
706 443 963 483 socialismus
996 444 1181 496 agrarius

359 520 385 558 4

233 509 323 549 Art.
390 541 398 549 .
452 510 575 550 Aliae
607 510 838 550 sententiae
871 524 1071 551 erroneae
1105 511 1212 551 circa
1244 512 1512 565 proprietatis
1543 514 1751 567 originem
1784 528 1845 554 re-

515 579 702 617 futantur
763 608 770 617 .

233 644 323 683 Art.
361 652 397 696 5.
453 645 562 683 Vera
595 645 707 685 circa
739 646 1005 698 proprietatis
1038 647 1244 699 originem
1276 648 1484 686 sententia
1517 648 1722 688 stabilitur

232 712 323 752 Art.
359 712 398 751 6.
451 712 519 751 De
552 713 738 752 dominio
771 720 986 753 auctorum
1019 714 1234 766 speciatim
1299 746 1307 754 .

232 780 322 819 Art.
361 788 397 829 7.
451 779 518 819 De
550 781 686 820 modis
719 780 954 820 derivativis
986 782 1228 834 acquirendi
1263 781 1496 821 dominium
1567 814 1575 823 .

117 877 251 928 Caput
279 877 324 917 V.
387 878 453 916 De
485 878 764 916 confractibus.

232 967 322 1006 Art.
362 976 395 1006 1.
450 967 518 1005 De
550 967 685 1019 pactis
718 975 758 1006 et
791 968 1072 1008 contractibus
1106 967 1147 1007 in
1180 982 1336 1021 genere

231 1035 324 1073 Art.
361 1045 399 1073 2.
453 1035 520 1072 De
554 1035 839 1074 contractibus
872 1035 912 1073 in
947 1036 1098 1087 specie,
1134 1044 1311 1088 excepto
1343 1044 1560 1076 contractu
1591 1037 1756 1076 fenebri
1818 1069 1840 1077 γ.

231 1103 320 1141 Art.
358 1112 395 1152 3.
450 1102 516 1140 De
549 1110 765 1142 contractu
798 1103 958 1142 fenebri
1025 1135 1032 1143 .

846 1262 991 1295 LIBER
1017 1262 1286 1296 SECUNDUS.

600 1357 836 1396 ETHICA
870 1357 1193 1396 SPECIALIS
1228 1358 1526 1397 SOCIALIS.

114 1465 248 1518 Caput
277 1466 312 1505 l.
377 1468 443 1506 De
473 1469 650 1506 societate
680 1468 918 1507 universim.

229 1560 319 1598 Art.
360 1568 393 1598 1.
451 1558 565 1608 Quid
598 1559 647 1597 sit

228 1627 318 1665 Art.
354 1636 391 1665 2.
446 1627 513 1665 De
547 1626 757 1665 activitate
791 1627 936 1665 sociali

227 1695 318 1733 Art.
354 1704 392 1745 3.
449 1693 668 1733 Societatis
699 1694 864 1745 partitio
890 1725 897 1733 .

113 1789 244 1840 Caput
275 1790 336 1830 ll.
400 1791 466 1830 De
496 1793 675 1831 societate
706 1792 929 1831 domestica.

227 1880 316 1918 Art.
358 1891 391 1919 1.
447 1881 515 1919 De
547 1881 746 1920 societate
778 1881 989 1933 coniugali
1022 1912 1030 1920 .

293 1944 320 1998 ἓ
359 1957 393 1987 1.
448 1948 515 1987 De
547 1956 694 1987 natura
726 1957 767 1987 et
799 1949 1050 1988 necessitate
1083 1949 1332 1987 matrimonii

448 2015 515 2054 De
549 2015 632 2054 fine
664 2015 915 2054 matrimonii

447 2083 514 2121 De
546 2091 774 2135 praecepto
807 2084 1056 2122 matrimonii

446 2150 513 2189 De
545 2151 797 2189 matrimonii
831 2151 987 2190 unitate
1022 2182 1030 2190 .

447 2218 513 2256 De
546 2218 794 2256 matrimonii
827 2218 1192 2257 indissolubilitate

291 2011 321 2267 cmcmcmcm

351 2092 392 2267 ²3²·32‘e2
356 2024 393 2053 ,Ν

226 2290 316 2328 Art.
353 2300 390 2328 2.
444 2291 512 2330 De
545 2292 746 2331 societate
778 2293 984 2345 parentali
1023 2323 1030 2331 .

226 2358 315 2395 Art.
351 2368 389 2408 3.
444 2359 512 2397 De
545 2360 743 2398 societate
777 2360 894 2398 herili

226 2425 316 2463 Art.
351 2437 389 2473 4.
446 2426 512 2464 De
547 2426 701 2464 familia
734 2427 941 2479 complete
975 2434 1158 2479 spectata

111 2519 243 2571 Caput
272 2520 359 2559 Ill.
423 2522 489 2560 De
519 2524 697 2562 societate
727 2524 848 2562 civili.

225 2611 316 2649 Art.
358 2621 390 2649 1.
445 2610 512 2649 De
545 2612 759 2650 societatis
791 2612 923 2650 civilis
957 2625 1081 2651 causa
1114 2612 1310 2652 efficienti
1359 2626 1431 2651 seu
1465 2613 1517 2651 de
1550 2613 1636 2651 eius
1669 2613 1834 2665 origine

292 2674 319 2728 ξ
358 2688 391 2715 1.
446 2678 547 2716 Eius
580 2679 776 2718 naturalis
808 2680 926 2731 origo
961 2680 1270 2719 demonstratur

290 2741 317 2795 ξ
352 2755 390 2783 2.
445 2745 511 2783 De
544 2745 707 2797 origine
740 2747 995 2786 auctoritatis
1028 2747 1224 2799 politicae
1289 2779 1297 2786 .

290 2809 317 2863 ἓ
352 2823 389 2862 3.
445 2812 511 2851 De
544 2826 667 2852 causa
699 2815 885 2866 proxima
918 2815 1073 2854 vinculi
1107 2815 1269 2853 iuridici
1301 2815 1507 2854 societatis
1540 2814 1672 2853 civilis

483 2880 515 2918 Ι.
550 2880 733 2919 Theoria
766 2883 1025 2920 successivae
1058 2882 1372 2934 aggregationis
1423 2914 1430 2921 .

462 2947 515 2986 Π.
553 2946 771 2988 Sententia
803 2950 915 3001 pacti
947 2949 1113 2988 socialis
1147 2949 1400 2988 Pufendorfii

438 3014 513 3053 ΠΙ.
550 3013 769 3054 Sententia
802 3016 1025 3055 multorum
1059 3016 1402 3056 scholasticorum

441 3081 513 3120 IV.
550 3081 763 3121 Sententia
796 3097 984 3122 asserens
1019 3084 1080 3122 ius
1111 3083 1520 3122 historico-naturale
1556 3115 1562 3122 .

226 3154 314 3191 Art.
351 3164 388 3193 2.
444 3156 508 3195 De
542 3155 624 3194 fine
659 3156 836 3195 civitatis
885 3189 893 3197 .

290 3216 317 3270 ξ
357 3231 390 3260 1.
444 3221 592 3261 Falsae
627 3223 735 3262 circa
768 3223 894 3262 finem
929 3225 1101 3263 civitatis
1134 3225 1354 3276 opiniones
1387 3231 1658 3263 recensentur
1694 3231 1735 3262 et
1773 3238 1833 3264 re—

507 3291 690 3328 futantur
753 3322 760 3330 .

291 3349 317 3403 {⁴
352 3364 388 3391 2.
445 3355 553 3394 Vera
586 3357 793 3396 sententia
827 3357 1061 3409 explicatur

1933 257 2021 298 Pag.

1939 315 2023 358 259

1938 374 2020 426 265

1939 448 2023 498 276

1938 582 2023 633 284

1937 649 2022 689 288

1938 727 2017 768 301

1938 795 2022 836 303

1936 982 2020 1022 313

1937 1039 2021 1089 316

1935 1116 2021 1157 320

1933 1563 2017 1614 328

1933 1641 2018 1682 330

1931 1709 2015 1750 332

1931 1894 2016 1935 334

1931 1963 2017 2003 334

1931 2028 2012 2071 335

1932 2087 2015 2137 336

1931 2164 2015 2204 339

1931 2231 2010 2271 341

1931 2295 2014 2344 346

1930 2362 2013 2411 348

1929 2437 2013 2480 354

1927 2624 2010 2666 357

1927 2690 2010 2734 357

1927 2749 2011 2799 364

1927 2816 2008 2868 365

1926 2883 2010 2933 366

1926 2950 2008 3000 367

1926 3017 2011 3067 369

1926 3093 2008 3134 377

1925 3158 2010 3208 380

1925 3292 2003 3342 381

1923 3362 2005 3411 387
