<?xml version="1.0" encoding="UTF-8"?>
<!DOCTYPE html PUBLIC "-//W3C//DTD XHTML 1.0 Transitional//EN"
    "http://www.w3.org/TR/xhtml1/DTD/xhtml1-transitional.dtd">
<html xmlns="http://www.w3.org/1999/xhtml" xml:lang="en" lang="en">
 <head>
  <title>
</title>
<meta http-equiv="Content-Type" content="text/html;charset=utf-8" />
  <meta name='ocr-system' content='tesseract 3.04.00' />
  <meta name='ocr-capabilities' content='ocr_page ocr_carea ocr_par ocr_line ocrx_word'/>
</head>
<body>
  <div class='ocr_page' id='page_1' title='image "./philosophiamoral00cath_0138.png"; bbox 0 0 2182 3682; ppageno 0'>
   <div class='ocr_carea' id='block_1_1' title="bbox 207 186 1704 240">
    <p class='ocr_par' dir='ltr' id='par_1_1' title="bbox 207 186 1704 240">
     <span class='ocr_line' id='line_1_1' title="bbox 207 186 1704 240; baseline -0.002 -23"><span class='ocrx_word' id='word_1_1' title='bbox 207 192 306 240; x_wconf 74' lang='lat'>114</span> <span class='ocrx_word' id='word_1_2' title='bbox 603 188 718 216; x_wconf 85' lang='lat' dir='ltr'>PARS</span> <span class='ocrx_word' id='word_1_3' title='bbox 752 187 781 216; x_wconf 91' lang='lat'>1.</span> <span class='ocrx_word' id='word_1_4' title='bbox 833 187 1146 216; x_wconf 86' lang='lat' dir='ltr'>PHILOSOPHIA</span> <span class='ocrx_word' id='word_1_5' title='bbox 1181 186 1387 215; x_wconf 89' lang='lat' dir='ltr'>MORALIS</span> <span class='ocrx_word' id='word_1_6' title='bbox 1421 186 1704 215; x_wconf 88' lang='lat' dir='ltr'><strong>GENERALIS.</strong></span> 
     </span>
    </p>
   </div>
   <div class='ocr_carea' id='block_1_2' title="bbox 196 323 2109 1046">
    <p class='ocr_par' dir='ltr' id='par_1_2' title="bbox 196 323 2109 1046">
     <span class='ocr_line' id='line_1_2' title="bbox 197 323 2106 390; baseline -0.001 -16"><span class='ocrx_word' id='word_1_7' title='bbox 197 323 432 374; x_wconf 90' lang='lat' dir='ltr'>similiter</span> <span class='ocrx_word' id='word_1_8' title='bbox 471 332 647 374; x_wconf 91' lang='lat' dir='ltr'>autem</span> <span class='ocrx_word' id='word_1_9' title='bbox 701 325 902 374; x_wconf 89' lang='lat' dir='ltr'>bonum</span> <span class='ocrx_word' id='word_1_10' title='bbox 945 324 1187 384; x_wconf 88' lang='lat' dir='ltr'>rationis,</span> <span class='ocrx_word' id='word_1_11' title='bbox 1245 330 1404 388; x_wconf 91' lang='lat' dir='ltr'>prout</span> <span class='ocrx_word' id='word_1_12' title='bbox 1444 323 1659 389; x_wconf 91' lang='lat' dir='ltr'>ponitur</span> <span class='ocrx_word' id='word_1_13' title='bbox 1698 324 1750 373; x_wconf 92' lang='lat' dir='ltr'>in</span> <span class='ocrx_word' id='word_1_14' title='bbox 1791 324 2106 390; x_wconf 90' lang='lat' dir='ltr'>operationi-</span> 
     </span>
     <span class='ocr_line' id='line_1_3' title="bbox 197 404 2108 471; baseline 0 -16"><span class='ocrx_word' id='word_1_15' title='bbox 197 406 298 456; x_wconf 92' lang='lat' dir='ltr'>bus</span> <span class='ocrx_word' id='word_1_16' title='bbox 338 406 632 456; x_wconf 87' lang='lat' dir='ltr'>secundum</span> <span class='ocrx_word' id='word_1_17' title='bbox 676 407 934 456; x_wconf 88' lang='lat' dir='ltr'>rationem</span> <span class='ocrx_word' id='word_1_18' title='bbox 978 406 1105 455; x_wconf 88' lang='lat' dir='ltr'>recti</span> <span class='ocrx_word' id='word_1_19' title='bbox 1133 413 1186 454; x_wconf 93' lang='lat' dir='ltr'>et</span> <span class='ocrx_word' id='word_1_20' title='bbox 1223 404 1403 466; x_wconf 91' lang='lat' dir='ltr'>debiti,</span> <span class='ocrx_word' id='word_1_21' title='bbox 1446 405 1806 471; x_wconf 82' lang='lat' dir='ltr'>principaliter</span> <span class='ocrx_word' id='word_1_22' title='bbox 1845 405 2108 455; x_wconf 88' lang='lat' dir='ltr'>invenitur</span> 
     </span>
     <span class='ocr_line' id='line_1_4' title="bbox 196 486 2106 552; baseline 0 -15"><span class='ocrx_word' id='word_1_23' title='bbox 196 488 247 537; x_wconf 91' lang='lat' dir='ltr'>in</span> <span class='ocrx_word' id='word_1_24' title='bbox 290 489 799 538; x_wconf 82' lang='lat' dir='ltr'>commutationibus</span> <span class='ocrx_word' id='word_1_25' title='bbox 826 487 909 537; x_wconf 86' lang='lat' dir='ltr'>vel</span> <span class='ocrx_word' id='word_1_26' title='bbox 951 486 1426 547; x_wconf 80' lang='lat' dir='ltr'>distributionibus,</span> <span class='ocrx_word' id='word_1_27' title='bbox 1470 504 1606 552; x_wconf 89' lang='lat' dir='ltr'>quae</span> <span class='ocrx_word' id='word_1_28' title='bbox 1634 495 1758 537; x_wconf 89' lang='lat' dir='ltr'>sunt</span> <span class='ocrx_word' id='word_1_29' title='bbox 1786 487 1852 537; x_wconf 92' lang='lat' dir='ltr'>ad</span> <span class='ocrx_word' id='word_1_30' title='bbox 1882 487 2106 537; x_wconf 91' lang='lat' dir='ltr'>alterum</span> 
     </span>
     <span class='ocr_line' id='line_1_5' title="bbox 198 568 2106 636; baseline 0 -17"><span class='ocrx_word' id='word_1_31' title='bbox 198 587 321 619; x_wconf 90' lang='lat' dir='ltr'>cum</span> <span class='ocrx_word' id='word_1_32' title='bbox 372 570 706 636; x_wconf 78' lang='lat' dir='ltr'>aequalitate.</span> <span class='ocrx_word' id='word_1_33' title='bbox 798 570 1008 619; x_wconf 84' lang='lat' dir='ltr'>Bonum</span> <span class='ocrx_word' id='word_1_34' title='bbox 1060 577 1240 618; x_wconf 90' lang='lat' dir='ltr'>autem</span> <span class='ocrx_word' id='word_1_35' title='bbox 1293 568 1591 618; x_wconf 86' lang='lat' dir='ltr'>refrenandi</span> <span class='ocrx_word' id='word_1_36' title='bbox 1642 570 1918 635; x_wconf 87' lang='lat' dir='ltr'>passiones</span> <span class='ocrx_word' id='word_1_37' title='bbox 1971 570 2106 636; x_wconf 89' lang='lat' dir='ltr'>prin-</span> 
     </span>
     <span class='ocr_line' id='line_1_6' title="bbox 198 651 2109 719; baseline -0.001 -17"><span class='ocrx_word' id='word_1_38' title='bbox 198 652 436 719; x_wconf 90' lang='lat' dir='ltr'>cipaliter</span> <span class='ocrx_word' id='word_1_39' title='bbox 484 653 746 702; x_wconf 84' lang='lat' dir='ltr'>invenitur</span> <span class='ocrx_word' id='word_1_40' title='bbox 796 653 848 701; x_wconf 90' lang='lat' dir='ltr'>in</span> <span class='ocrx_word' id='word_1_41' title='bbox 900 651 1262 717; x_wconf 86' lang='lat' dir='ltr'>passionibus,</span> <span class='ocrx_word' id='word_1_42' title='bbox 1318 668 1451 717; x_wconf 84' lang='lat' dir='ltr'>quas</span> <span class='ocrx_word' id='word_1_43' title='bbox 1498 652 1731 701; x_wconf 80' lang='lat' dir='ltr'>maxime</span> <span class='ocrx_word' id='word_1_44' title='bbox 1772 651 1987 701; x_wconf 89' lang='lat' dir='ltr'>difficile</span> <span class='ocrx_word' id='word_1_45' title='bbox 2027 658 2109 701; x_wconf 89' lang='lat' dir='ltr'>est</span> 
     </span>
     <span class='ocr_line' id='line_1_7' title="bbox 198 733 2106 801; baseline -0.001 -17"><span class='ocrx_word' id='word_1_46' title='bbox 198 735 497 801; x_wconf 84' lang='lat' dir='ltr'>reprimere,</span> <span class='ocrx_word' id='word_1_47' title='bbox 541 735 633 785; x_wconf 89' lang='lat' dir='ltr'>scl.</span> <span class='ocrx_word' id='word_1_48' title='bbox 678 735 730 784; x_wconf 92' lang='lat' dir='ltr'>in</span> <span class='ocrx_word' id='word_1_49' title='bbox 760 733 1208 783; x_wconf 86' lang='lat' dir='ltr'>delectationibus</span> <span class='ocrx_word' id='word_1_50' title='bbox 1249 741 1438 783; x_wconf 81' lang='lat' dir='ltr'>tactus,</span> <span class='ocrx_word' id='word_1_51' title='bbox 1494 733 1705 783; x_wconf 86' lang='lat' dir='ltr'>Bonum</span> <span class='ocrx_word' id='word_1_52' title='bbox 1732 741 1914 784; x_wconf 89' lang='lat' dir='ltr'>autem</span> <span class='ocrx_word' id='word_1_53' title='bbox 1953 733 2106 784; x_wconf 89' lang='lat' dir='ltr'>firmi-</span> 
     </span>
     <span class='ocr_line' id='line_1_8' title="bbox 196 816 2107 882; baseline -0.001 -16"><span class='ocrx_word' id='word_1_54' title='bbox 196 817 319 867; x_wconf 87' lang='lat' dir='ltr'>tatis</span> <span class='ocrx_word' id='word_1_55' title='bbox 360 818 428 866; x_wconf 88' lang='lat' dir='ltr'>ad</span> <span class='ocrx_word' id='word_1_56' title='bbox 469 817 719 867; x_wconf 90' lang='lat' dir='ltr'>standum</span> <span class='ocrx_word' id='word_1_57' title='bbox 749 817 800 866; x_wconf 91' lang='lat' dir='ltr'>in</span> <span class='ocrx_word' id='word_1_58' title='bbox 841 816 988 866; x_wconf 90' lang='lat' dir='ltr'>bono</span> <span class='ocrx_word' id='word_1_59' title='bbox 1030 816 1245 865; x_wconf 89' lang='lat' dir='ltr'>rationis</span> <span class='ocrx_word' id='word_1_60' title='bbox 1275 824 1461 865; x_wconf 90' lang='lat' dir='ltr'>contra</span> <span class='ocrx_word' id='word_1_61' title='bbox 1492 816 1755 882; x_wconf 88' lang='lat' dir='ltr'>impetum</span> <span class='ocrx_word' id='word_1_62' title='bbox 1796 816 2107 882; x_wconf 88' lang='lat' dir='ltr'>passionum</span> 
     </span>
     <span class='ocr_line' id='line_1_9' title="bbox 196 897 2108 965; baseline -0.001 -16"><span class='ocrx_word' id='word_1_63' title='bbox 196 900 482 965; x_wconf 85' lang='lat' dir='ltr'>praecipue</span> <span class='ocrx_word' id='word_1_64' title='bbox 536 899 797 949; x_wconf 83' lang='lat' dir='ltr'>invenitur</span> <span class='ocrx_word' id='word_1_65' title='bbox 851 899 902 947; x_wconf 91' lang='lat' dir='ltr'>in</span> <span class='ocrx_word' id='word_1_66' title='bbox 962 897 1208 964; x_wconf 89' lang='lat' dir='ltr'>periculis</span> <span class='ocrx_word' id='word_1_67' title='bbox 1264 899 1474 959; x_wconf 88' lang='lat' dir='ltr'>mortis,</span> <span class='ocrx_word' id='word_1_68' title='bbox 1539 906 1726 948; x_wconf 92' lang='lat' dir='ltr'>contra</span> <span class='ocrx_word' id='word_1_69' title='bbox 1781 914 1919 964; x_wconf 89' lang='lat' dir='ltr'>quae</span> <span class='ocrx_word' id='word_1_70' title='bbox 1976 897 2108 948; x_wconf 89' lang='lat' dir='ltr'>diffi-</span> 
     </span>
     <span class='ocr_line' id='line_1_10' title="bbox 198 979 1513 1046; baseline -0.001 -16"><span class='ocrx_word' id='word_1_71' title='bbox 198 981 450 1031; x_wconf 89' lang='lat' dir='ltr'>cillimum</span> <span class='ocrx_word' id='word_1_72' title='bbox 491 990 572 1031; x_wconf 93' lang='lat' dir='ltr'>est</span> <span class='ocrx_word' id='word_1_73' title='bbox 611 990 781 1031; x_wconf 80' lang='lat' dir='ltr'>stare»</span> <span class='ocrx_word' id='word_1_74' title='bbox 830 979 904 1045; x_wconf 76' lang='lat' dir='ltr'>(S.</span> <span class='ocrx_word' id='word_1_75' title='bbox 959 980 1143 1030; x_wconf 76' lang='lat' dir='ltr'>leem.</span> <span class='ocrx_word' id='word_1_76' title='bbox 1189 979 1218 1030; x_wconf 93' lang='lat' dir='ltr'>l.</span> <span class='ocrx_word' id='word_1_77' title='bbox 1266 998 1308 1031; x_wconf 91' lang='lat' dir='ltr'>c.</span> <span class='ocrx_word' id='word_1_78' title='bbox 1353 997 1396 1029; x_wconf 94' lang='lat' dir='ltr'>a.</span> <span class='ocrx_word' id='word_1_79' title='bbox 1445 982 1513 1046; x_wconf 86' lang='lat'>3).</span> 
     </span>
    </p>
   </div>
   <div class='ocr_carea' id='block_1_3' title="bbox 194 1097 2111 2317">
    <p class='ocr_par' dir='ltr' id='par_1_3' title="bbox 194 1097 2111 2317">
     <span class='ocr_line' id='line_1_11' title="bbox 204 1097 2108 1164; baseline 0 -16"><span class='ocrx_word' id='word_1_80' title='bbox 204 1110 345 1161; x_wconf 87' lang='lat'><strong>131.</strong></span> <span class='ocrx_word' id='word_1_81' title='bbox 427 1098 681 1164; x_wconf 85' lang='lat' dir='ltr'>Reliquas</span> <span class='ocrx_word' id='word_1_82' title='bbox 746 1099 962 1148; x_wconf 83' lang='lat' dir='ltr'>virtutes</span> <span class='ocrx_word' id='word_1_83' title='bbox 1025 1107 1082 1148; x_wconf 91' lang='lat' dir='ltr'>ut</span> <span class='ocrx_word' id='word_1_84' title='bbox 1145 1106 1324 1163; x_wconf 86' lang='lat' dir='ltr'>partes</span> <span class='ocrx_word' id='word_1_85' title='bbox 1380 1098 1448 1148; x_wconf 87' lang='lat' dir='ltr'>ad</span> <span class='ocrx_word' id='word_1_86' title='bbox 1505 1106 1759 1164; x_wconf 85' lang='lat' dir='ltr'>quattuor</span> <span class='ocrx_word' id='word_1_87' title='bbox 1812 1097 2108 1149; x_wconf 91' lang='lat' dir='ltr'>cardinales</span> 
     </span>
     <span class='ocr_line' id='line_1_12' title="bbox 197 1179 2108 1247; baseline -0.001 -16"><span class='ocrx_word' id='word_1_88' title='bbox 197 1182 432 1232; x_wconf 85' lang='lat' dir='ltr'>revocari</span> <span class='ocrx_word' id='word_1_89' title='bbox 487 1181 653 1230; x_wconf 92' lang='lat' dir='ltr'>modo</span> <span class='ocrx_word' id='word_1_90' title='bbox 711 1180 957 1230; x_wconf 74' lang='lat' dir='ltr'>diximus.</span> <span class='ocrx_word' id='word_1_91' title='bbox 1051 1180 1322 1246; x_wconf 80' lang='lat' dir='ltr'>Distingui</span> <span class='ocrx_word' id='word_1_92' title='bbox 1378 1179 1553 1230; x_wconf 91' lang='lat' dir='ltr'>solent</span> <span class='ocrx_word' id='word_1_93' title='bbox 1609 1181 1874 1230; x_wconf 88' lang='lat' dir='ltr'>eiusmodi</span> <span class='ocrx_word' id='word_1_94' title='bbox 1929 1189 2108 1247; x_wconf 92' lang='lat' dir='ltr'>partes</span> 
     </span>
     <span class='ocr_line' id='line_1_13' title="bbox 194 1262 2109 1328; baseline -0.001 -15"><span class='ocrx_word' id='word_1_95' title='bbox 194 1264 539 1325; x_wconf 65' lang='lat' dir='ltr'>subjectivae,</span> <span class='ocrx_word' id='word_1_96' title='bbox 597 1263 923 1328; x_wconf 68' lang='lat' dir='ltr'>integrales,</span> <span class='ocrx_word' id='word_1_97' title='bbox 969 1263 1307 1327; x_wconf 67' lang='lat' dir='ltr'>potentiales.</span> <span class='ocrx_word' id='word_1_98' title='bbox 1390 1262 1575 1312; x_wconf 80' lang='lat' dir='ltr'>Virtus</span> <span class='ocrx_word' id='word_1_99' title='bbox 1633 1263 1773 1312; x_wconf 87' lang='lat' dir='ltr'>enim</span> <span class='ocrx_word' id='word_1_100' title='bbox 1828 1262 2109 1313; x_wconf 90' lang='lat' dir='ltr'>cardinalis</span> 
     </span>
     <span class='ocr_line' id='line_1_14' title="bbox 196 1344 2109 1410; baseline -0.001 -15"><span class='ocrx_word' id='word_1_101' title='bbox 196 1345 323 1396; x_wconf 89' lang='lat' dir='ltr'>alias</span> <span class='ocrx_word' id='word_1_102' title='bbox 374 1347 592 1395; x_wconf 87' lang='lat' dir='ltr'>virtutes</span> <span class='ocrx_word' id='word_1_103' title='bbox 641 1346 742 1394; x_wconf 90' lang='lat' dir='ltr'>sub</span> <span class='ocrx_word' id='word_1_104' title='bbox 795 1362 853 1394; x_wconf 90' lang='lat' dir='ltr'>se</span> <span class='ocrx_word' id='word_1_105' title='bbox 906 1345 1178 1395; x_wconf 90' lang='lat' dir='ltr'>continere</span> <span class='ocrx_word' id='word_1_106' title='bbox 1230 1351 1412 1410; x_wconf 92' lang='lat' dir='ltr'>potest</span> <span class='ocrx_word' id='word_1_107' title='bbox 1463 1344 1653 1410; x_wconf 91' lang='lat' dir='ltr'>triplici</span> <span class='ocrx_word' id='word_1_108' title='bbox 1705 1346 1899 1396; x_wconf 90' lang='lat' dir='ltr'>modo:</span> <span class='ocrx_word' id='word_1_109' title='bbox 1953 1346 2005 1410; x_wconf 73' lang='lat' dir='ltr'>a&gt;</span> <span class='ocrx_word' id='word_1_110' title='bbox 2052 1353 2109 1394; x_wconf 91' lang='lat' dir='ltr'>ut</span> 
     </span>
     <span class='ocr_line' id='line_1_15' title="bbox 196 1427 2107 1494; baseline -0.001 -16"><span class='ocrx_word' id='word_1_111' title='bbox 196 1429 427 1494; x_wconf 87' lang='lat' dir='ltr'>species,</span> <span class='ocrx_word' id='word_1_112' title='bbox 485 1446 550 1478; x_wconf 92' lang='lat' dir='ltr'>eo</span> <span class='ocrx_word' id='word_1_113' title='bbox 593 1428 786 1488; x_wconf 90' lang='lat' dir='ltr'>modo,</span> <span class='ocrx_word' id='word_1_114' title='bbox 834 1445 941 1493; x_wconf 84' lang='lat' dir='ltr'>quo</span> <span class='ocrx_word' id='word_1_115' title='bbox 984 1444 1153 1493; x_wconf 83' lang='lat' dir='ltr'>genus</span> <span class='ocrx_word' id='word_1_116' title='bbox 1195 1427 1333 1476; x_wconf 90' lang='lat' dir='ltr'>bruti</span> <span class='ocrx_word' id='word_1_117' title='bbox 1376 1427 1476 1476; x_wconf 86' lang='lat' dir='ltr'>sub</span> <span class='ocrx_word' id='word_1_118' title='bbox 1518 1444 1575 1477; x_wconf 94' lang='lat' dir='ltr'>se</span> <span class='ocrx_word' id='word_1_119' title='bbox 1617 1428 1856 1478; x_wconf 90' lang='lat' dir='ltr'>continet</span> <span class='ocrx_word' id='word_1_120' title='bbox 1895 1427 2107 1478; x_wconf 89' lang='lat' dir='ltr'>leonem</span> 
     </span>
     <span class='ocr_line' id='line_1_16' title="bbox 196 1509 2108 1576; baseline -0.001 -16"><span class='ocrx_word' id='word_1_121' title='bbox 196 1520 249 1560; x_wconf 92' lang='lat' dir='ltr'>et</span> <span class='ocrx_word' id='word_1_122' title='bbox 289 1528 502 1576; x_wconf 84' lang='lat' dir='ltr'>equum,</span> <span class='ocrx_word' id='word_1_123' title='bbox 547 1517 600 1560; x_wconf 91' lang='lat' dir='ltr'>et</span> <span class='ocrx_word' id='word_1_124' title='bbox 641 1509 741 1559; x_wconf 91' lang='lat' dir='ltr'>hae</span> <span class='ocrx_word' id='word_1_125' title='bbox 781 1510 1000 1559; x_wconf 80' lang='lat' dir='ltr'>virtutes</span> <span class='ocrx_word' id='word_1_126' title='bbox 1037 1517 1296 1559; x_wconf 81' lang='lat' dir='ltr'>vocantur</span> <span class='ocrx_word' id='word_1_127' title='bbox 1324 1517 1520 1574; x_wconf 66' lang='lat' dir='ltr'>partes</span> <span class='ocrx_word' id='word_1_128' title='bbox 1557 1509 1878 1560; x_wconf 64' lang='lat' dir='ltr'>subjectivae</span> <span class='ocrx_word' id='word_1_129' title='bbox 1902 1510 2108 1560; x_wconf 87' lang='lat' dir='ltr'>virtutis</span> 
     </span>
     <span class='ocr_line' id='line_1_17' title="bbox 196 1592 2109 1659; baseline -0.001 -16"><span class='ocrx_word' id='word_1_130' title='bbox 196 1593 501 1655; x_wconf 90' lang='lat' dir='ltr'>cardinalis;</span> <span class='ocrx_word' id='word_1_131' title='bbox 557 1593 611 1657; x_wconf 84' lang='lat' dir='ltr'>b)</span> <span class='ocrx_word' id='word_1_132' title='bbox 653 1601 709 1641; x_wconf 89' lang='lat' dir='ltr'>ut</span> <span class='ocrx_word' id='word_1_133' title='bbox 749 1592 1008 1658; x_wconf 90' lang='lat' dir='ltr'>speciales</span> <span class='ocrx_word' id='word_1_134' title='bbox 1061 1592 1388 1653; x_wconf 89' lang='lat' dir='ltr'>functiones,</span> <span class='ocrx_word' id='word_1_135' title='bbox 1444 1592 1555 1642; x_wconf 89' lang='lat' dir='ltr'>sine</span> <span class='ocrx_word' id='word_1_136' title='bbox 1597 1593 1789 1658; x_wconf 86' lang='lat' dir='ltr'>quibus</span> <span class='ocrx_word' id='word_1_137' title='bbox 1841 1593 2109 1659; x_wconf 92' lang='lat' dir='ltr'>perfectus</span> 
     </span>
     <span class='ocr_line' id='line_1_18' title="bbox 195 1674 2110 1741; baseline -0.001 -16"><span class='ocrx_word' id='word_1_138' title='bbox 195 1676 398 1725; x_wconf 83' lang='lat' dir='ltr'>virtutis</span> <span class='ocrx_word' id='word_1_139' title='bbox 440 1674 718 1725; x_wconf 90' lang='lat' dir='ltr'>cardinalis</span> <span class='ocrx_word' id='word_1_140' title='bbox 760 1683 909 1724; x_wconf 86' lang='lat' dir='ltr'>actus</span> <span class='ocrx_word' id='word_1_141' title='bbox 950 1691 1058 1724; x_wconf 90' lang='lat' dir='ltr'>non</span> <span class='ocrx_word' id='word_1_142' title='bbox 1099 1674 1339 1734; x_wconf 87' lang='lat' dir='ltr'>habetur,</span> <span class='ocrx_word' id='word_1_143' title='bbox 1385 1683 1442 1724; x_wconf 91' lang='lat' dir='ltr'>ut</span> <span class='ocrx_word' id='word_1_144' title='bbox 1483 1693 1528 1725; x_wconf 85' lang='lat' dir='ltr'>v.</span> <span class='ocrx_word' id='word_1_145' title='bbox 1562 1692 1611 1741; x_wconf 81' lang='lat' dir='ltr'>g.</span> <span class='ocrx_word' id='word_1_146' title='bbox 1656 1675 1822 1724; x_wconf 79' lang='lat' dir='ltr'>iudex</span> <span class='ocrx_word' id='word_1_147' title='bbox 1860 1676 1929 1725; x_wconf 92' lang='lat' dir='ltr'>ad</span> <span class='ocrx_word' id='word_1_148' title='bbox 1970 1676 2110 1725; x_wconf 93' lang='lat' dir='ltr'>bene</span> 
     </span>
     <span class='ocr_line' id='line_1_19' title="bbox 197 1756 2109 1818; baseline 0 -11"><span class='ocrx_word' id='word_1_149' title='bbox 197 1757 470 1807; x_wconf 90' lang='lat' dir='ltr'>ferendam</span> <span class='ocrx_word' id='word_1_150' title='bbox 521 1758 837 1807; x_wconf 86' lang='lat' dir='ltr'>sententiam</span> <span class='ocrx_word' id='word_1_151' title='bbox 892 1757 1056 1806; x_wconf 90' lang='lat' dir='ltr'>debet</span> <span class='ocrx_word' id='word_1_152' title='bbox 1108 1756 1305 1806; x_wconf 88' lang='lat' dir='ltr'>habere</span> <span class='ocrx_word' id='word_1_153' title='bbox 1357 1766 1720 1818; x_wconf 84' lang='lat' dir='ltr'>accusatoreS‚</span> <span class='ocrx_word' id='word_1_154' title='bbox 1776 1766 1966 1818; x_wconf 90' lang='lat' dir='ltr'>testes,</span> <span class='ocrx_word' id='word_1_155' title='bbox 2021 1775 2109 1807; x_wconf 84' lang='lat' dir='ltr'>eX-</span> 
     </span>
     <span class='ocr_line' id='line_1_20' title="bbox 195 1838 2111 1905; baseline -0.001 -16"><span class='ocrx_word' id='word_1_156' title='bbox 195 1849 468 1890; x_wconf 89' lang='lat' dir='ltr'>secutores</span> <span class='ocrx_word' id='word_1_157' title='bbox 524 1848 653 1900; x_wconf 88' lang='lat' dir='ltr'>etc.‚</span> <span class='ocrx_word' id='word_1_158' title='bbox 717 1848 769 1888; x_wconf 90' lang='lat' dir='ltr'>et</span> <span class='ocrx_word' id='word_1_159' title='bbox 829 1838 929 1888; x_wconf 89' lang='lat' dir='ltr'>hae</span> <span class='ocrx_word' id='word_1_160' title='bbox 984 1839 1205 1888; x_wconf 78' lang='lat' dir='ltr'>virtutes</span> <span class='ocrx_word' id='word_1_161' title='bbox 1262 1849 1520 1889; x_wconf 79' lang='lat' dir='ltr'>vocantur</span> <span class='ocrx_word' id='word_1_162' title='bbox 1579 1848 1756 1905; x_wconf 89' lang='lat' dir='ltr'>partes</span> <span class='ocrx_word' id='word_1_163' title='bbox 1811 1839 2111 1905; x_wconf 68' lang='lat' dir='ltr'>integrales</span> 
     </span>
     <span class='ocr_line' id='line_1_21' title="bbox 194 1921 2108 1988; baseline -0.001 -16"><span class='ocrx_word' id='word_1_164' title='bbox 194 1923 401 1972; x_wconf 81' lang='lat' dir='ltr'>virtutis</span> <span class='ocrx_word' id='word_1_165' title='bbox 454 1921 755 1983; x_wconf 86' lang='lat' dir='ltr'>cardinalis;</span> <span class='ocrx_word' id='word_1_166' title='bbox 812 1922 861 1985; x_wconf 77' lang='lat' dir='ltr'>c&gt;</span> <span class='ocrx_word' id='word_1_167' title='bbox 904 1929 959 1970; x_wconf 87' lang='lat' dir='ltr'>ut</span> <span class='ocrx_word' id='word_1_168' title='bbox 1012 1922 1229 1971; x_wconf 82' lang='lat' dir='ltr'>virtutes</span> <span class='ocrx_word' id='word_1_169' title='bbox 1282 1939 1544 1983; x_wconf 77' lang='lat' dir='ltr'>annexas,</span> <span class='ocrx_word' id='word_1_170' title='bbox 1601 1938 1738 1987; x_wconf 87' lang='lat' dir='ltr'>quae</span> <span class='ocrx_word' id='word_1_171' title='bbox 1778 1922 1847 1972; x_wconf 92' lang='lat' dir='ltr'>ad</span> <span class='ocrx_word' id='word_1_172' title='bbox 1901 1922 2108 1988; x_wconf 87' lang='lat' dir='ltr'>aliquos</span> 
     </span>
     <span class='ocr_line' id='line_1_22' title="bbox 195 2004 2111 2070; baseline -0.001 -15"><span class='ocrx_word' id='word_1_173' title='bbox 195 2013 346 2055; x_wconf 88' lang='lat' dir='ltr'>actus</span> <span class='ocrx_word' id='word_1_174' title='bbox 386 2004 732 2054; x_wconf 87' lang='lat' dir='ltr'>secundarios</span> <span class='ocrx_word' id='word_1_175' title='bbox 774 2004 1083 2053; x_wconf 87' lang='lat' dir='ltr'>ordinantur</span> <span class='ocrx_word' id='word_1_176' title='bbox 1123 2012 1175 2053; x_wconf 91' lang='lat' dir='ltr'>et</span> <span class='ocrx_word' id='word_1_177' title='bbox 1216 2005 1625 2070; x_wconf 80' lang='lat' dir='ltr'>quodammodo</span> <span class='ocrx_word' id='word_1_178' title='bbox 1655 2021 1763 2054; x_wconf 93' lang='lat' dir='ltr'>non</span> <span class='ocrx_word' id='word_1_179' title='bbox 1804 2011 1975 2054; x_wconf 91' lang='lat' dir='ltr'>totam</span> <span class='ocrx_word' id='word_1_180' title='bbox 2002 2004 2111 2053; x_wconf 88' lang='lat' dir='ltr'>vim</span> 
     </span>
     <span class='ocr_line' id='line_1_23' title="bbox 194 2086 2110 2153; baseline -0.001 -16"><span class='ocrx_word' id='word_1_181' title='bbox 194 2087 399 2137; x_wconf 72' lang='lat' dir='ltr'>virtutis</span> <span class='ocrx_word' id='word_1_182' title='bbox 427 2086 731 2153; x_wconf 87' lang='lat' dir='ltr'>principalis</span> <span class='ocrx_word' id='word_1_183' title='bbox 760 2086 977 2147; x_wconf 89' lang='lat' dir='ltr'>habent,</span> <span class='ocrx_word' id='word_1_184' title='bbox 1021 2094 1074 2136; x_wconf 89' lang='lat' dir='ltr'>et</span> <span class='ocrx_word' id='word_1_185' title='bbox 1101 2086 1202 2136; x_wconf 90' lang='lat' dir='ltr'>hae</span> <span class='ocrx_word' id='word_1_186' title='bbox 1230 2087 1447 2136; x_wconf 85' lang='lat' dir='ltr'>virtutes</span> <span class='ocrx_word' id='word_1_187' title='bbox 1475 2094 1738 2137; x_wconf 86' lang='lat' dir='ltr'>vocantur</span> <span class='ocrx_word' id='word_1_188' title='bbox 1766 2086 2110 2152; x_wconf 73' lang='lat' dir='ltr'>potentiales,</span> 
     </span>
     <span class='ocr_line' id='line_1_24' title="bbox 196 2169 2111 2235; baseline -0.001 -16"><span class='ocrx_word' id='word_1_189' title='bbox 196 2186 260 2219; x_wconf 92' lang='lat' dir='ltr'>eo</span> <span class='ocrx_word' id='word_1_190' title='bbox 313 2169 506 2230; x_wconf 90' lang='lat' dir='ltr'>modo,</span> <span class='ocrx_word' id='word_1_191' title='bbox 566 2187 676 2235; x_wconf 85' lang='lat' dir='ltr'>quo</span> <span class='ocrx_word' id='word_1_192' title='bbox 730 2169 1096 2234; x_wconf 68' lang='lat' dir='ltr'>vegetativum</span> <span class='ocrx_word' id='word_1_193' title='bbox 1148 2177 1200 2218; x_wconf 93' lang='lat' dir='ltr'>et</span> <span class='ocrx_word' id='word_1_194' title='bbox 1255 2170 1565 2219; x_wconf 81' lang='lat' dir='ltr'>sensitivum</span> <span class='ocrx_word' id='word_1_195' title='bbox 1616 2178 1877 2219; x_wconf 83' lang='lat' dir='ltr'>vocantur</span> <span class='ocrx_word' id='word_1_196' title='bbox 1931 2177 2111 2235; x_wconf 89' lang='lat' dir='ltr'>partes</span> 
     </span>
     <span class='ocr_line' id='line_1_25' title="bbox 195 2250 1506 2317; baseline 0 -15"><span class='ocrx_word' id='word_1_197' title='bbox 195 2253 402 2302; x_wconf 89' lang='lat' dir='ltr'>animae</span> <span class='ocrx_word' id='word_1_198' title='bbox 442 2251 711 2301; x_wconf 91' lang='lat' dir='ltr'>rationalis</span> <span class='ocrx_word' id='word_1_199' title='bbox 752 2250 826 2315; x_wconf 75' lang='lat' dir='ltr'>(S.</span> <span class='ocrx_word' id='word_1_200' title='bbox 884 2251 1071 2301; x_wconf 73' lang='lat' dir='ltr'>leom.</span> <span class='ocrx_word' id='word_1_201' title='bbox 1118 2265 1163 2313; x_wconf 83' lang='lat'>2,</span> <span class='ocrx_word' id='word_1_202' title='bbox 1211 2265 1257 2313; x_wconf 85' lang='lat'>2,</span> <span class='ocrx_word' id='word_1_203' title='bbox 1302 2269 1352 2317; x_wconf 83' lang='lat' dir='ltr'>q.</span> <span class='ocrx_word' id='word_1_204' title='bbox 1397 2253 1506 2315; x_wconf 79' lang='lat'>48).</span> 
     </span>
    </p>
   </div>
   <div class='ocr_carea' id='block_1_4' title="bbox 663 2397 1635 2451">
    <p class='ocr_par' dir='ltr' id='par_1_4' title="bbox 663 2397 1635 2451">
     <span class='ocr_line' id='line_1_26' title="bbox 663 2397 1635 2451; baseline 0.002 -13"><span class='ocrx_word' id='word_1_205' title='bbox 663 2397 690 2451; x_wconf 60' lang='grc' dir='ltr'>ξ</span> <span class='ocrx_word' id='word_1_206' title='bbox 726 2411 763 2439; x_wconf 90' lang='lat'>2.</span> <span class='ocrx_word' id='word_1_207' title='bbox 815 2400 895 2438; x_wconf 87' lang='lat' dir='ltr'>DE</span> <span class='ocrx_word' id='word_1_208' title='bbox 929 2400 1237 2440; x_wconf 66' lang='lat' dir='ltr'><strong>VIRTUTUM</strong></span> <span class='ocrx_word' id='word_1_209' title='bbox 1272 2400 1635 2440; x_wconf 81' lang='lat' dir='ltr'><strong>CONEXIONE.</strong></span> 
     </span>
    </p>
   </div>
   <div class='ocr_carea' id='block_1_5' title="bbox 924 2510 1378 2559">
    <p class='ocr_par' dir='ltr' id='par_1_5' title="bbox 924 2510 1378 2559">
     <span class='ocr_line' id='line_1_27' title="bbox 924 2510 1378 2559; baseline 0.002 -1"><span class='ocrx_word' id='word_1_210' title='bbox 924 2510 974 2558; x_wconf 90' lang='lat' dir='ltr'>T</span> <span class='ocrx_word' id='word_1_211' title='bbox 979 2511 1193 2559; x_wconf 90' lang='lat' dir='ltr'>HESIS</span> <span class='ocrx_word' id='word_1_212' title='bbox 1229 2512 1378 2559; x_wconf 90' lang='lat' dir='ltr'><strong>XXI.</strong></span> 
     </span>
    </p>
   </div>
   <div class='ocr_carea' id='block_1_6' title="bbox 194 2606 2107 2817">
    <p class='ocr_par' dir='ltr' id='par_1_6' title="bbox 194 2606 2107 2817">
     <span class='ocr_line' id='line_1_28' title="bbox 204 2606 2106 2668; baseline 0.001 -15"><span class='ocrx_word' id='word_1_213' title='bbox 204 2609 346 2660; x_wconf 87' lang='lat'><strong>132.</strong></span> <span class='ocrx_word' id='word_1_214' title='bbox 430 2606 682 2655; x_wconf 88' lang='lat' dir='ltr'>Virtutes</span> <span class='ocrx_word' id='word_1_215' title='bbox 720 2608 996 2663; x_wconf 83' lang='lat' dir='ltr'>moraleS,</span> <span class='ocrx_word' id='word_1_216' title='bbox 1047 2622 1192 2668; x_wconf 88' lang='lat' dir='ltr'>quae</span> <span class='ocrx_word' id='word_1_217' title='bbox 1229 2609 1299 2654; x_wconf 88' lang='lat' dir='ltr'>ad</span> <span class='ocrx_word' id='word_1_218' title='bbox 1337 2622 1711 2656; x_wconf 88' lang='lat' dir='ltr'>communem</span> <span class='ocrx_word' id='word_1_219' title='bbox 1761 2621 1933 2654; x_wconf 88' lang='lat' dir='ltr'>usum</span> <span class='ocrx_word' id='word_1_220' title='bbox 1982 2621 2106 2668; x_wconf 89' lang='lat' dir='ltr'>per-</span> 
     </span>
     <span class='ocr_line' id='line_1_29' title="bbox 194 2681 2107 2742; baseline 0.001 -15"><span class='ocrx_word' id='word_1_221' title='bbox 194 2681 390 2737; x_wconf 87' lang='lat' dir='ltr'>tinent,</span> <span class='ocrx_word' id='word_1_222' title='bbox 429 2681 504 2728; x_wconf 89' lang='lat' dir='ltr'>ita</span> <span class='ocrx_word' id='word_1_223' title='bbox 539 2681 686 2728; x_wconf 88' lang='lat' dir='ltr'>inter</span> <span class='ocrx_word' id='word_1_224' title='bbox 722 2696 784 2729; x_wconf 91' lang='lat' dir='ltr'>se</span> <span class='ocrx_word' id='word_1_225' title='bbox 822 2683 1145 2736; x_wconf 87' lang='lat' dir='ltr'>cohaerent,</span> <span class='ocrx_word' id='word_1_226' title='bbox 1186 2689 1247 2729; x_wconf 89' lang='lat' dir='ltr'>ut</span> <span class='ocrx_word' id='word_1_227' title='bbox 1284 2697 1399 2729; x_wconf 90' lang='lat' dir='ltr'>una</span> <span class='ocrx_word' id='word_1_228' title='bbox 1431 2682 1553 2729; x_wconf 89' lang='lat' dir='ltr'>sine</span> <span class='ocrx_word' id='word_1_229' title='bbox 1580 2682 1701 2730; x_wconf 87' lang='lat' dir='ltr'>aliis</span> <span class='ocrx_word' id='word_1_230' title='bbox 1726 2681 1782 2729; x_wconf 92' lang='lat' dir='ltr'>in</span> <span class='ocrx_word' id='word_1_231' title='bbox 1808 2688 1957 2729; x_wconf 86' lang='lat' dir='ltr'>statu</span> <span class='ocrx_word' id='word_1_232' title='bbox 1982 2695 2107 2742; x_wconf 88' lang='lat' dir='ltr'>per-</span> 
     </span>
     <span class='ocr_line' id='line_1_30' title="bbox 195 2755 877 2817; baseline 0.003 -16"><span class='ocrx_word' id='word_1_233' title='bbox 195 2755 342 2803; x_wconf 89' lang='lat' dir='ltr'>fecto</span> <span class='ocrx_word' id='word_1_234' title='bbox 383 2755 579 2803; x_wconf 90' lang='lat' dir='ltr'>haberi</span> <span class='ocrx_word' id='word_1_235' title='bbox 618 2763 877 2817; x_wconf 90' lang='lat' dir='ltr'>nequeat.</span> 
     </span>
    </p>
   </div>
   <div class='ocr_carea' id='block_1_7' title="bbox 406 2849 1895 2905">
    <p class='ocr_par' dir='ltr' id='par_1_7' title="bbox 406 2849 1895 2905">
     <span class='ocr_line' id='line_1_31' title="bbox 406 2849 1895 2905; baseline 0.002 -15"><span class='ocrx_word' id='word_1_236' title='bbox 406 2849 470 2902; x_wconf 78' lang='lat' dir='ltr'>(S.</span> <span class='ocrx_word' id='word_1_237' title='bbox 512 2854 651 2892; x_wconf 75' lang='lat' dir='ltr'>Tlmm.</span> <span class='ocrx_word' id='word_1_238' title='bbox 694 2865 726 2901; x_wconf 91' lang='lat'>1,</span> <span class='ocrx_word' id='word_1_239' title='bbox 765 2863 802 2901; x_wconf 88' lang='lat'>2,</span> <span class='ocrx_word' id='word_1_240' title='bbox 838 2868 876 2905; x_wconf 86' lang='lat' dir='ltr'>q.</span> <span class='ocrx_word' id='word_1_241' title='bbox 915 2854 981 2904; x_wconf 82' lang='lat'>65,</span> <span class='ocrx_word' id='word_1_242' title='bbox 1019 2868 1054 2893; x_wconf 87' lang='lat' dir='ltr'>a.</span> <span class='ocrx_word' id='word_1_243' title='bbox 1095 2864 1140 2901; x_wconf 82' lang='lat'>13</span> <span class='ocrx_word' id='word_1_244' title='bbox 1176 2853 1243 2892; x_wconf 91' lang='lat' dir='ltr'>De</span> <span class='ocrx_word' id='word_1_245' title='bbox 1275 2852 1495 2892; x_wconf 83' lang='lat' dir='ltr'>virtutibus</span> <span class='ocrx_word' id='word_1_246' title='bbox 1529 2854 1726 2893; x_wconf 86' lang='lat' dir='ltr'>cardinal.</span> <span class='ocrx_word' id='word_1_247' title='bbox 1762 2868 1797 2893; x_wconf 89' lang='lat' dir='ltr'>a.</span> <span class='ocrx_word' id='word_1_248' title='bbox 1834 2850 1895 2905; x_wconf 87' lang='lat'>2.)</span> 
     </span>
    </p>
   </div>
   <div class='ocr_carea' id='block_1_8' title="bbox 195 2943 2107 3407">
    <p class='ocr_par' dir='ltr' id='par_1_8' title="bbox 195 2943 2107 3407">
     <span class='ocr_line' id='line_1_32' title="bbox 273 2943 2107 3014; baseline 0.001 -19"><span class='ocrx_word' id='word_1_249' title='bbox 273 2943 362 2996; x_wconf 81' lang='lat' dir='ltr'>St.</span> <span class='ocrx_word' id='word_1_250' title='bbox 408 2944 484 3012; x_wconf 80' lang='lat' dir='ltr'>Q.</span> <span class='ocrx_word' id='word_1_251' title='bbox 552 2947 873 3013; x_wconf 89' lang='lat' dir='ltr'>Imperfecta</span> <span class='ocrx_word' id='word_1_252' title='bbox 914 2948 1103 2998; x_wconf 88' lang='lat' dir='ltr'>dicitur</span> <span class='ocrx_word' id='word_1_253' title='bbox 1143 2948 1319 3014; x_wconf 87' lang='lat' dir='ltr'>aliqua</span> <span class='ocrx_word' id='word_1_254' title='bbox 1357 2947 1535 3008; x_wconf 87' lang='lat' dir='ltr'>virtus,</span> <span class='ocrx_word' id='word_1_255' title='bbox 1579 2947 1663 2997; x_wconf 85' lang='lat' dir='ltr'>vel</span> <span class='ocrx_word' id='word_1_256' title='bbox 1705 2949 1828 3013; x_wconf 87' lang='lat' dir='ltr'>quia</span> <span class='ocrx_word' id='word_1_257' title='bbox 1867 2948 2107 2998; x_wconf 87' lang='lat' dir='ltr'>consistit</span> 
     </span>
     <span class='ocr_line' id='line_1_33' title="bbox 195 3027 2105 3095; baseline 0.002 -19"><span class='ocrx_word' id='word_1_258' title='bbox 195 3027 247 3076; x_wconf 90' lang='lat' dir='ltr'>in</span> <span class='ocrx_word' id='word_1_259' title='bbox 288 3045 431 3078; x_wconf 90' lang='lat' dir='ltr'>mera</span> <span class='ocrx_word' id='word_1_260' title='bbox 458 3028 636 3095; x_wconf 85' lang='lat' dir='ltr'>aliqua</span> <span class='ocrx_word' id='word_1_261' title='bbox 663 3028 1004 3080; x_wconf 89' lang='lat' dir='ltr'>inclinatione</span> <span class='ocrx_word' id='word_1_262' title='bbox 1032 3030 1257 3080; x_wconf 91' lang='lat' dir='ltr'>naturali</span> <span class='ocrx_word' id='word_1_263' title='bbox 1286 3030 1353 3079; x_wconf 91' lang='lat' dir='ltr'>ad</span> <span class='ocrx_word' id='word_1_264' title='bbox 1383 3036 1588 3080; x_wconf 89' lang='lat' dir='ltr'>certum</span> <span class='ocrx_word' id='word_1_265' title='bbox 1629 3045 1799 3094; x_wconf 82' lang='lat' dir='ltr'>genus</span> <span class='ocrx_word' id='word_1_266' title='bbox 1838 3029 2105 3079; x_wconf 87' lang='lat' dir='ltr'>bonorum</span> 
     </span>
     <span class='ocr_line' id='line_1_34' title="bbox 197 3110 2106 3178; baseline 0.002 -20"><span class='ocrx_word' id='word_1_267' title='bbox 197 3127 448 3175; x_wconf 88' lang='lat' dir='ltr'>operum,</span> <span class='ocrx_word' id='word_1_268' title='bbox 502 3129 548 3161; x_wconf 87' lang='lat' dir='ltr'>v.</span> <span class='ocrx_word' id='word_1_269' title='bbox 595 3128 644 3176; x_wconf 83' lang='lat' dir='ltr'>g.</span> <span class='ocrx_word' id='word_1_270' title='bbox 689 3113 757 3161; x_wconf 90' lang='lat' dir='ltr'>ad</span> <span class='ocrx_word' id='word_1_271' title='bbox 806 3111 1202 3173; x_wconf 76' lang='lat' dir='ltr'>liberalitatem,</span> <span class='ocrx_word' id='word_1_272' title='bbox 1258 3129 1397 3178; x_wconf 87' lang='lat' dir='ltr'>quae</span> <span class='ocrx_word' id='word_1_273' title='bbox 1437 3111 1590 3161; x_wconf 88' lang='lat' dir='ltr'>alicui</span> <span class='ocrx_word' id='word_1_274' title='bbox 1628 3111 1677 3160; x_wconf 85' lang='lat' dir='ltr'>vi</span> <span class='ocrx_word' id='word_1_275' title='bbox 1718 3110 1913 3161; x_wconf 90' lang='lat' dir='ltr'>indolis</span> <span class='ocrx_word' id='word_1_276' title='bbox 1951 3111 2106 3161; x_wconf 91' lang='lat' dir='ltr'>insita</span> 
     </span>
     <span class='ocr_line' id='line_1_35' title="bbox 197 3192 2106 3260; baseline 0.002 -20"><span class='ocrx_word' id='word_1_277' title='bbox 197 3200 291 3252; x_wconf 91' lang='lat' dir='ltr'>est,</span> <span class='ocrx_word' id='word_1_278' title='bbox 335 3192 434 3253; x_wconf 89' lang='lat' dir='ltr'>vel,</span> <span class='ocrx_word' id='word_1_279' title='bbox 477 3194 522 3242; x_wconf 90' lang='lat' dir='ltr'>si</span> <span class='ocrx_word' id='word_1_280' title='bbox 559 3193 625 3242; x_wconf 91' lang='lat' dir='ltr'>sit</span> <span class='ocrx_word' id='word_1_281' title='bbox 665 3193 830 3243; x_wconf 78' lang='lat' dir='ltr'>virtus</span> <span class='ocrx_word' id='word_1_282' title='bbox 871 3195 1141 3260; x_wconf 87' lang='lat' dir='ltr'>acquisita,</span> <span class='ocrx_word' id='word_1_283' title='bbox 1187 3194 1311 3260; x_wconf 87' lang='lat' dir='ltr'>quia</span> <span class='ocrx_word' id='word_1_284' title='bbox 1351 3202 1431 3244; x_wconf 92' lang='lat' dir='ltr'>est</span> <span class='ocrx_word' id='word_1_285' title='bbox 1470 3194 1521 3243; x_wconf 89' lang='lat' dir='ltr'>in</span> <span class='ocrx_word' id='word_1_286' title='bbox 1549 3202 1690 3243; x_wconf 91' lang='lat' dir='ltr'>statu</span> <span class='ocrx_word' id='word_1_287' title='bbox 1718 3193 2023 3243; x_wconf 91' lang='lat' dir='ltr'>incohativo</span> <span class='ocrx_word' id='word_1_288' title='bbox 2052 3201 2106 3243; x_wconf 92' lang='lat' dir='ltr'>et</span> 
     </span>
     <span class='ocr_line' id='line_1_36' title="bbox 198 3273 2103 3341; baseline 0.002 -20"><span class='ocrx_word' id='word_1_289' title='bbox 198 3273 476 3339; x_wconf 89' lang='lat' dir='ltr'>dispositio</span> <span class='ocrx_word' id='word_1_290' title='bbox 517 3274 738 3336; x_wconf 85' lang='lat' dir='ltr'>infirma,</span> <span class='ocrx_word' id='word_1_291' title='bbox 782 3293 921 3341; x_wconf 84' lang='lat' dir='ltr'>quae</span> <span class='ocrx_word' id='word_1_292' title='bbox 961 3293 1070 3325; x_wconf 93' lang='lat' dir='ltr'>non</span> <span class='ocrx_word' id='word_1_293' title='bbox 1111 3276 1293 3326; x_wconf 90' lang='lat' dir='ltr'>tribuit</span> <span class='ocrx_word' id='word_1_294' title='bbox 1335 3275 1638 3326; x_wconf 81' lang='lat' dir='ltr'>facultatem</span> <span class='ocrx_word' id='word_1_295' title='bbox 1681 3276 1860 3325; x_wconf 89' lang='lat' dir='ltr'>omnia</span> <span class='ocrx_word' id='word_1_296' title='bbox 1886 3275 2103 3341; x_wconf 91' lang='lat' dir='ltr'>impedi-</span> 
     </span>
     <span class='ocr_line' id='line_1_37' title="bbox 197 3357 1024 3407; baseline 0.002 -4"><span class='ocrx_word' id='word_1_297' title='bbox 197 3364 376 3404; x_wconf 90' lang='lat' dir='ltr'>menta</span> <span class='ocrx_word' id='word_1_298' title='bbox 418 3365 724 3406; x_wconf 89' lang='lat' dir='ltr'>constanter</span> <span class='ocrx_word' id='word_1_299' title='bbox 762 3357 1024 3407; x_wconf 85' lang='lat' dir='ltr'>vincendi.</span> 
     </span>
    </p>
   </div>
  </div>
 </body>
</html>
