2182 3682
228 149 327 199 130
629 144 742 172 PARS
777 145 805 173 Ι.
858 144 1173 173 PHILOSOPHIA
1208 143 1410 172 MORALIS
1445 144 1725 175 GENERALIS.

220 292 273 331 et
325 282 416 347 qui
466 290 688 331 vocatur
740 290 1025 346 zmpcrznm
1079 281 1148 345 (n.
1208 291 1303 344 35,
1364 280 1430 343 5).
1511 279 1569 328 In
1623 279 1729 330 hoc
1776 279 1963 331 ultimo
2004 289 2128 332 actu

221 361 586 440 formalissime
636 363 723 413 lex
768 364 1058 413 consistere
1100 362 1322 423 videtur,
1365 362 1622 428 supponit
1664 370 1844 412 tamen
1887 363 2133 413 essentia-

221 445 337 495 liter
388 454 567 495 actum
609 444 925 506 voluntatis,
980 462 1010 494 a
1063 461 1169 510 quo
1211 452 1383 494 totam
1424 460 1575 493 suam
1615 443 1910 494 efficaciam
1950 444 2128 495 habet.

231 574 372 628 150.
454 580 501 628 4.
546 564 601 614 A
630 564 750 630 lege
791 562 979 614 morali
1018 580 1177 613 sensu
1219 563 1453 628 propri0‚
1498 579 1662 628 quam
1701 579 1862 629 supra
1902 562 2133 613 definivi-

222 664 354 707 mus,
387 647 557 713 probe
587 646 998 712 distinguendae
1025 651 1150 695 sunt
1179 644 1325 710 leges
1354 645 1592 694 morales
1621 645 1920 710 improprie
1941 645 2132 707 dictae,

223 730 291 778 de
342 729 533 795 quibus
585 730 635 778 in
676 727 884 793 Logica
925 728 990 792 (v.
1037 744 1087 793 g.
1131 727 1183 776 in
1224 714 1537 793 quaestione
1588 727 1657 777 de
1698 727 2004 778 testimonio
2045 727 2134 777 hu-

222 811 402 874 mano)
444 812 630 877 agitur.
715 811 892 876 Leges
933 810 1075 859 enim
1116 808 1345 859 morales
1371 825 1530 859 sensu
1564 809 1782 876 proprio
1810 815 1934 859 sunt
1974 809 2134 859 dicta-

223 893 366 944 mina
415 895 682 960 practicae
724 893 967 953 rationiS,
1023 892 1217 958 quibus
1258 891 1500 958 superior
1538 891 1763 941 subditis
1803 890 2135 942 voluntatem

223 993 372 1026 suam
423 976 656 1037 intimat,
713 984 765 1025 et
817 991 952 1041 quae
1005 992 1113 1024 non
1165 974 1390 1024 influunt
1441 974 1491 1023 in
1531 973 1891 1033 voluntatem,
1947 973 2044 1023 nisi
2083 973 2135 1023 in

225 1067 486 1125 quantum
546 1067 668 1108 sunt
728 1057 993 1124 cognitae.
1082 1056 1260 1122 Leges
1320 1065 1500 1106 autem
1559 1054 1789 1105 morales
1846 1055 2136 1121 improprie

225 1141 398 1191 dictae
451 1145 517 1205 (v.
573 1157 622 1206 g.
678 1158 837 1190 nemo
895 1140 1057 1206 gratis
1111 1139 1372 1199 mendax,
1428 1155 1588 1188 nemo
1642 1137 1869 1188 libenter
1922 1137 2135 1201 fallitur)

225 1240 333 1273 non
374 1232 496 1273 sunt
536 1223 633 1273 nisi
674 1223 892 1289 quidam
933 1222 1130 1287 agendi
1171 1221 1320 1270 modi
1349 1228 1673 1281 constantes,
1718 1220 1809 1286 qui
1849 1237 1919 1269 ex
1952 1228 2137 1270 natura
2181 1249 2182 1262 2

223 1305 511 1356 voluntatis
552 1305 850 1355 necessario
893 1311 1204 1370 sequuntur.
1273 1303 1562 1368 Propterea
1602 1319 1777 1368 neque
1806 1302 2138 1368 praecipiunt

226 1405 399 1454 neque
450 1387 765 1455 prohibent,
820 1404 919 1436 nec
972 1395 1152 1452 potest
1203 1386 1254 1435 in
1307 1385 1366 1434 iis
1417 1402 1593 1434 sermo
1646 1401 1763 1434 esse
1815 1384 1884 1434 de
1926 1384 2135 1450 dispen-

226 1472 445 1521 satione.
528 1469 668 1520 Hinc
719 1469 901 1520 stricte
953 1468 1228 1534 loquendo
1278 1467 1545 1534 pertinent
1585 1466 1655 1516 ad
1695 1466 1843 1532 leges
1883 1465 2136 1533 physicas

225 1553 537 1613 voluntatiS,
594 1569 729 1619 quae
781 1551 956 1602 solum
1009 1549 1238 1600 morales
1288 1558 1551 1600 vocantur
1601 1557 1822 1616 propter
1874 1548 2134 1609 ordinem,

227 1653 387 1701 quem
427 1635 629 1685 habent
669 1635 737 1685 ad
780 1643 929 1685 actus
970 1633 1180 1683 liberos.

238 1771 309 1825 15
327 1773 377 1811 1.
452 1772 495 1825 5.
528 1761 817 1811 Dz'vz'diz‘ur
844 1761 937 1810 lex
973 1761 1019 1823 1)
1050 1759 1262 1809 ratione
1290 1758 1598 1823 affectuum:
1627 1758 1678 1807 in
1701 1757 2135 1824 praecipientem,

229 1844 608 1910 prohibentem
651 1844 989 1907 (vetantem),
1034 1841 1449 1908 permittentem,
1493 1840 1819 1906 punientem.
1863 1869 1934 1875 —
1974 1839 2165 1905 [θρὶξ-,-

229 1926 430 1992 cz'piens
470 1926 829 1990 (affirmativa)
870 1933 1092 1975 vocatur
1143 1923 1257 1984 lex,
1314 1932 1577 1990 quatenus
1629 1921 1834 1972 inducit
1873 1921 1940 1971 ad
1984 1938 2142 1989 quos-

231 2010 356 2059 dam
398 2016 549 2059 actus
589 2008 896 2075 ponendos;
930 2006 1231 2072 prohibens
1259 2005 1550 2071 (negativa)
1579 2022 1723 2066 vero,
1767 2012 2033 2070 quatenus
2072 2004 2141 2053 in-

232 2091 378 2141 ducit
418 2091 486 2141 ad
515 2091 781 2157 quosdam
810 2099 958 2140 actus
987 2088 1333 2139 omittendos,
1404 2086 1603 2137 Contra
1629 2086 1862 2153 priorem
1889 2094 2144 2153 peccatur

232 2174 546 2234 omissione,
602 2182 788 2223 contra
838 2172 1194 2239 posteriorum
1235 2170 1501 2238 positione
1541 2176 1707 2220 actus,
1789 2168 2012 2235 Propter
2052 2167 2143 2218 dif-

233 2255 507 2306 ferentiam
560 2256 811 2306 materiae
863 2255 1137 2320 utriusque
1190 2253 1323 2318 legis
1374 2251 1516 2302 valet
1568 2252 1810 2301 axioma:
1870 2250 1985 2316 lex
1989 2249 2144 2316 ‚affir-

234 2338 430 2408 mativa
470 2337 678 2404 obligat
717 2355 952 2404 semper,
997 2337 1092 2387 sed
1135 2353 1242 2385 non
1283 2335 1351 2385 ad
1395 2335 1536 2400 (pro)
1578 2349 1817 2402 semper;
1861 2331 1948 2383 lex
1988 2349 2144 2398 nega-

233 2421 341 2471 tixa
380 2438 592 2487 semper
632 2428 685 2471 et
713 2421 780 2470 ad
809 2437 1036 2486 semper.
1103 2417 1427 2468 Pctmzllens
1455 2417 1644 2466 dicitur
1659 2408 1760 2465 lex
1788 2432 1896 2465 non
1926 2422 2148 2482 propter

235 2502 405 2553 solam
454 2503 798 2569 negationem
851 2501 1195 2568 obligationis
1248 2507 1491 2566 respectu
1544 2499 1643 2559 rei,
1699 2513 1836 2564 quae
1889 2497 2146 2563 permissa

236 2593 482 2646 vocatur,
537 2586 633 2635 sed
686 2593 907 2651 propter
959 2584 1244 2650 positivam
1285 2580 1615 2631 voluntatem
1668 2579 1982 2646 superioris,
2040 2594 2163 2649 qua*

236 2667 360 2729 vult,
405 2676 463 2718 ut
504 2668 607 2718 hoc
648 2667 732 2717 vel
773 2666 902 2717 illud
944 2666 1259 2732 permissum
1299 2664 1380 2713 sit.
1449 2662 1601 2712 Haec
1630 2661 1908 2728 permissio
1935 2677 2147 2726 semper

238 2749 626 2816 obligationem
666 2749 870 2799 inducit
910 2766 1018 2798 non
1057 2746 1385 2813 impediendi
1425 2763 1562 2806 eum,
1607 2745 1690 2794 cui
1718 2743 1993 2810 permissio
2023 2742 2148 2792 data

240 2841 334 2882 est.
403 2831 636 2881 Puniens
666 2831 947 2898 (poenalis)
987 2830 1076 2880 lex
1103 2838 1342 2889 vocatur,
1387 2836 1652 2894 quatenus
1680 2825 1858 2887 efficit,
1902 2832 1960 2874 ut
1986 2832 2148 2874 trans-

242 2914 470 2980 gressori
511 2912 644 2980 legis
684 2913 883 2963 malum
919 2913 1204 2978 physicum
1233 2910 1514 2976 infligatur.
1582 2908 1704 2958 Lex
1732 2924 1880 2957 mere
1894 2905 2150 2973 poenalis

241 3004 321 3045 est
360 2995 469 3056 illa,
514 3012 652 3061 quae
692 3013 800 3045 non
841 2994 1085 3045 absolute
1125 2994 1225 3044 sub
1268 2991 1427 3059 culpa
1466 2991 1734 3041 actionem
1774 2988 2026 3056 prohibet
2063 2985 2147 3037 vel

242 3078 524 3143 praecipit,
580 3077 675 3127 sed
728 3078 796 3127 ad
851 3092 1083 3143 poenam
1136 3075 1342 3142 obligat
1392 3075 1443 3123 in
1484 3072 1800 3138 hypothesi,
1845 3069 1992 3136 quod
2033 3068 2149 3134 quis

242 3158 419 3225 legem
457 3158 684 3209 violasse
725 3158 1182 3225 deprehendatur3

320 3242 372 3305 2)
427 3241 636 3290 ratione
686 3240 992 3290 durationis
1042 3241 1094 3289 in
1146 3239 1322 3304 legem
1378 3245 1658 3288 aeternam
1714 3243 1767 3286 et
1822 3234 1973 3300 leges
2016 3239 2166 3303 tem-N

235 3322 462 3389 porales
513 3339 607 3372 seu
660 3323 709 3371 in
763 3329 1007 3389 tempore
1059 3320 1206 3372 latas,
1287 3321 1411 3370 Non
1464 3320 1636 3368 minus
1676 3333 1801 3368 vere
1840 3324 2019 3366 tamen
2060 3311 2164 3374 legg,
