2182 3682
199 234 264 270 22
603 231 717 260 PARS
751 230 781 260 I.
833 230 1148 260 PHILOSOPHIA
1181 230 1385 260 MORALIS
1421 213 1699 259 GENERALIS.

195 385 334 434 quae
386 368 433 417 ei
482 385 606 418 cum
646 368 815 419 brutis
856 377 937 418 est
978 368 1303 428 communis,
1357 368 1453 417 sed
1494 369 1547 436 in
1589 369 1899 434 operatione
1939 370 2103 436 partis

193 449 561 500 intellectivae.
643 451 806 500 Porro
847 452 1021 517 ipsum
1061 448 1372 515 intellegere
1413 467 1477 499 eo
1518 450 1806 516 perfectius
1846 459 1953 512 est,
1993 469 2100 517 quo

195 531 481 598 perfectius
522 542 603 583 est
631 534 919 593 obiectum,
965 532 1115 598 quod
1143 531 1482 597 intellegitur.
1553 530 1652 597 (Cf.
1686 532 1933 595 Aristeae,
1974 532 2098 585 Eth.

195 613 226 665 l.
278 629 319 676 Ι,
365 632 407 665 c.
454 627 501 679 7.
583 614 636 665 S.
692 614 895 676 Thomu,
941 613 997 664 C.
1042 622 1186 679 gent.
1231 613 1260 663 l.
1310 628 1355 677 3,
1400 631 1443 663 c.
1491 614 1599 678 25.)

205 746 300 799 18.
415 765 582 804 PARS
614 765 668 804 II.
732 765 829 803 Est
861 764 1098 803 obiectum
1134 764 1193 802 de
1227 775 1286 802 se
1320 762 1579 802 sufficiens
1613 764 1938 803 beatitudinis.

271 867 437 914 Prob.
523 866 674 937 Deus
715 866 783 915 de
823 883 880 915 se
921 864 1191 915 sufficiens
1232 874 1312 915 est
1353 865 1420 915 ad
1463 865 1735 915 beandum
1776 865 2103 921 intellectum

196 957 250 998 et
288 948 647 1010 voluntatem,
706 949 804 998 etsi
851 947 953 998 alia
992 948 1138 998 bona
1180 957 1357 998 creata
1398 948 1587 998 desint.
1671 946 1923 998 Continet
1963 949 2102 998 enim

197 1031 248 1080 in
288 1048 345 1080 se
387 1030 676 1081 formaliter
715 1030 798 1080 vel
840 1031 1135 1080 eminenter
1171 1048 1330 1080 omne
1360 1031 1562 1080 bonum
1593 1039 1646 1080 et
1673 1048 1873 1081 verum.
1935 1031 2108 1097 Atqui

197 1131 292 1180 per
342 1113 671 1164 intellectum
724 1122 777 1163 et
816 1113 1151 1163 voluntatem
1203 1113 1369 1163 homo
1421 1130 1571 1162 suam
1626 1113 1932 1163 felicitatem
1981 1131 2102 1163 con-

196 1196 445 1262 sequitur.
535 1197 690 1262 Ergo
732 1196 884 1246 Deus
936 1203 1017 1245 θεῖ
1069 1196 1342 1246 obiectum
1396 1197 1463 1245 de
1515 1213 1572 1245 se
1624 1195 1891 1246 sufficiens
1942 1197 2104 1246 beati-

196 1278 391 1328 tudinis
432 1278 711 1329 humanae.

271 1375 429 1426 Pa‘ob.
483 1377 611 1426 min.
691 1377 873 1444 Partes
925 1376 1065 1425 enim
1118 1375 1347 1424 hominis
1397 1375 1647 1425 sensitiva
1699 1382 1752 1425 et
1802 1376 2107 1441 vegetativa

198 1459 332 1524 parti
384 1458 635 1525 spirituali
678 1459 904 1525 positive
946 1458 1364 1507 subordinantur
1404 1475 1634 1524 eamque
1675 1458 1726 1507 in
1767 1458 2103 1524 assequenda

197 1542 525 1591 beatitudine
578 1550 854 1607 tamquam
906 1541 1258 1591 instrumenta
1310 1541 1488 1590 iuvare
1541 1541 1743 1590 debent
1784 1539 1859 1604 (S.
1914 1539 2099 1590 leom.

205 1639 245 1685 Ι,
291 1637 338 1685 2,
381 1642 431 1690 q.
467 1638 513 1684 2,
556 1640 600 1674 a.
639 1625 704 1687 5).
774 1624 912 1673 Nam
955 1624 1130 1673 variae
1171 1622 1289 1672 illae
1330 1623 1559 1672 hominis
1599 1623 1920 1683 tendentiae‚
1963 1623 2102 1673 adeo

195 1708 330 1756 inter
378 1724 434 1756 se
476 1707 714 1756 diversae
756 1707 808 1756 et
849 1724 1011 1772 saepe
1053 1707 1347 1755 contrariae
1387 1707 1455 1755 ad
1498 1706 1756 1755 unitatem
1796 1705 2102 1755 tendentiae

197 1788 365 1839 finalis
404 1790 591 1839 unitati
629 1790 852 1838 subiecti
882 1790 1089 1855 agentis
1117 1788 1604 1847 accommodatam,
1636 1788 1768 1838 uniri
1791 1788 2005 1838 debent.
2031 1818 2102 1821 —

195 1872 366 1937 Atqui
406 1871 522 1921 talis
574 1872 696 1921 unio
751 1871 891 1920 effici
942 1888 1049 1920 non
1102 1879 1296 1937 potest,
1349 1871 1444 1920 nisi
1484 1870 1756 1920 inferiores
1796 1870 2102 1920 tendentiae

196 1963 249 2004 et
313 1955 448 2004 vires
513 1954 770 2021 superiori
835 1954 1063 2019 positive
1129 1961 1187 2002 ut
1251 1954 1604 2002 instrumenta
1668 1953 2098 2002 subordinentur.

195 2037 306 2086 Iam
348 2054 501 2097 vero,
557 2038 705 2102 quod
759 2035 906 2086 alteri
958 2037 1029 2085 ita
1082 2053 1176 2102 per
1216 2053 1273 2085 se
1312 2036 1715 2095 subordinatur,
1772 2043 1831 2084 ut
1871 2052 1994 2085 cum
2035 2051 2100 2084 eo

196 2137 357 2169 unam
399 2128 640 2169 naturam
682 2136 773 2168 seu
815 2136 979 2168 unum
1021 2116 1354 2184 completum
1383 2118 1700 2184 principium
1729 2117 1951 2167 actionis
1979 2133 2101 2167 con-

195 2203 405 2263 stituat,
461 2203 693 2252 eundem
749 2219 867 2251 cum
910 2200 998 2250 illo
1042 2201 1200 2250 finem
1245 2200 1487 2250 ultimum
1530 2200 1708 2250 habet.
1789 2199 1944 2265 Ergo
1985 2199 2102 2249 finis

197 2284 412 2334 ultimus
453 2285 760 2334 tendentiae
800 2284 1135 2349 vegetativae
1177 2291 1228 2332 et
1269 2283 1549 2332 sensitivae
1589 2283 1733 2332 idem
1773 2291 1854 2332 θεῖ
1891 2299 1954 2332 ac
1993 2290 2102 2332 ten-

198 2368 409 2418 dentiae
438 2367 721 2427 rafionalis,
752 2383 815 2416 ac
845 2367 1069 2432 proinde
1098 2365 1216 2415 illae
1246 2383 1310 2415 eo
1339 2366 1457 2431 ipso
1486 2365 1647 2414 finem
1676 2381 1830 2414 suum
1859 2363 2101 2414 ultimum

198 2459 611 2516 consequuntur,
663 2450 811 2515 quod
853 2465 974 2514 pars
1016 2436 1311 2498 rationalis
1326 2465 1421 2513 per
1461 2448 1641 2496 Deum
1681 2447 1883 2497 beatur.

206 2609 301 2661 19.
407 2597 583 2647 Sclzol.
653 2597 995 2647 Resurrectio
1024 2605 1305 2661 corporane
1344 2596 1390 2659 Ι)
1420 2613 1527 2645 non
1556 2595 1836 2661 requiritur
1857 2594 2103 2644 essentia-

197 2681 326 2731 liter
365 2681 433 2730 ad
488 2681 876 2730 beatitudinem
928 2679 1221 2745 perfectam
1273 2678 1501 2727 hominis
1541 2678 1593 2727 in
1635 2677 1820 2727 ordine
1861 2675 2099 2727 naturali.

206 2763 522 2812 «Beatitudo
575 2764 714 2812 enim
768 2771 847 2812 est
900 2761 1157 2828 perfectio
1210 2761 1416 2810 animae
1467 2777 1537 2810 ex
1587 2766 1739 2826 parte
1785 2758 2099 2820 intellectus,

197 2846 495 2895 secundum
555 2863 717 2911 quem
778 2846 951 2894 anima
1011 2844 1340 2894 transcendit
1400 2843 1640 2908 corporis
1700 2857 1931 2907 organa,
1993 2857 2103 2891 non

198 2935 378 2977 autem
417 2928 713 2977 secundum
755 2927 903 2993 quod
944 2935 1025 2976 est
1066 2925 1236 2975 forma
1277 2925 1544 2991 corporis»
1599 2923 1673 2989 (S.
1726 2923 1912 2972 Tlmm.
1965 2937 2006 2983 Ι,
2052 2936 2099 2984 2,

199 3028 248 3076 q.
280 3024 329 3072 4,
373 3026 417 3059 a.
454 3020 476 3074 5
511 3010 578 3059 ad
617 3007 679 3078 Ι).
743 3010 885 3059 Hinc
927 3010 1085 3058 etiam
1128 3025 1223 3074 per
1258 3008 1497 3073 corporis
1526 3006 1966 3056 resurrectionem
1994 3022 2102 3055 non

200 3100 460 3142 cresceret
500 3092 778 3141 beatitudo
819 3092 1092 3157 intensive,
1136 3091 1231 3140 sed
1273 3089 1448 3140 solum
1490 3089 1763 3138 extensive
1797 3086 1871 3152 (S.
1912 3087 2098 3137 leom.

199 3173 229 3223 l.
268 3191 311 3224 c.
356 3175 423 3223 ad
458 3175 522 3238 5).
555 3204 626 3208 --
653 3174 846 3239 Neque
889 3174 940 3238 2)
982 3174 1258 3238 requiritur
1297 3179 1354 3221 ut
1390 3170 1702 3220 attributum
1743 3168 2100 3219 beatitudinis.

199 3255 315 3306 Aut
365 3257 506 3306 enim
557 3255 732 3305 anima
783 3264 908 3321 post
949 3263 1179 3305 mortem
1219 3254 1386 3319 exigit
1425 3253 1613 3302 iterum
1653 3252 1787 3301 uniri
1828 3269 1950 3301 cum
1992 3268 2102 3300 cor-

200 3355 330 3404 pore
371 3337 698 3404 corruptibili
738 3346 829 3387 aut
871 3354 991 3387 cum
1033 3353 1259 3402 corpore
1300 3333 1700 3400 incorruptibili.
1769 3333 1944 3399 Atqui
1979 3345 2115 3382 neu-·
2154 3365 2159 3369 -

201 3427 337 3469 trum
388 3421 489 3470 dici
530 3427 724 3486 potest.
806 3419 932 3468 Non
980 3425 1074 3480 ΙΨ,
1129 3434 1253 3467 nam
1293 3418 1367 3467 sic
1407 3416 1573 3466 homo
1614 3418 1806 3466 iterum
1845 3415 2103 3466 incideret
