2182 3682
204 163 311 228 436
610 172 726 202 PARS
761 173 809 203 11.
857 172 1172 202 PHILOSOPHIA
1205 171 1411 201 MORALIS
1446 171 1696 201 SPECIALIS.

205 311 435 362 caritatis
487 310 803 378 neglegant,
859 319 917 361 ut
958 311 1147 360 divites
1188 310 1461 376 operarios
1501 308 1829 376 exspolient,
1886 311 2111 377 operarii

202 394 390 444 divites
446 394 572 444 odio
629 403 683 444 et
736 393 932 444 invidia
987 401 1380 459 prosequantur
1435 401 1597 459 atque
1651 394 1703 443 in
1759 410 1943 443 eorum
1996 411 2109 461 per-

200 478 388 527 niciem
443 477 762 543 conspirent.
845 473 1000 540 Quae
1054 475 1379 541 conspiratio
1421 492 1753 542 magnopere
1792 476 2000 526 iuvatur
2037 477 2109 526 in-

200 560 347 626 genti
387 576 609 609 numero
652 558 1041 625 operariorum,
1087 575 1222 624 quos
1262 558 1518 607 industria
1559 558 1819 608 moderna
1857 559 1910 608 in
1949 558 2110 610 urbes

200 659 530 707 congregare
582 640 733 691 solet.
815 640 1098 691 Machinae
1150 641 1290 690 enim
1342 657 1505 707 saepe
1545 641 1818 707 requirunt
1857 640 2110 707 plurimas

205 741 487 785 «manus»,
543 733 595 773 et
643 723 874 773 fabricae
915 740 1087 773 novae
1128 722 1443 790 plerumque
1483 724 1535 772 in
1574 724 1844 774 vicinitate
1884 723 2108 774 aliorum

198 808 398 857 exstrui
439 806 655 857 debent.

276 903 322 954 3.
376 889 462 939 Ex
523 889 676 939 dictis
736 888 1012 954 hucusque
1072 896 1251 954 patet:
1313 889 1363 953 a)
1424 888 1795 955 quaestionem
1853 887 2108 939 socialem

197 972 395 1022 directe
417 980 470 1021 et
490 971 800 1021 immediate
822 988 937 1021 esse
960 971 1329 1037 quaestionem
1354 972 1774 1022 oeconomicam.
1825 970 2108 1021 Problema

196 1056 351 1116 enim,
396 1054 544 1120 quod
585 1054 893 1104 immediate
934 1053 1162 1120 respicit,
1209 1063 1314 1103 est:
1359 1071 1468 1120 quo
1503 1063 1665 1120 pacto
1695 1055 1915 1120 aequior
1942 1054 2107 1104 distri-

195 1137 345 1187 butio
388 1138 655 1187 bonorum
695 1135 1072 1203 temporalium
1115 1136 1341 1186 obtineri
1382 1145 1436 1186 et
1477 1154 1585 1202 pax
1624 1137 1759 1186 inter
1792 1136 2107 1202 proletarios

195 1229 249 1270 et
300 1220 487 1270 divites
540 1220 795 1285 componi
847 1219 1029 1286 possit.
1112 1219 1380 1268 Indirecte
1420 1236 1545 1268 vero
1599 1228 1653 1268 et
1691 1219 1924 1269 mediate
1973 1218 2106 1269 haec

195 1303 438 1368 quaestio
481 1311 562 1352 est
603 1303 778 1362 etiam,
831 1302 994 1351 immo
1038 1302 1286 1360 maxime,
1332 1300 1579 1367 religiosa
1619 1310 1672 1351 et
1712 1301 1940 1363 moralis,
1984 1302 2107 1368 quia

195 1402 382 1435 causas
432 1402 552 1434 suas
593 1402 701 1434 non
742 1383 917 1434 solum
957 1385 1008 1433 in
1051 1384 1238 1433 ordine
1280 1384 1661 1445 oeconomico,
1716 1385 1812 1434 sed
1854 1384 2014 1434 etiam
2052 1384 2106 1434 in

195 1468 381 1517 ordine
432 1466 619 1517 morali
671 1476 723 1516 et
775 1466 1022 1532 religioso
1076 1466 1254 1517 habet.
1336 1467 1392 1531 b)
1435 1465 1693 1531 Quaestio
1746 1466 1956 1516 socialis
1996 1484 2105 1516 non

193 1551 335 1617 apud
377 1567 564 1600 omnes
606 1549 839 1616 populos
880 1549 1170 1599 hodiernos
1212 1550 1440 1610 exsistit,
1484 1549 1580 1599 sed
1622 1549 1767 1616 apud
1809 1566 1902 1599 eos
1941 1548 2101 1610 solos,

193 1634 283 1683 ubi
323 1634 469 1699 viget
509 1632 765 1682 industria
806 1632 1080 1682 moderna.

196 1778 342 1844 596.
423 1781 484 1832 Π.
546 1780 751 1831 [farfae
804 1780 1076 1846 opiniones
1127 1780 1192 1830 de
1243 1780 1396 1830 modo
1447 1780 1695 1830 solvendi
1743 1780 2102 1846 quaestionem

190 1863 462 1915 socialem.

273 1978 313 2014 Ι.
360 1962 682 2014 Socialislae
721 1962 1085 2023 democratia,
1127 1963 1215 2029 qui
1256 1962 1415 2012 etiam
1456 1961 1754 2012 socialistae
1793 1961 2106 2028 simpliciter

191 2055 475 2107 vocantur,
530 2054 806 2112 tamquam
860 2046 1062 2095 fontem
1117 2046 1355 2094 omnium
1398 2044 1659 2094 malorum
1702 2045 1973 2095 societatis
2012 2043 2103 2094 ho-

192 2129 405 2178 diernae
471 2129 811 2179 considerant
877 2129 1261 2194 proprietatem
1327 2128 1587 2194 privatam
1654 2127 1922 2177 bonorum
1987 2144 2103 2193 pro-

192 2211 544 2261 ductivorum.
615 2211 755 2260 Hinc
784 2210 971 2261 volunt
1010 2210 1218 2260 solvere
1253 2211 1626 2276 quaestionem
1653 2209 1907 2260 socialem
1941 2218 2103 2259 trans-

191 2293 411 2344 ferendo
466 2294 761 2343 dominium
813 2293 1080 2342 bonorum
1131 2293 1572 2359 productivorum
1624 2293 1675 2341 in
1728 2300 1900 2342 totam
1939 2291 2103 2341 socie-

191 2385 357 2426 tatem
409 2376 615 2426 civilem
667 2384 719 2425 et
774 2393 869 2442 per
910 2376 1138 2425 eandem
1179 2383 1348 2425 totam
1392 2375 1804 2441 productionem
1845 2383 1898 2424 et
1938 2374 2104 2424 distri-

190 2459 463 2508 butionem
506 2459 894 2524 productorum
936 2458 1196 2508 ordinare.
1267 2456 1447 2522 Quam
1487 2457 1805 2507 sententiam
1845 2457 1951 2507 iam
1978 2455 2102 2506 alibi

189 2550 246 2590 ut
287 2541 573 2591 absurdam
615 2541 890 2590 reiecimus
931 2541 1000 2605 (n.
1049 2554 1153 2604 329
1194 2541 1333 2606 sqq).

266 2637 312 2673 2.
368 2623 735 2673 Anarcllisz‘ae
795 2640 916 2673 cum
977 2622 1254 2672 socialistis
1309 2623 1360 2672 in
1417 2639 1482 2672 eo
1541 2622 1890 2682 conveniunt,
1953 2621 2101 2687 quod

189 2706 572 2772 proprietatem
606 2706 866 2771 privatam
895 2707 1162 2755 bonorum
1191 2705 1634 2771 productivorum
1663 2712 1721 2753 ut
1747 2703 2101 2770 perniciosam

191 2789 460 2838 damnant.
531 2786 827 2852 Quomodo
868 2805 898 2837 a
936 2787 1214 2837 socialistis
1244 2787 1504 2847 differant,
1548 2787 1651 2836 iam
1680 2802 1840 2852 supra
1869 2787 1938 2850 (n.
1973 2786 2100 2851 327>

190 2871 497 2936 expositum
539 2878 632 2920 est.
714 2869 1118 2919 Refutationem
1158 2869 1475 2919 anarchismi
1515 2869 1637 2918 vide
1677 2886 1726 2917 n.
1772 2882 1799 2932 3
1812 2878 1893 2931 50.

267 2966 311 3016 3.
381 2951 705 3002 Sociczlistae
770 2952 999 3017 agrarii
1070 2953 1379 3002 existimant
1451 2951 1793 3017 praecipuam
1867 2950 2100 2999 radicem

190 3035 426 3084 omnium
467 3035 574 3084 fere
615 3034 878 3084 malorum
919 3051 1035 3083 esse
1076 3035 1462 3100 proprietatem
1502 3033 1764 3099 privatam
1793 3031 2096 3092 fundorum,

189 3134 351 3182 quam
401 3117 627 3182 proinde
679 3115 895 3166 abolere
936 3116 1234 3166 intendunt.
1316 3116 1427 3165 Eos
1470 3114 1577 3164 falli
1617 3122 1671 3164 et
1710 3131 1821 3164 rem
1861 3114 2099 3180 impossi-

189 3198 350 3248 bilem
391 3198 562 3248 moliri
601 3215 760 3264 supra
802 3199 870 3262 (n.
917 3198 1229 3262 352—362)
1272 3197 1771 3247 demonstravimus,

262 3294 312 3342 4.
358 3279 678 3330 Socialz'stae
731 3279 911 3330 Status
962 3297 1099 3346 quos
1152 3288 1349 3329 vocant
1402 3277 1927 3343 (Staatssocialisten)
1981 3294 2098 3344 pro-

188 3363 467 3427 prietatem
502 3364 762 3428 privatam
791 3363 1057 3413 bonorum
1088 3361 1527 3428 productivorum
1556 3361 1852 3427 generatim
1879 3358 2097 3410 abolere
